{"gold_per_floor":[367,367,367,43,63,63,76,107,107,7,7,26,37,55,55,152,152,169,44,58,71,71,71,87,98,98,109,109,109,109,137,137,233,233,244,244,255,265,7,39,39,71,71,71,71,88,12,29,29,29],"floor_reached":51,"playtime":3055,"items_purged":["Strike_G","Strike_G","Strike_G"],"score":806,"play_id":"90e8cb15-1cb4-4b91-ba32-dec6a246ed73","local_time":"20190404011042","is_ascension_mode":true,"campfire_choices":[{"data":"Neutralize","floor":6.0,"key":"SMITH"},{"floor":11.0,"key":"REST"},{"floor":15,"key":"REST"},{"floor":23,"key":"REST"},{"floor":28,"key":"REST"},{"floor":30,"key":"REST"},{"floor":32,"key":"REST"},{"floor":41,"key":"REST"},{"data":"A Thousand Cuts","floor":45,"key":"SMITH"},{"floor":49,"key":"REST"}],"neow_cost":"TEN_PERCENT_HP_LOSS","seed_source_timestamp":0,"circlet_count":0,"master_deck":["Survivor","Neutralize+1","Predator+1","Prepared","Dagger Spray+1","Cloak And Dagger","Outmaneuver","Predator","Corpse Explosion","Predator+1","All Out Attack+1","Cloak And Dagger","Necronomicurse","Cloak And Dagger+1","A Thousand Cuts+1","Flying Knee+1","Backflip"],"special_seed":0,"relics":["Ring of the Snake","Letter Opener","Paper Crane","Kunai","Ancient Tea Set","Velvet Choker","Mango","Necronomicon","Whetstone","Pandora\u0027s Box","Mercury Hourglass","Orichalcum","Boot","Incense Burner"],"potions_floor_usage":[18,21,21,33,33,38,40,50,50],"damage_taken":[{"damage":2.0,"enemies":"Small Slimes","floor":1.0,"turns":6.0},{"damage":6.0,"enemies":"Jaw Worm","floor":5.0,"turns":5.0},{"damage":3.0,"enemies":"Cultist","floor":7.0,"turns":3.0},{"damage":18.0,"enemies":"Gremlin Nob","floor":8.0,"turns":4.0},{"damage":0.0,"enemies":"Lots of Slimes","floor":12.0,"turns":2.0},{"damage":5,"enemies":"Gremlin Gang","floor":13,"turns":3},{"damage":8,"enemies":"Blue Slaver","floor":14,"turns":3},{"damage":14,"enemies":"The Guardian","floor":16,"turns":13},{"damage":11,"enemies":"2 Thieves","floor":18,"turns":2},{"damage":12,"enemies":"Chosen","floor":20,"turns":3},{"damage":15,"enemies":"Centurion and Healer","floor":21,"turns":4},{"damage":6,"enemies":"Cultist and Chosen","floor":24,"turns":2},{"damage":1,"enemies":"Snecko","floor":25,"turns":4},{"damage":23,"enemies":"Sentry and Sphere","floor":27,"turns":6},{"damage":19,"enemies":"Slavers","floor":31,"turns":2},{"damage":12,"enemies":"Champ","floor":33,"turns":10},{"damage":2,"enemies":"Orb Walker","floor":35,"turns":2},{"damage":7,"enemies":"3 Shapes","floor":37,"turns":3},{"damage":11,"enemies":"Sphere and 2 Shapes","floor":38,"turns":3},{"damage":22,"enemies":"Reptomancer","floor":40,"turns":5},{"damage":11,"enemies":"Giant Head","floor":42,"turns":8},{"damage":2,"enemies":"3 Darklings","floor":46,"turns":3},{"damage":8,"enemies":"Jaw Worm Horde","floor":48,"turns":2},{"damage":38,"enemies":"Awakened One","floor":50,"turns":10}],"seed_played":"-2760607065459257948","potions_obtained":[{"floor":1.0,"key":"Dexterity Potion"},{"floor":13,"key":"GamblersBrew"},{"floor":16,"key":"SteroidPotion"},{"floor":18,"key":"SteroidPotion"},{"floor":25,"key":"Poison Potion"},{"floor":31,"key":"SpeedPotion"},{"floor":37,"key":"AttackPotion"},{"floor":40,"key":"Poison Potion"}],"is_trial":false,"path_per_floor":["M","?","?","$","M","R","M","E","T","$","R","M","M","M","R","B",null,"M","$","M","M","$","R","M","M","T","M","R","?","R","E","R","B",null,"M","?","M","M","$","E","R","E","T","?","R","M","$","M","R","B",null],"character_chosen":"THE_SILENT","items_purchased":["Paper Crane","Mercury Hourglass","Backflip","SkillPotion"],"campfire_rested":8,"item_purchase_floors":[4,39,47,47],"current_hp_per_floor":[61,49,49,49,43,43,40,22,22,22,40,40,35,27,45,31,63,52,52,40,25,25,43,37,36,50,27,50,34,57,38,61,49,77,75,73,66,55,55,33,54,43,43,43,43,41,41,33,54,16],"gold":29,"neow_bonus":"TWO_FIFTY_GOLD","is_prod":false,"is_daily":false,"chose_seed":false,"campfire_upgraded":2,"win_rate":0,"timestamp":1554365442,"path_taken":["M","?","?","$","M","R","?","E","T","?","R","M","?","M","R","BOSS","M","$","M","M","$","R","M","?","T","M","R","?","R","E","R","BOSS","M","?","M","M","$","E","R","E","T","?","R","?","?","?","R","BOSS"],"build_version":"2019-01-23","purchased_purges":3,"victory":true,"max_hp_per_floor":[63,63,63,63,63,63,63,63,63,63,63,63,63,63,63,63,63,63,63,63,63,63,63,63,63,77,77,77,77,77,77,77,77,77,77,73,73,73,73,73,73,73,73,73,73,73,73,73,73,73],"card_choices":[{"not_picked":["PiercingWail","Deflect"],"picked":"Predator","floor":1.0},{"not_picked":["Deflect","Sucker Punch"],"picked":"Prepared","floor":5.0},{"not_picked":["Flying Knee","Catalyst"],"picked":"Dagger Spray","floor":7.0},{"not_picked":["Riddle With Holes","Malaise","Predator"],"picked":"SKIP","floor":8.0},{"not_picked":["Sucker Punch","Riddle With Holes"],"picked":"Cloak And Dagger","floor":12.0},{"not_picked":["Deadly Poison","Sucker Punch"],"picked":"Outmaneuver","floor":13},{"not_picked":["Dagger Spray","Sucker Punch"],"picked":"Predator","floor":14},{"not_picked":["Grand Finale","A Thousand Cuts"],"picked":"Corpse Explosion","floor":16},{"not_picked":["Dagger Spray","Finisher"],"picked":"Predator+1","floor":18},{"not_picked":["Backstab","Blade Dance"],"picked":"All Out Attack+1","floor":20},{"not_picked":["Underhanded Strike+1","Prepared","Leg Sweep"],"picked":"SKIP","floor":21},{"not_picked":["Noxious Fumes","Dagger Throw","Choke+1"],"picked":"SKIP","floor":24},{"not_picked":["PiercingWail","Choke"],"picked":"Cloak And Dagger","floor":25},{"not_picked":["Quick Slash","Well Laid Plans+1","Tools of the Trade"],"picked":"SKIP","floor":27},{"not_picked":["Predator","Doppelganger"],"picked":"Cloak And Dagger+1","floor":31},{"not_picked":["Storm of Steel","Grand Finale"],"picked":"A Thousand Cuts","floor":33},{"not_picked":["Blade Dance","Prepared","Acrobatics+1"],"picked":"SKIP","floor":35},{"not_picked":["Dagger Spray","Poisoned Stab+1","Riddle With Holes+1"],"picked":"SKIP","floor":37},{"not_picked":["Prepared","Cloak And Dagger+1","Dagger Spray+1"],"picked":"SKIP","floor":38},{"not_picked":["Accuracy","Blade Dance+1"],"picked":"Flying Knee+1","floor":40},{"not_picked":["Tactician","All Out Attack","Heel Hook+1"],"picked":"SKIP","floor":42},{"not_picked":["Escape Plan+1","Unload","PiercingWail+1"],"picked":"SKIP","floor":46},{"not_picked":["Backflip","Riddle With Holes+1","PiercingWail+1"],"picked":"SKIP","floor":48}],"player_experience":300323,"relics_obtained":[{"floor":8.0,"key":"Kunai"},{"floor":9.0,"key":"Ancient Tea Set"},{"floor":26,"key":"Mango"},{"floor":29,"key":"Necronomicon"},{"floor":31,"key":"Whetstone"},{"floor":40,"key":"Orichalcum"},{"floor":42,"key":"Boot"},{"floor":43,"key":"Incense Burner"}],"event_choices":[{"damage_healed":0.0,"max_hp_gain":0.0,"max_hp_loss":0.0,"gold_gain":0.0,"event_name":"Scrap Ooze","player_choice":"Success","floor":2.0,"gold_loss":0.0,"damage_taken":12.0,"relics_obtained":["Letter Opener"]},{"damage_healed":0.0,"max_hp_gain":0.0,"max_hp_loss":0.0,"gold_gain":0.0,"event_name":"Upgrade Shrine","player_choice":"Upgraded","floor":3.0,"gold_loss":0.0,"damage_taken":0.0,"cards_upgraded":["Predator"]},{"damage_healed":0,"gold_gain":0,"player_choice":"Obtained Book","damage_taken":16,"max_hp_gain":0,"max_hp_loss":0,"event_name":"Cursed Tome","floor":29,"gold_loss":0},{"damage_healed":0,"gold_gain":0,"player_choice":"Max HP","damage_taken":0,"max_hp_gain":0,"max_hp_loss":4,"event_name":"Winding Halls","floor":36,"gold_loss":0},{"damage_healed":0,"gold_gain":0,"player_choice":"Bought 0 Potions","damage_taken":0,"max_hp_gain":0,"max_hp_loss":0,"event_name":"The Woman in Blue","floor":44,"gold_loss":0}],"is_beta":false,"boss_relics":[{"not_picked":["Fusion Hammer","WristBlade"],"picked":"Velvet Choker"},{"not_picked":["Runic Dome","Empty Cage"],"picked":"Pandora\u0027s Box"}],"items_purged_floors":[4,10,19],"is_endless":false,"potions_floor_spawned":[1,13,16,18,25,31,37,40],"ascension_level":3}