{"gold_per_floor":[213,223,238,238,9,9,38,38,38,73,73,93,113,170,170,266,266,284,209,221,238,52,52,84,84,135,135,61,79,79,95,95,95],"floor_reached":33,"playtime":2204,"items_purged":[],"score":367,"play_id":"fbe677d6-27ae-438d-b1e9-6dfe47230ab0","local_time":"20180829185831","is_ascension_mode":true,"campfire_choices":[{"data":"True Grit","floor":6,"key":"SMITH"},{"data":"Bash","floor":8,"key":"SMITH"},{"data":"Inflame","floor":11,"key":"SMITH"},{"data":"Heavy Blade","floor":15,"key":"SMITH"},{"data":"Apotheosis","floor":23,"key":"SMITH"},{"floor":25,"key":"REST"},{"floor":27,"key":"REST"},{"floor":32,"key":"REST"}],"neow_cost":"NONE","seed_source_timestamp":37753101039258,"circlet_count":0,"master_deck":["Defend_R","Defend_R","Defend_R","Defend_R","Bash+1","Metallicize","True Grit+1","Thunderclap","Inflame+1","Inflame","Feel No Pain","Heavy Blade+1","Clothesline","Infernal Blade","Juggernaut","Dual Wield","Whirlwind","Warcry","Apotheosis+1","Spot Weakness","Rage","Bite","Bite","Bite","Bite","Bite"],"relics":["Burning Blood","Art of War","Bottled Lightning","Pantograph","Sundial","Tiny Chest","Velvet Choker","Bag of Preparation","Vajra"],"potions_floor_usage":[7,14,16,21,24,24,31],"damage_taken":[{"damage":8,"enemies":"Jaw Worm","floor":1,"turns":5},{"damage":7,"enemies":"Small Slimes","floor":2,"turns":4},{"damage":0,"enemies":"2 Louse","floor":3,"turns":4},{"damage":25,"enemies":"Gremlin Nob","floor":7,"turns":5},{"damage":15,"enemies":"Lagavulin","floor":10,"turns":7},{"damage":6,"enemies":"Red Slaver","floor":12,"turns":4},{"damage":1,"enemies":"Blue Slaver","floor":13,"turns":5},{"damage":13,"enemies":"3 Sentries","floor":14,"turns":5},{"damage":36,"enemies":"Hexaghost","floor":16,"turns":7},{"damage":0,"enemies":"Chosen","floor":18,"turns":3},{"damage":26,"enemies":"3 Byrds","floor":20,"turns":5},{"damage":30,"enemies":"Snake Plant","floor":21,"turns":5},{"damage":48,"enemies":"Slavers","floor":24,"turns":5},{"damage":23,"enemies":"Centurion and Healer","floor":29,"turns":3},{"damage":31,"enemies":"Chosen and Byrds","floor":31,"turns":6},{"damage":83,"enemies":"Collector","floor":33,"turns":6}],"seed_played":"-1619631845279522656","potions_obtained":[{"floor":1,"key":"EssenceOfSteel"},{"floor":2,"key":"SpeedPotion"},{"floor":10,"key":"Weak Potion"},{"floor":13,"key":"Dexterity Potion"},{"floor":16,"key":"BloodPotion"},{"floor":18,"key":"GamblersBrew"},{"floor":29,"key":"SteroidPotion"},{"floor":31,"key":"SpeedPotion"}],"is_trial":false,"path_per_floor":["M","M","M","?","$","R","E","R","T","E","R","M","M","E","R","B",null,"M","?","M","M","$","R","E","R","T","R","$","M","?","M","R"],"character_chosen":"IRONCLAD","items_purchased":["Inflame","Art of War","Apotheosis","Spot Weakness"],"campfire_rested":3,"item_purchase_floors":[5,5,22,28],"current_hp_per_floor":[78,77,80,85,85,85,66,66,66,57,57,57,62,55,55,50,85,85,85,65,49,49,49,7,32,32,57,57,40,40,26,43,0],"gold":95,"neow_bonus":"HUNDRED_GOLD","is_prod":false,"is_daily":false,"chose_seed":false,"campfire_upgraded":5,"win_rate":0,"timestamp":1535565511,"path_taken":["M","M","M","?","$","R","E","R","T","E","R","M","M","E","R","BOSS","M","?","M","M","$","R","E","R","T","R","$","?","?","M","R","BOSS"],"build_version":"2018-08-23v2","purchased_purges":0,"victory":false,"max_hp_per_floor":[80,80,80,85,85,85,85,85,85,85,85,85,85,85,85,85,85,85,85,85,85,85,85,85,85,85,85,85,85,59,59,59,59],"card_choices":[{"not_picked":["Rupture","Perfected Strike"],"picked":"Metallicize","floor":1},{"not_picked":["Twin Strike","Combust"],"picked":"True Grit","floor":2},{"not_picked":["Power Through","Clash"],"picked":"Thunderclap","floor":3},{"not_picked":["Warcry","Fire Breathing"],"picked":"Inflame","floor":7},{"not_picked":["Thunderclap","Flex"],"picked":"Feel No Pain","floor":10},{"not_picked":["Pommel Strike","Warcry"],"picked":"Heavy Blade","floor":12},{"not_picked":["True Grit","Hemokinesis"],"picked":"Clothesline","floor":13},{"not_picked":["Feel No Pain","Battle Trance"],"picked":"Infernal Blade","floor":14},{"not_picked":["Exhume","Brutality"],"picked":"Juggernaut","floor":16},{"not_picked":["Thunderclap","Wild Strike"],"picked":"Dual Wield","floor":18},{"not_picked":["Perfected Strike","Sword Boomerang"],"picked":"Whirlwind","floor":20},{"not_picked":["Flex","Havoc+1"],"picked":"Warcry","floor":21},{"not_picked":["Feel No Pain","Armaments","Power Through"],"picked":"SKIP","floor":24},{"not_picked":["Exhume","Heavy Blade"],"picked":"Rage","floor":29},{"not_picked":["Warcry","Sentinel","Flex+1"],"picked":"SKIP","floor":31}],"player_experience":656583,"relics_obtained":[{"floor":7,"key":"Bottled Lightning"},{"floor":9,"key":"Pantograph"},{"floor":10,"key":"Sundial"},{"floor":14,"key":"Tiny Chest"},{"floor":24,"key":"Bag of Preparation"},{"floor":26,"key":"Vajra"}],"event_choices":[{"event_name":"Big Fish","player_choice":"Donut","floor":4,"damage_taken":0},{"event_name":"Beggar","player_choice":"Gave Gold","floor":19,"damage_taken":0},{"event_name":"Vampires","player_choice":"Became a vampire","floor":30,"damage_taken":0}],"is_beta":false,"boss_relics":[{"not_picked":["Busted Crown","Snecko Eye"],"picked":"Velvet Choker"}],"items_purged_floors":[],"is_endless":false,"potions_floor_spawned":[1,2,10,13,16,18,29,31],"killed_by":"Collector","ascension_level":4}