{"gold_per_floor":[115,115,131,131,22,22,56,69,69,84,84,84,98,147,147,243,243,259,278,278,278,278,278,293,193,220,95,95,95,125,125,125,227,227,247,97,197,197,22,22,22,35,35,35,35],"floor_reached":45,"playtime":1808,"items_purged":["Strike_G","Strike_G","Strike_G","Strike_G","Defend_G"],"score":498,"play_id":"1e0e33a3-f940-4da7-9641-c238026dca39","local_time":"20190210143455","is_ascension_mode":true,"campfire_choices":[{"data":"Noxious Fumes","floor":6,"key":"SMITH"},{"data":"Accuracy","floor":12,"key":"SMITH"},{"data":"Bane","floor":15,"key":"SMITH"},{"floor":23,"key":"REST"},{"floor":29,"key":"REST"},{"floor":32,"key":"REST"},{"floor":40,"key":"DIG"},{"data":"Footwork","floor":44,"key":"SMITH"}],"neow_cost":"NONE","seed_source_timestamp":105569441778900,"circlet_count":0,"master_deck":["Defend_G","Defend_G","Defend_G","Defend_G","Survivor","Neutralize","Accuracy+1","Cloak And Dagger","Noxious Fumes+1","Deadly Poison","Infinite Blades","Poisoned Stab","Bane+1","Cloak And Dagger+1","Bane+1","After Image","A Thousand Cuts","PiercingWail+1","Footwork+1","Blade Dance+1"],"relics":["Ring of the Snake","NeowsBlessing","The Specimen","PreservedInsect","Pantograph","Bronze Scales","WristBlade","Nilry\u0027s Codex","Shuriken","Centennial Puzzle","Shovel","Black Star","Prayer Wheel","Question Card","Frozen Egg 2"],"potions_floor_usage":[16,30,33,33,45],"damage_taken":[{"damage":0,"enemies":"2 Louse","floor":1,"turns":1},{"damage":0,"enemies":"Cultist","floor":3,"turns":1},{"damage":0,"enemies":"3 Sentries","floor":7,"turns":1},{"damage":0,"enemies":"Small Slimes","floor":8,"turns":3},{"damage":16,"enemies":"Exordium Thugs","floor":10,"turns":5},{"damage":8,"enemies":"Red Slaver","floor":13,"turns":4},{"damage":55,"enemies":"The Guardian","floor":16,"turns":8},{"damage":32,"enemies":"2 Thieves","floor":18,"turns":4},{"damage":0,"enemies":"Chosen","floor":19,"turns":4},{"damage":21,"enemies":"Centurion and Healer","floor":24,"turns":5},{"damage":32,"enemies":"Slavers","floor":30,"turns":4},{"damage":29,"enemies":"Collector","floor":33,"turns":6},{"damage":20,"enemies":"3 Darklings","floor":35,"turns":6},{"damage":19,"enemies":"Mind Bloom Boss Battle","floor":37,"turns":7},{"damage":37,"enemies":"Orb Walker","floor":42,"turns":4},{"damage":19,"enemies":"Writhing Mass","floor":45,"turns":2}],"seed_played":"-7897297484366201118","potions_obtained":[{"floor":1,"key":"GhostInAJar"},{"floor":10,"key":"SkillPotion"},{"floor":16,"key":"SpeedPotion"},{"floor":19,"key":"Poison Potion"},{"floor":30,"key":"Weak Potion"},{"floor":33,"key":"FearPotion"},{"floor":42,"key":"Weak Potion"}],"is_trial":false,"path_per_floor":["M","?","M","?","$","R","E","M","T","M","$","R","M","T","R","B",null,"M","M","?","?","T","R","M","$","T","$","?","R","E","$","R","B",null,"M","$","?","?","$","R","$","M","T","R","M"],"character_chosen":"THE_SILENT","items_purchased":["Noxious Fumes"],"campfire_rested":3,"item_purchase_floors":[5],"current_hp_per_floor":[70,70,70,75,75,75,75,75,75,59,59,59,51,51,51,20,75,43,43,27,27,27,49,28,28,28,28,28,50,18,18,40,36,75,55,55,56,56,56,56,56,19,19,19,0],"gold":35,"neow_bonus":"THREE_ENEMY_KILL","is_prod":false,"is_daily":false,"chose_seed":false,"campfire_upgraded":4,"win_rate":0,"timestamp":1549838095,"path_taken":["M","?","?","?","?","R","E","M","T","?","$","R","M","?","R","BOSS","M","M","?","?","?","R","?","$","T","$","?","R","E","?","R","BOSS","M","$","?","?","$","R","?","M","T","R","?"],"build_version":"2019-01-23","purchased_purges":5,"victory":false,"max_hp_per_floor":[70,70,70,75,75,75,75,75,75,75,75,75,75,75,75,75,75,75,75,75,75,75,75,75,75,75,75,75,75,75,75,75,75,75,75,75,75,71,71,71,71,71,71,71,71],"card_choices":[{"not_picked":["Tactician","Choke"],"picked":"Accuracy","floor":1},{"not_picked":["Caltrops","Quick Slash"],"picked":"Cloak And Dagger","floor":3},{"not_picked":["Leg Sweep","Choke"],"picked":"Deadly Poison","floor":7},{"not_picked":["Deadly Poison","Bane"],"picked":"Infinite Blades","floor":8},{"not_picked":["Deadly Poison","Prepared"],"picked":"Poisoned Stab","floor":10},{"not_picked":["Expertise","Doppelganger"],"picked":"Bane","floor":13},{"not_picked":["Sucker Punch+1","Dodge and Roll","Flying Knee"],"picked":"SKIP","floor":18},{"not_picked":["Finisher","Dagger Throw"],"picked":"Cloak And Dagger+1","floor":19},{"not_picked":["Sucker Punch","Dash"],"picked":"Bane+1","floor":24},{"not_picked":["Quick Slash","Bullet Time"],"picked":"After Image","floor":30},{"not_picked":["Tools of the Trade","Unload"],"picked":"A Thousand Cuts","floor":33},{"not_picked":["Underhanded Strike","Predator+1","Flying Knee+1"],"picked":"SKIP","floor":35},{"not_picked":["Heel Hook+1","Bane+1"],"picked":"PiercingWail+1","floor":37},{"not_picked":["Bane+1","Slice+1","Backflip+1"],"picked":"Footwork","floor":42},{"not_picked":["Dash+1","Deflect+1","Tactician+1"],"picked":"Blade Dance+1","floor":42}],"player_experience":109758,"relics_obtained":[{"floor":7,"key":"PreservedInsect"},{"floor":9,"key":"Pantograph"},{"floor":14,"key":"Bronze Scales"},{"floor":20,"key":"Nilry\u0027s Codex"},{"floor":22,"key":"Shuriken"},{"floor":26,"key":"Centennial Puzzle"},{"floor":30,"key":"Shovel"},{"floor":37,"key":"Prayer Wheel"},{"floor":40,"key":"Question Card"},{"floor":43,"key":"Frozen Egg 2"}],"event_choices":[{"damage_healed":0,"gold_gain":0,"player_choice":"Gave Potion","damage_taken":0,"relics_obtained":["The Specimen"],"max_hp_gain":0,"max_hp_loss":0,"event_name":"WeMeetAgain","floor":2,"gold_loss":0},{"damage_healed":0,"gold_gain":0,"player_choice":"Donut","damage_taken":0,"max_hp_gain":5,"max_hp_loss":0,"event_name":"Big Fish","floor":4,"gold_loss":0},{"damage_healed":0,"gold_gain":0,"player_choice":"Obtained Book","damage_taken":16,"max_hp_gain":0,"max_hp_loss":0,"event_name":"Cursed Tome","floor":20,"gold_loss":0},{"damage_healed":0,"gold_gain":0,"player_choice":"Ignored","damage_taken":0,"max_hp_gain":0,"max_hp_loss":0,"event_name":"The Mausoleum","floor":21,"gold_loss":0},{"cards_removed":["Strike_G"],"damage_healed":0,"gold_gain":0,"player_choice":"Purged","damage_taken":0,"max_hp_gain":0,"max_hp_loss":0,"event_name":"Purifier","floor":28,"gold_loss":0},{"damage_healed":0,"gold_gain":0,"player_choice":"Fight","damage_taken":0,"max_hp_gain":0,"max_hp_loss":0,"event_name":"MindBloom","floor":37,"gold_loss":0},{"damage_healed":0,"gold_gain":0,"player_choice":"Max HP","damage_taken":0,"max_hp_gain":0,"max_hp_loss":4,"event_name":"Winding Halls","floor":38,"gold_loss":0}],"is_beta":false,"boss_relics":[{"not_picked":["Calling Bell","Orrery"],"picked":"WristBlade"},{"not_picked":["Cursed Key","Fusion Hammer"],"picked":"Black Star"}],"items_purged_floors":[5,25,27,36,39],"is_endless":false,"potions_floor_spawned":[1,10,16,19,30,33,42],"killed_by":"Writhing Mass","ascension_level":1}