{"gold_per_floor":[114,114,1,18,18,18,32,48,75,175,28,28,28,47,47,145,145,165,40,40,58,58,58,71,104,104,104,117,117,127,127,127,127],"floor_reached":33,"playtime":1676,"items_purged":["Strike_R","Strike_R","Strike_R"],"score":488,"play_id":"27370544-2fd5-4f73-84f7-01c361e1c5cc","local_time":"20190501114600","is_ascension_mode":true,"campfire_choices":[{"data":"Metallicize","floor":6.0,"key":"SMITH"},{"data":"True Grit","floor":12.0,"key":"SMITH"},{"data":"True Grit","floor":15.0,"key":"SMITH"},{"data":"Juggernaut","floor":23.0,"key":"SMITH"},{"data":"Barricade","floor":27.0,"key":"SMITH"},{"floor":32,"key":"REST"}],"neow_cost":"TEN_PERCENT_HP_LOSS","seed_source_timestamp":0,"circlet_count":0,"master_deck":["AscendersBane","Strike_R","Defend_R","Defend_R","Defend_R","Defend_R","Bash","Barricade+1","Power Through","Metallicize+1","Thunderclap","True Grit+1","True Grit+1","Juggernaut+1","Metallicize"],"special_seed":0,"relics":["Burning Blood","Boot","Mark of Pain","Anchor","Red Skull"],"potions_floor_usage":[],"damage_taken":[{"damage":6.0,"enemies":"Cultist","floor":1.0,"turns":4.0},{"damage":0.0,"enemies":"2 Louse","floor":4.0,"turns":3.0},{"damage":4.0,"enemies":"Jaw Worm","floor":7.0,"turns":5.0},{"damage":15.0,"enemies":"Large Slime","floor":8.0,"turns":8.0},{"damage":15.0,"enemies":"Exordium Thugs","floor":14.0,"turns":6.0},{"damage":0.0,"enemies":"The Guardian","floor":16.0,"turns":30.0},{"damage":7.0,"enemies":"Chosen","floor":18.0,"turns":8.0},{"damage":8.0,"enemies":"Shell Parasite","floor":21.0,"turns":7.0},{"damage":20.0,"enemies":"Snake Plant","floor":24.0,"turns":5.0},{"damage":18.0,"enemies":"Book of Stabbing","floor":25.0,"turns":7.0},{"damage":27.0,"enemies":"Centurion and Healer","floor":28.0,"turns":6.0},{"damage":11,"enemies":"Cultist and Chosen","floor":30,"turns":7},{"damage":30,"enemies":"Collector","floor":33,"turns":16}],"seed_played":"5875975186325037516","potions_obtained":[{"floor":7.0,"key":"Dexterity Potion"},{"floor":8.0,"key":"EntropicBrew"},{"floor":21.0,"key":"Explosive Potion"},{"floor":24.0,"key":"LiquidBronze"}],"is_trial":false,"path_per_floor":["M","?","$","M","?","R","M","M","T","?","$","R","$","M","R","B",null,"M","$","?","M","$","R","M","E","T","R","M","$","M","?","R","B"],"character_chosen":"IRONCLAD","items_purchased":["Metallicize","True Grit"],"campfire_rested":1,"item_purchase_floors":[3,11],"current_hp_per_floor":[72,72,72,72,65,65,67,58,58,58,58,58,58,49,49,62,70,69,69,62,60,60,60,46,34,34,34,13,13,8,8,29,0],"gold":127,"neow_bonus":"THREE_RARE_CARDS","is_prod":false,"is_daily":false,"chose_seed":false,"campfire_upgraded":5,"win_rate":0,"timestamp":1556736360,"path_taken":["M","?","?","M","?","R","M","?","T","?","$","R","?","M","R","BOSS","M","$","?","M","$","R","M","E","T","R","M","?","?","?","R","BOSS"],"build_version":"2019-01-23","purchased_purges":3,"victory":false,"max_hp_per_floor":[72,72,72,72,72,72,72,72,72,72,72,72,72,72,72,72,72,72,72,72,72,72,72,72,72,72,72,72,72,72,72,72,72],"card_choices":[{"not_picked":["Demon Form","Bludgeon"],"picked":"Barricade","floor":0.0},{"not_picked":["Twin Strike","Pummel"],"picked":"Power Through","floor":1.0},{"not_picked":["Corruption","Perfected Strike"],"picked":"Thunderclap","floor":4.0},{"not_picked":["Evolve","Perfected Strike","Flex"],"picked":"SKIP","floor":7.0},{"not_picked":["Armaments","Anger","Perfected Strike"],"picked":"SKIP","floor":8.0},{"not_picked":["Disarm","Cleave"],"picked":"True Grit","floor":14.0},{"not_picked":["Impervious","Dark Embrace"],"picked":"Juggernaut","floor":16.0},{"not_picked":["Rage","Clothesline+1","Rupture"],"picked":"SKIP","floor":18.0},{"not_picked":["Whirlwind","Heavy Blade"],"picked":"Metallicize","floor":21.0},{"not_picked":["Clothesline","Evolve","Pommel Strike+1"],"picked":"SKIP","floor":24.0},{"not_picked":["Reckless Charge","Hemokinesis","Cleave"],"picked":"SKIP","floor":25.0},{"not_picked":["Searing Blow+1","Flex+1","Pummel"],"picked":"SKIP","floor":28.0},{"not_picked":["Clothesline","Pommel Strike","True Grit"],"picked":"SKIP","floor":30}],"player_experience":343924,"relics_obtained":[{"floor":9.0,"key":"Boot"},{"floor":25.0,"key":"Anchor"},{"floor":26.0,"key":"Red Skull"}],"event_choices":[{"damage_healed":0.0,"max_hp_gain":0.0,"max_hp_loss":0.0,"gold_gain":0.0,"event_name":"Match and Keep!","player_choice":"0 cards matched","floor":2.0,"gold_loss":0.0,"damage_taken":0.0,"cards_obtained":[]},{"cards_removed":["Strike_R"],"damage_healed":0.0,"max_hp_gain":0.0,"max_hp_loss":0.0,"gold_gain":0.0,"event_name":"Golden Wing","player_choice":"Card Removal","floor":5.0,"gold_loss":0.0,"damage_taken":7.0},{"damage_healed":0.0,"max_hp_gain":0.0,"max_hp_loss":0.0,"gold_gain":100.0,"event_name":"Wheel of Change","player_choice":"Gold","floor":10.0,"gold_loss":0.0,"damage_taken":0.0},{"damage_healed":0.0,"max_hp_gain":0.0,"max_hp_loss":0.0,"gold_gain":0.0,"event_name":"Wheel of Change","player_choice":"Damaged","floor":20.0,"gold_loss":0.0,"damage_taken":7.0}],"is_beta":false,"boss_relics":[{"not_picked":["Tiny House","Cursed Key"],"picked":"Mark of Pain"}],"items_purged_floors":[3,11,19],"is_endless":false,"potions_floor_spawned":[7,8,21,24],"killed_by":"Collector","ascension_level":12}