{"gold_per_floor":[117,117,42,42,142,142,170,170,170,170,181,192,224,240,240,336,336,348,248,261,280,280],"floor_reached":22,"playtime":905,"items_purged":["Strike_G","Strike_G"],"score":307,"play_id":"7cae4079-9ca2-4b8b-852f-61f931866be0","local_time":"20190528144357","is_ascension_mode":true,"campfire_choices":[{"data":"Neutralize","floor":6.0,"key":"SMITH"},{"data":"Blade Dance","floor":8.0,"key":"SMITH"},{"data":"Survivor","floor":10.0,"key":"SMITH"},{"data":"Deadly Poison","floor":15.0,"key":"SMITH"}],"neow_cost":"NONE","seed_source_timestamp":0,"circlet_count":0,"master_deck":["Defend_G","Defend_G","Defend_G","Defend_G","Defend_G","Strike_G","Strike_G","Survivor+1","Neutralize+1","Blade Dance+1","Deadly Poison+1","Bouncing Flask","Deadly Poison"],"special_seed":0,"relics":["Ring of the Snake","NeowsBlessing","Bronze Scales","Frozen Egg 2","Regal Pillow"],"potions_floor_usage":[],"damage_taken":[{"damage":0.0,"enemies":"2 Louse","floor":1.0,"turns":1.0},{"damage":0.0,"enemies":"3 Sentries","floor":7.0,"turns":1.0},{"damage":0.0,"enemies":"Small Slimes","floor":11.0,"turns":1.0},{"damage":0.0,"enemies":"Cultist","floor":12.0,"turns":3.0},{"damage":24.0,"enemies":"Gremlin Nob","floor":13.0,"turns":4.0},{"damage":1.0,"enemies":"Looter","floor":14.0,"turns":3.0},{"damage":14.0,"enemies":"The Guardian","floor":16.0,"turns":8.0},{"damage":0.0,"enemies":"3 Byrds","floor":18.0,"turns":3.0},{"damage":19.0,"enemies":"2 Thieves","floor":20.0,"turns":4.0},{"damage":29.0,"enemies":"Cultist and Chosen","floor":21.0,"turns":7.0},{"damage":21,"enemies":"3 Cultists","floor":22,"turns":4}],"seed_played":"936857365461776356","potions_obtained":[{"floor":11.0,"key":"LiquidBronze"},{"floor":16.0,"key":"Fire Potion"},{"floor":20.0,"key":"Energy Potion"}],"is_trial":false,"path_per_floor":["M","?","$","?","?","R","E","R","T","R","M","M","E","M","R","B",null,"M","$","M","M","M"],"character_chosen":"THE_SILENT","items_purchased":[],"campfire_rested":0,"item_purchase_floors":[],"current_hp_per_floor":[63,63,63,68,68,68,68,68,68,68,68,68,44,43,43,29,64,64,64,45,16,0],"gold":280,"neow_bonus":"THREE_ENEMY_KILL","is_prod":false,"is_daily":false,"chose_seed":false,"campfire_upgraded":4,"win_rate":0,"timestamp":1559079837,"path_taken":["M","?","$","?","?","R","E","R","T","R","M","M","E","M","R","BOSS","M","$","?","M","M"],"build_version":"2019-01-23","purchased_purges":2,"victory":false,"max_hp_per_floor":[70,70,70,75,75,75,75,75,75,75,75,75,75,75,75,75,75,75,75,75,75,75],"card_choices":[{"not_picked":["Acrobatics","Slice","Underhanded Strike"],"picked":"SKIP","floor":1.0},{"not_picked":["Accuracy","Cloak And Dagger"],"picked":"Blade Dance","floor":7.0},{"not_picked":["Deflect","Dagger Throw"],"picked":"Deadly Poison","floor":11.0},{"not_picked":["Blur","Sucker Punch"],"picked":"Bouncing Flask","floor":12.0},{"not_picked":["After Image+1","Outmaneuver"],"picked":"Deadly Poison","floor":13.0},{"not_picked":["Masterful Stab","Distraction","Underhanded Strike"],"picked":"SKIP","floor":14.0},{"not_picked":["Dodge and Roll","Leg Sweep","Blur"],"picked":"SKIP","floor":18.0},{"not_picked":["Dodge and Roll","Backstab","Deflect+1"],"picked":"SKIP","floor":20.0},{"not_picked":["Slice","Reflex+1","Quick Slash"],"picked":"SKIP","floor":21}],"player_experience":420121,"relics_obtained":[{"floor":7.0,"key":"Bronze Scales"},{"floor":9.0,"key":"Frozen Egg 2"},{"floor":13.0,"key":"Regal Pillow"}],"event_choices":[{"cards_removed":["Strike_G"],"damage_healed":0.0,"max_hp_gain":0.0,"max_hp_loss":0.0,"gold_gain":0.0,"event_name":"Living Wall","player_choice":"Forget","floor":2.0,"gold_loss":0.0,"damage_taken":0.0},{"damage_healed":0.0,"max_hp_gain":5.0,"max_hp_loss":0.0,"gold_gain":0.0,"event_name":"Big Fish","player_choice":"Donut","floor":4.0,"gold_loss":0.0,"damage_taken":0.0},{"damage_healed":0.0,"max_hp_gain":0.0,"max_hp_loss":0.0,"gold_gain":100.0,"event_name":"Golden Shrine","player_choice":"Pray","floor":5.0,"gold_loss":0.0,"damage_taken":0.0}],"is_beta":false,"boss_relics":[{"not_picked":["Runic Pyramid","HoveringKite","Ectoplasm"]}],"items_purged_floors":[3,19],"is_endless":false,"potions_floor_spawned":[11,16,20],"killed_by":"3 Cultists","ascension_level":8}