{"gold_per_floor":[116,126,141,66,66,66,166,166,166,166,184,197,97,97,97,226,226,245,268,282,207,207,207,13,33,60,60,10,10,50,75,75,198,198,217,217,167,180,194,232,232,248,248,289,289,0,25,150,150,150],"floor_reached":51,"playtime":1607,"items_purged":["Strike_R","Strike_R","Strike_R","Defend_R","Parasite"],"score":1258,"play_id":"f8ae840d-c036-4396-80a9-37204bbf2344","local_time":"20190501022027","is_ascension_mode":true,"campfire_choices":[{"data":"Flex","floor":6.0,"key":"SMITH"},{"data":"Twin Strike","floor":8.0,"key":"SMITH"},{"data":"Defend_R","floor":10.0,"key":"SMITH"},{"data":"Sword Boomerang","floor":15.0,"key":"SMITH"},{"floor":23.0,"key":"REST"},{"data":"Defend_R","floor":27.0,"key":"SMITH"},{"floor":29.0,"key":"REST"},{"floor":32.0,"key":"REST"},{"floor":41.0,"key":"REST"},{"floor":49.0,"key":"REST"}],"neow_cost":"NONE","seed_source_timestamp":0,"circlet_count":0,"master_deck":["AscendersBane","Defend_R+1","Defend_R+1","Bash+1","Flex+1","Twin Strike+1","Sword Boomerang+1","Heavy Blade+1","Limit Break","Battle Trance+1"],"special_seed":0,"relics":["Burning Blood","Golden Idol","Pear","Calling Bell","Smiling Mask","Self Forming Clay","Pocketwatch","MutagenicStrength","ClockworkSouvenir","Happy Flower","Juzu Bracelet","Empty Cage","Calipers","Bag of Marbles","Oddly Smooth Stone","Gremlin Horn","Turnip"],"potions_floor_usage":[50,50],"damage_taken":[{"damage":10.0,"enemies":"Jaw Worm","floor":1.0,"turns":7.0},{"damage":14.0,"enemies":"Small Slimes","floor":2.0,"turns":4.0},{"damage":1.0,"enemies":"Cultist","floor":3.0,"turns":4.0},{"damage":13.0,"enemies":"Blue Slaver","floor":11.0,"turns":2.0},{"damage":17.0,"enemies":"Gremlin Gang","floor":12.0,"turns":4.0},{"damage":8.0,"enemies":"Slime Boss","floor":16.0,"turns":6.0},{"damage":28.0,"enemies":"2 Thieves","floor":18.0,"turns":3.0},{"damage":2.0,"enemies":"Spheric Guardian","floor":19.0,"turns":3.0},{"damage":30.0,"enemies":"Snake Plant","floor":20.0,"turns":4.0},{"damage":4.0,"enemies":"3 Cultists","floor":25.0,"turns":3.0},{"damage":20.0,"enemies":"Slavers","floor":30.0,"turns":3.0},{"damage":12.0,"enemies":"Cultist and Chosen","floor":31.0,"turns":3.0},{"damage":35.0,"enemies":"Collector","floor":33.0,"turns":6.0},{"damage":25.0,"enemies":"3 Darklings","floor":35.0,"turns":3.0},{"damage":21.0,"enemies":"3 Shapes","floor":38.0,"turns":3.0},{"damage":14.0,"enemies":"Writhing Mass","floor":39.0,"turns":4.0},{"damage":21.0,"enemies":"Reptomancer","floor":40.0,"turns":4.0},{"damage":38.0,"enemies":"4 Shapes","floor":42.0,"turns":4.0},{"damage":0.0,"enemies":"Giant Head","floor":44.0,"turns":5.0},{"damage":0.0,"enemies":"3 Darklings","floor":47.0,"turns":2.0},{"damage":0.0,"enemies":"Mind Bloom Boss Battle","floor":48.0,"turns":3.0},{"damage":48,"enemies":"Awakened One","floor":50,"turns":6}],"seed_played":"-7386753104077789192","potions_obtained":[{"floor":2.0,"key":"PowerPotion"},{"floor":16.0,"key":"GamblersBrew"},{"floor":25.0,"key":"Energy Potion"},{"floor":30.0,"key":"SpeedPotion"},{"floor":33.0,"key":"EssenceOfSteel"},{"floor":39.0,"key":"Ancient Potion"},{"floor":47.0,"key":"PowerPotion"}],"is_trial":false,"path_per_floor":["M","M","M","$","?","R","?","R","T","R","M","M","$","?","R","B",null,"M","M","M","?","?","R","$","M","T","R","$","R","E","M","R","B",null,"M","?","$","M","M","E","R","M","T","E","?","$","M","?","R","B",null],"character_chosen":"IRONCLAD","items_purchased":["ClockworkSouvenir","Gremlin Horn"],"campfire_rested":5,"item_purchase_floors":[24,46],"current_hp_per_floor":[68,60,65,65,65,65,65,65,75,75,68,57,57,57,57,55,77,55,59,35,35,35,60,60,62,62,62,62,84,70,64,84,55,77,58,58,58,43,35,20,45,13,13,19,19,19,25,31,55,13],"gold":150,"neow_bonus":"UPGRADE_CARD","is_prod":false,"is_daily":false,"chose_seed":false,"campfire_upgraded":5,"win_rate":0,"timestamp":1556702427,"path_taken":["M","M","M","$","?","R","?","R","T","R","?","M","$","?","R","BOSS","M","M","?","?","?","R","$","M","T","R","$","R","E","M","R","BOSS","M","?","$","M","M","E","R","M","T","E","?","$","M","?","R","BOSS"],"build_version":"2019-01-23","purchased_purges":5,"victory":true,"max_hp_per_floor":[80,80,80,80,74,74,74,74,84,84,84,84,84,84,84,84,84,84,84,84,84,84,84,84,84,84,84,84,84,84,84,84,84,84,84,84,84,84,84,84,84,84,84,84,84,81,81,81,81,81],"card_choices":[{"not_picked":["Shockwave","Shrug It Off"],"picked":"Flex","floor":1.0},{"not_picked":["Havoc","Rampage","Infernal Blade"],"picked":"SKIP","floor":2.0},{"not_picked":["Fire Breathing","Iron Wave"],"picked":"Twin Strike","floor":3.0},{"not_picked":["Pommel Strike","True Grit","Second Wind"],"picked":"SKIP","floor":11.0},{"not_picked":["Cleave","Double Tap"],"picked":"Sword Boomerang","floor":12.0},{"not_picked":["Clash","Uppercut+1","Dropkick"],"picked":"SKIP","floor":18.0},{"not_picked":["Metallicize","Body Slam","Feel No Pain+1"],"picked":"SKIP","floor":19.0},{"not_picked":["Cleave","Infernal Blade"],"picked":"Heavy Blade+1","floor":20.0},{"not_picked":["Intimidate","Havoc+1","Reckless Charge"],"picked":"SKIP","floor":25.0},{"not_picked":["Wild Strike","True Grit","Dual Wield"],"picked":"SKIP","floor":30.0},{"not_picked":["Carnage","Uppercut","Juggernaut"],"picked":"SKIP","floor":31.0},{"not_picked":["Barricade","Double Tap"],"picked":"Limit Break","floor":33.0},{"not_picked":["Clothesline+1","Hemokinesis","Flame Barrier"],"picked":"SKIP","floor":35.0},{"not_picked":["Clash+1","Wild Strike","Flame Barrier+1"],"picked":"SKIP","floor":38.0},{"not_picked":["Burning Pact","Headbutt"],"picked":"Battle Trance+1","floor":39.0},{"not_picked":["Pommel Strike","Anger+1","Ghostly Armor"],"picked":"SKIP","floor":40.0},{"not_picked":["Clash+1","True Grit","Fire Breathing"],"picked":"SKIP","floor":42.0},{"not_picked":["Disarm+1","Twin Strike+1","Clash"],"picked":"SKIP","floor":44.0},{"not_picked":["Wild Strike","Pommel Strike+1","Iron Wave+1"],"picked":"SKIP","floor":47.0}],"player_experience":341888,"relics_obtained":[{"floor":9.0,"key":"Pear"},{"floor":17.0,"key":"Smiling Mask"},{"floor":17.0,"key":"Self Forming Clay"},{"floor":17.0,"key":"Pocketwatch"},{"floor":26.0,"key":"Happy Flower"},{"floor":30.0,"key":"Juzu Bracelet"},{"floor":40.0,"key":"Calipers"},{"floor":43.0,"key":"Bag of Marbles"},{"floor":44.0,"key":"Oddly Smooth Stone"},{"floor":48.0,"key":"Turnip"}],"event_choices":[{"damage_healed":0.0,"max_hp_gain":0.0,"max_hp_loss":6.0,"gold_gain":0.0,"event_name":"Golden Idol","player_choice":"Lose Max HP","floor":5.0,"gold_loss":0.0,"damage_taken":0.0,"relics_obtained":["Golden Idol"]},{"damage_healed":0.0,"max_hp_gain":0.0,"max_hp_loss":0.0,"gold_gain":100.0,"event_name":"Golden Shrine","player_choice":"Pray","floor":7.0,"gold_loss":0.0,"damage_taken":0.0},{"damage_healed":0.0,"max_hp_gain":0.0,"max_hp_loss":0.0,"gold_gain":0.0,"event_name":"Wheel of Change","player_choice":"Cursed","floor":14.0,"gold_loss":0.0,"damage_taken":0.0,"cards_obtained":["Decay"]},{"cards_removed":["Decay"],"damage_healed":0.0,"max_hp_gain":0.0,"max_hp_loss":0.0,"gold_gain":0.0,"event_name":"Beggar","player_choice":"Gave Gold","floor":21.0,"gold_loss":75.0,"damage_taken":0.0},{"damage_healed":0.0,"max_hp_gain":0.0,"max_hp_loss":0.0,"gold_gain":0.0,"event_name":"Drug Dealer","player_choice":"Inject Mutagens","floor":22.0,"gold_loss":0.0,"damage_taken":0.0,"relics_obtained":["MutagenicStrength"]},{"damage_healed":0.0,"max_hp_gain":0.0,"max_hp_loss":0.0,"gold_gain":0.0,"event_name":"SensoryStone","player_choice":"Memory 1","floor":36.0,"gold_loss":0.0,"damage_taken":0.0},{"cards_removed":["Defend_R"],"damage_healed":0.0,"max_hp_gain":0.0,"max_hp_loss":0.0,"gold_gain":0.0,"event_name":"Falling","player_choice":"Removed Skill","floor":45.0,"gold_loss":0.0,"damage_taken":0.0},{"damage_healed":0.0,"max_hp_gain":0.0,"max_hp_loss":0.0,"gold_gain":0.0,"event_name":"MindBloom","player_choice":"Fight","floor":48.0,"gold_loss":0.0,"damage_taken":0.0}],"is_beta":false,"boss_relics":[{"not_picked":["Runic Dome","Busted Crown"],"picked":"Calling Bell"},{"not_picked":["White Beast Statue","Eternal Feather"],"picked":"Empty Cage"}],"items_purged_floors":[4,13,28,37,46],"is_endless":false,"potions_floor_spawned":[2,16,25,30,33,35,39,47],"ascension_level":11}