{"gold_per_floor":[114,130,230,248,268,268,288,301,355,369,389,422,422,422,422,422],"floor_reached":16,"playtime":726,"items_purged":[],"score":154,"play_id":"aa7838bf-c1f8-409e-9a37-6d957213eb65","local_time":"20190702213711","is_ascension_mode":true,"campfire_choices":[{"floor":6,"key":"REST"},{"floor":13,"key":"REST"},{"floor":15,"key":"REST"}],"neow_cost":"NONE","seed_source_timestamp":188209301392172,"circlet_count":0,"master_deck":["Strike_G","Strike_G","Strike_G","Strike_G","Strike_G","Defend_G+1","Defend_G","Defend_G","Defend_G+1","Defend_G","Survivor","Neutralize","Riddle With Holes","Adrenaline","Riddle With Holes","Predator","Injury"],"relics":["Snecko Eye","War Paint","Happy Flower","Golden Idol"],"potions_floor_usage":[8,12,12,16],"damage_taken":[{"damage":0,"enemies":"Cultist","floor":1,"turns":4},{"damage":0,"enemies":"2 Louse","floor":2,"turns":4},{"damage":0,"enemies":"Jaw Worm","floor":4,"turns":3},{"damage":15,"enemies":"Exordium Wildlife","floor":5,"turns":3},{"damage":0,"enemies":"Looter","floor":7,"turns":3},{"damage":1,"enemies":"3 Louse","floor":8,"turns":3},{"damage":25,"enemies":"Exordium Wildlife","floor":10,"turns":5},{"damage":1,"enemies":"2 Fungi Beasts","floor":11,"turns":4},{"damage":12,"enemies":"Gremlin Nob","floor":12,"turns":3},{"damage":70,"enemies":"Slime Boss","floor":16,"turns":14}],"seed_played":"6287285003609883407","potions_obtained":[{"floor":1,"key":"GamblersBrew"},{"floor":2,"key":"GhostInAJar"},{"floor":8,"key":"GamblersBrew"},{"floor":10,"key":"Weak Potion"},{"floor":11,"key":"AttackPotion"}],"is_trial":false,"path_per_floor":["M","M","?","M","M","R","M","M","T","M","M","E","R","?","R","B"],"character_chosen":"THE_SILENT","items_purchased":[],"campfire_rested":3,"item_purchase_floors":[],"current_hp_per_floor":[63,63,63,63,48,69,69,68,68,43,42,30,51,51,70,0],"gold":422,"neow_bonus":"BOSS_RELIC","is_prod":false,"is_daily":false,"chose_seed":false,"campfire_upgraded":0,"win_rate":0,"timestamp":1562117831,"path_taken":["M","?","?","?","M","R","M","M","T","M","M","E","R","?","R","BOSS"],"build_version":"2019-07-01","purchased_purges":0,"victory":false,"max_hp_per_floor":[70,70,70,70,70,70,70,70,70,70,70,70,70,70,70,70],"card_choices":[{"not_picked":["Heel Hook","Acrobatics"],"picked":"Riddle With Holes","floor":1},{"not_picked":["Acrobatics","Poisoned Stab","Deadly Poison"],"picked":"SKIP","floor":2},{"not_picked":["Acrobatics","Finisher","Outmaneuver"],"picked":"SKIP","floor":4},{"not_picked":["Poisoned Stab","Bane","All Out Attack"],"picked":"SKIP","floor":5},{"not_picked":["Acrobatics","Distraction","Expertise"],"picked":"SKIP","floor":7},{"not_picked":["Prepared","Underhanded Strike"],"picked":"Adrenaline","floor":8},{"not_picked":["Bane","Dagger Throw"],"picked":"Riddle With Holes","floor":10},{"not_picked":["Blur","Slice","Concentrate"],"picked":"SKIP","floor":11},{"not_picked":["Distraction","Sucker Punch"],"picked":"Predator","floor":12}],"player_experience":519672,"relics_obtained":[{"floor":9,"key":"War Paint"},{"floor":12,"key":"Happy Flower"}],"event_choices":[{"damage_healed":0,"gold_gain":100,"player_choice":"Pray","damage_taken":0,"max_hp_gain":0,"max_hp_loss":0,"event_name":"Golden Shrine","floor":3,"gold_loss":0},{"damage_healed":0,"gold_gain":0,"player_choice":"Take Wound","damage_taken":0,"relics_obtained":["Golden Idol"],"max_hp_gain":0,"max_hp_loss":0,"event_name":"Golden Idol","floor":14,"gold_loss":0,"cards_obtained":["Injury"]}],"is_beta":false,"boss_relics":[],"items_purged_floors":[],"is_endless":false,"potions_floor_spawned":[1,2,8,10,11],"killed_by":"Slime Boss","ascension_level":9}