{"gold_per_floor":[117,42,59,59,84,112,124,124,124,143,143,153,153,182,182,278,278,298,298,309,327,339,374,374,391,391,425,425,460,460,476,476,575,575,589,589,294,294,313,313,324,324,348,648,648,673,691,704,704,704],"floor_reached":51,"playtime":2444,"items_purged":["Strike_G","Strike_G"],"score":1077,"play_id":"5a4a42a2-1d73-4851-b80b-6c088767c9cf","local_time":"20190527135528","is_ascension_mode":true,"campfire_choices":[{"floor":8.0,"key":"REST"},{"data":"1","floor":11.0,"key":"LIFT"},{"data":"2","floor":13.0,"key":"LIFT"},{"floor":15.0,"key":"REST"},{"floor":24.0,"key":"REST"},{"data":"3","floor":30,"key":"LIFT"},{"floor":32,"key":"REST"},{"data":"Cloak And Dagger","floor":40,"key":"SMITH"},{"data":"Blade Dance","floor":42,"key":"SMITH"},{"data":"Terror","floor":45,"key":"SMITH"},{"floor":49,"key":"REST"}],"neow_cost":"NONE","seed_source_timestamp":0,"circlet_count":0,"master_deck":["Defend_G","Defend_G","Defend_G+1","Defend_G+1","Defend_G+1","Strike_G","Strike_G","Survivor","Neutralize","Glass Knife","Finisher+1","Flying Knee","Dagger Spray","Well Laid Plans","Adrenaline","Backflip+1","Terror+1","Glass Knife","Cloak And Dagger+1","Blade Dance+1","Cloak And Dagger+1","Blade Dance+1","Blade Dance+1","Dagger Spray+1"],"special_seed":0,"relics":["Ring of the Snake","Girya","Bottled Flame","Odd Mushroom","Philosopher\u0027s Stone","Nloth\u0027s Gift","Oddly Smooth Stone","Kunai","Frozen Egg 2","Boot","Red Mask","Sozu","Happy Flower","Strawberry","Sundial"],"potions_floor_usage":[27,33,50,50],"damage_taken":[{"damage":0.0,"enemies":"Cultist","floor":1.0,"turns":4.0},{"damage":0.0,"enemies":"Jaw Worm","floor":3.0,"turns":3.0},{"damage":32.0,"enemies":"Gremlin Nob","floor":6.0,"turns":5.0},{"damage":0.0,"enemies":"Small Slimes","floor":7.0,"turns":2.0},{"damage":0.0,"enemies":"Looter","floor":10.0,"turns":2.0},{"damage":0.0,"enemies":"Red Slaver","floor":12.0,"turns":2.0},{"damage":9.0,"enemies":"The Mushroom Lair","floor":14.0,"turns":2.0},{"damage":0.0,"enemies":"Slime Boss","floor":16.0,"turns":6.0},{"damage":0.0,"enemies":"3 Byrds","floor":18.0,"turns":3.0},{"damage":0.0,"enemies":"Chosen","floor":20.0,"turns":3.0},{"damage":0.0,"enemies":"Centurion and Healer","floor":21.0,"turns":3.0},{"damage":16.0,"enemies":"Snake Plant","floor":22.0,"turns":3.0},{"damage":32.0,"enemies":"Slavers","floor":23.0,"turns":5.0},{"damage":0.0,"enemies":"Sentry and Sphere","floor":25.0,"turns":4.0},{"damage":0,"enemies":"Gremlin Leader","floor":27,"turns":3},{"damage":2,"enemies":"Masked Bandits","floor":29,"turns":3},{"damage":0,"enemies":"Snecko","floor":31,"turns":3},{"damage":9,"enemies":"Champ","floor":33,"turns":6},{"damage":6,"enemies":"3 Darklings","floor":35,"turns":4},{"damage":0,"enemies":"3 Shapes","floor":39,"turns":1},{"damage":0,"enemies":"3 Darklings","floor":41,"turns":3},{"damage":9,"enemies":"Nemesis","floor":46,"turns":3},{"damage":0,"enemies":"Jaw Worm Horde","floor":47,"turns":2},{"damage":4,"enemies":"Maw","floor":48,"turns":5},{"damage":19,"enemies":"Awakened One","floor":50,"turns":13}],"seed_played":"3663595498274462467","potions_obtained":[{"floor":1.0,"key":"EssenceOfSteel"},{"floor":7.0,"key":"SteroidPotion"},{"floor":12.0,"key":"FearPotion"},{"floor":16.0,"key":"GamblersBrew"},{"floor":20.0,"key":"GamblersBrew"},{"floor":22.0,"key":"Poison Potion"},{"floor":23.0,"key":"PowerPotion"},{"floor":25.0,"key":"Swift Potion"},{"floor":29,"key":"Fire Potion"},{"floor":31,"key":"Dexterity Potion"}],"is_trial":false,"path_per_floor":["M","$","M","?","T","E","M","R","T","M","R","M","R","?","R","B",null,"M","?","M","M","M","E","R","M","T","E","T","?","R","M","R","B",null,"M","?","$","?","M","R","M","R","T","?","R","E","M","M","R","B",null],"character_chosen":"THE_SILENT","items_purchased":["Happy Flower","Cloak And Dagger"],"campfire_rested":5,"item_purchase_floors":[37,37],"current_hp_per_floor":[63,63,63,49,49,17,17,38,38,38,38,38,38,29,50,50,65,65,65,65,65,49,17,38,38,38,38,38,36,36,36,57,48,65,59,59,59,59,59,59,59,59,66,66,66,57,57,53,76,57],"gold":704,"neow_bonus":"ONE_RANDOM_RARE_CARD","is_prod":false,"is_daily":false,"chose_seed":false,"campfire_upgraded":3,"win_rate":0,"timestamp":1558990528,"path_taken":["M","$","?","?","?","E","?","R","T","M","R","M","R","?","R","BOSS","M","?","?","?","?","E","R","M","T","E","?","?","R","M","R","BOSS","M","?","$","?","M","R","?","R","T","?","R","E","?","M","R","BOSS"],"build_version":"2019-01-23","purchased_purges":2,"victory":true,"max_hp_per_floor":[70,70,70,70,70,70,70,70,70,70,70,70,70,70,70,70,70,70,70,70,70,70,70,70,70,70,70,70,70,70,70,70,70,70,70,70,70,70,70,70,70,70,77,77,77,77,77,77,77,77],"card_choices":[{"not_picked":["Noxious Fumes","Setup"],"picked":"Finisher","floor":1.0},{"not_picked":["Slice","All Out Attack","Deflect"],"picked":"SKIP","floor":3.0},{"not_picked":["Leg Sweep","Poisoned Stab"],"picked":"Flying Knee","floor":6.0},{"not_picked":["Quick Slash","PiercingWail"],"picked":"Dagger Spray","floor":7.0},{"not_picked":["Storm of Steel","Finisher"],"picked":"Well Laid Plans","floor":10.0},{"not_picked":["Backflip","Poisoned Stab","Accuracy"],"picked":"SKIP","floor":12.0},{"not_picked":["After Image","Bullet Time"],"picked":"Adrenaline","floor":16.0},{"not_picked":["Flechettes","Dodge and Roll"],"picked":"Backflip+1","floor":18.0},{"not_picked":["Poisoned Stab","Sucker Punch","Bane"],"picked":"SKIP","floor":20.0},{"not_picked":["Deadly Poison","Dagger Throw","Slice"],"picked":"SKIP","floor":21.0},{"not_picked":["Dagger Spray","Deflect"],"picked":"Terror","floor":22.0},{"not_picked":["Bane","Deflect"],"picked":"Glass Knife","floor":23.0},{"not_picked":["Bane","Deflect","Poisoned Stab"],"picked":"SKIP","floor":25.0},{"not_picked":["Underhanded Strike+1","Dagger Throw"],"picked":"Cloak And Dagger+1","floor":27},{"not_picked":["Poisoned Stab","All Out Attack"],"picked":"Blade Dance","floor":31},{"not_picked":["Deflect","Wraith Form v2+1","PiercingWail+1"],"picked":"SKIP","floor":35},{"not_picked":["Flying Knee","A Thousand Cuts+1","Underhanded Strike+1"],"picked":"SKIP","floor":39},{"not_picked":["Bouncing Flask","Outmaneuver+1","Deflect"],"picked":"SKIP","floor":41},{"not_picked":["Backflip","Prepared"],"picked":"Blade Dance+1","floor":46},{"not_picked":["Bouncing Flask+1","Escape Plan"],"picked":"Blade Dance+1","floor":47},{"not_picked":["Blur","Quick Slash"],"picked":"Dagger Spray+1","floor":48}],"player_experience":414230,"relics_obtained":[{"floor":5.0,"key":"War Paint"},{"floor":6.0,"key":"Girya"},{"floor":9.0,"key":"Bottled Flame"},{"floor":14.0,"key":"Odd Mushroom"},{"floor":23.0,"key":"Oddly Smooth Stone"},{"floor":26.0,"key":"Kunai"},{"floor":27,"key":"Frozen Egg 2"},{"floor":28,"key":"Boot"},{"floor":29,"key":"Red Mask"},{"floor":43,"key":"Strawberry"},{"floor":46,"key":"Sundial"}],"event_choices":[{"damage_healed":0.0,"max_hp_gain":0.0,"max_hp_loss":0.0,"gold_gain":0.0,"event_name":"Shining Light","player_choice":"Entered Light","floor":4.0,"gold_loss":0.0,"damage_taken":14.0,"cards_upgraded":["Finisher","Defend_G"]},{"damage_healed":0.0,"max_hp_gain":0.0,"max_hp_loss":0.0,"gold_gain":0.0,"event_name":"Mushrooms","player_choice":"Fought Mushrooms","floor":14.0,"gold_loss":0.0,"damage_taken":0.0},{"damage_healed":0.0,"max_hp_gain":0.0,"max_hp_loss":0.0,"gold_gain":0.0,"event_name":"N\u0027loth","player_choice":"Traded Relic","floor":19.0,"relics_lost":["War Paint"],"gold_loss":0.0,"damage_taken":0.0,"relics_obtained":["Nloth\u0027s Gift"]},{"damage_healed":0,"gold_gain":0,"player_choice":"Fought Bandits","damage_taken":0,"max_hp_gain":0,"max_hp_loss":0,"event_name":"Masked Bandits","floor":29,"gold_loss":0},{"cards_removed":["Strike_G"],"damage_healed":0,"gold_gain":0,"player_choice":"Removed Attack","damage_taken":0,"max_hp_gain":0,"max_hp_loss":0,"event_name":"Falling","floor":36,"gold_loss":0},{"damage_healed":0,"gold_gain":0,"player_choice":"Got Potions","damage_taken":0,"max_hp_gain":0,"max_hp_loss":0,"event_name":"Lab","floor":38,"gold_loss":0},{"damage_healed":0,"gold_gain":300,"player_choice":"Gold","damage_taken":0,"max_hp_gain":0,"max_hp_loss":0,"event_name":"Wheel of Change","floor":44,"gold_loss":0}],"is_beta":false,"boss_relics":[{"not_picked":["Eternal Feather","Orrery"],"picked":"Philosopher\u0027s Stone"},{"not_picked":["Busted Crown","Coffee Dripper"],"picked":"Sozu"}],"items_purged_floors":[2,37],"is_endless":false,"potions_floor_spawned":[1,7,12,16,20,22,23,25,29,31,35,46,48],"ascension_level":7}