{"gold_per_floor":[218,229,229,242,317,317,317,317,317,335,335,347,347,366,366,366],"floor_reached":16,"playtime":446,"items_purged":[],"score":129,"play_id":"d4d7b875-f245-4dc0-a71a-0c2718e3b205","local_time":"20190429182611","is_ascension_mode":true,"campfire_choices":[{"data":"Heavy Blade","floor":6,"key":"SMITH"},{"data":"Thunderclap","floor":8,"key":"SMITH"},{"floor":13,"key":"REST"},{"floor":15,"key":"REST"}],"neow_cost":"NONE","seed_source_timestamp":24921159801800,"circlet_count":0,"master_deck":["Strike_R","Strike_R+1","Strike_R","Strike_R","Defend_R+1","Defend_R","Defend_R","Defend_R","Bash","Heavy Blade+1","Offering","Thunderclap+1","Flex"],"relics":["Burning Blood","Paper Frog","Peace Pipe"],"potions_floor_usage":[12,16],"damage_taken":[{"damage":7,"enemies":"Small Slimes","floor":1,"turns":3},{"damage":6,"enemies":"Cultist","floor":2,"turns":4},{"damage":9,"enemies":"Jaw Worm","floor":4,"turns":4},{"damage":9,"enemies":"3 Louse","floor":10,"turns":3},{"damage":14,"enemies":"Exordium Thugs","floor":12,"turns":3},{"damage":18,"enemies":"Blue Slaver","floor":14,"turns":4},{"damage":74,"enemies":"The Guardian","floor":16,"turns":9}],"seed_played":"-358012831692455912","potions_obtained":[{"floor":2,"key":"Energy Potion"},{"floor":14,"key":"Regen Potion"}],"is_trial":false,"path_per_floor":["M","M","?","M","?","R","?","R","T","M","?","M","R","M","R","B"],"character_chosen":"IRONCLAD","items_purchased":[],"campfire_rested":2,"item_purchase_floors":[],"current_hp_per_floor":[71,71,71,68,57,57,50,50,50,47,31,23,47,35,59,0],"gold":366,"neow_bonus":"HUNDRED_GOLD","is_prod":false,"is_daily":false,"chose_seed":false,"campfire_upgraded":2,"win_rate":0,"timestamp":1556587571,"path_taken":["M","M","?","?","?","R","?","R","T","?","?","M","R","M","R","BOSS"],"build_version":"2019-01-23","purchased_purges":0,"victory":false,"max_hp_per_floor":[80,80,80,80,80,80,80,80,80,80,80,80,80,80,80,80],"card_choices":[{"not_picked":["Thunderclap","Perfected Strike","Clash"],"picked":"SKIP","floor":1},{"not_picked":["Warcry","Twin Strike"],"picked":"Heavy Blade","floor":2},{"not_picked":["Rupture","Clothesline"],"picked":"Thunderclap","floor":4},{"not_picked":["Twin Strike","Double Tap","Clothesline"],"picked":"SKIP","floor":10},{"not_picked":["Pommel Strike","Metallicize"],"picked":"Flex","floor":12},{"not_picked":["Heavy Blade","Body Slam","Clothesline"],"picked":"SKIP","floor":14}],"player_experience":327973,"relics_obtained":[{"floor":9,"key":"Peace Pipe"}],"event_choices":[{"damage_healed":0,"gold_gain":0,"cards_transformed":["Strike_R"],"player_choice":"Transformed","damage_taken":0,"max_hp_gain":0,"max_hp_loss":0,"event_name":"Transmorgrifier","floor":3,"gold_loss":0,"cards_obtained":["Offering"]},{"damage_healed":0,"gold_gain":75,"player_choice":"Gather Gold","damage_taken":11,"max_hp_gain":0,"max_hp_loss":0,"event_name":"World of Goop","floor":5,"gold_loss":0},{"damage_healed":0,"gold_gain":0,"player_choice":"Success","damage_taken":7,"relics_obtained":["Paper Frog"],"max_hp_gain":0,"max_hp_loss":0,"event_name":"Scrap Ooze","floor":7,"gold_loss":0},{"damage_healed":0,"gold_gain":0,"player_choice":"Entered Light","damage_taken":16,"max_hp_gain":0,"max_hp_loss":0,"event_name":"Shining Light","floor":11,"gold_loss":0,"cards_upgraded":["Strike_R","Defend_R"]}],"is_beta":false,"boss_relics":[],"items_purged_floors":[],"is_endless":false,"potions_floor_spawned":[2,14],"killed_by":"The Guardian","ascension_level":8}