{"gold_per_floor":[118,137,67,67,67,67,96,96,169,169,88,88,102,113,113,210,210,230,230,246,246,171,171,198,198,221,249,262,281,301,400,400,400],"floor_reached":33,"playtime":20902,"items_purged":["Writhe"],"score":288,"play_id":"b14cdead-b5fb-419e-9a1d-31c5e22824fb","local_time":"20180716175955","is_ascension_mode":false,"campfire_choices":[{"data":"Metallicize","floor":6,"key":"SMITH"},{"floor":10,"key":"REST"},{"data":"Whirlwind","floor":12,"key":"SMITH"},{"data":"Perfected Strike","floor":15,"key":"SMITH"},{"floor":23,"key":"REST"},{"floor":25,"key":"REST"},{"floor":32,"key":"REST"}],"neow_cost":"NONE","seed_source_timestamp":485153776307519,"circlet_count":0,"master_deck":["Strike_R+1","Strike_R","Strike_R+1","Strike_R","Defend_R","Defend_R","Defend_R","Defend_R","Bash","Rampage+1","Shrug It Off","Metallicize+1","Perfected Strike+1","Whirlwind+1","Pommel Strike","Iron Wave","Blood for Blood","Rage","Whirlwind+1","Flame Barrier","Battle Trance+1","Thunderclap","Body Slam"],"relics":["Burning Blood","Anchor","Whetstone","Blue Candle","Fusion Hammer","Meat on the Bone","Dream Catcher","Omamori","Red Mask"],"potions_floor_usage":[16,20,33,33],"damage_taken":[{"damage":0,"enemies":"Small Slimes","floor":1,"turns":5},{"damage":1,"enemies":"Cultist","floor":2,"turns":3},{"damage":35,"enemies":"Gremlin Nob","floor":7,"turns":5},{"damage":1,"enemies":"Jaw Worm","floor":13,"turns":2},{"damage":0,"enemies":"Large Slime","floor":14,"turns":4},{"damage":75,"enemies":"Hexaghost","floor":16,"turns":10},{"damage":10,"enemies":"Spheric Guardian","floor":18,"turns":4},{"damage":0,"enemies":"3 Byrds","floor":20,"turns":5},{"damage":0,"enemies":"Gremlin Leader","floor":24,"turns":7},{"damage":0,"floor":27,"turns":2},{"damage":18,"enemies":"Slaver and Parasite","floor":28,"turns":9},{"damage":17,"enemies":"Snecko","floor":29,"turns":6},{"damage":5,"enemies":"Sentry and Sphere","floor":30,"turns":4},{"damage":91,"enemies":"Champ","floor":33,"turns":14}],"seed_played":"-2939954861477181441","potions_obtained":[{"floor":7,"key":"LiquidBronze"},{"floor":13,"key":"EssenceOfSteel"},{"floor":14,"key":"EssenceOfSteel"},{"floor":16,"key":"Strength Potion"},{"floor":20,"key":"SkillPotion"},{"floor":28,"key":"SmokeBomb"},{"floor":29,"key":"Energy Potion"}],"is_trial":false,"path_per_floor":["M","M","$","?","?","R","E","?","T","R","$","R","M","M","R","B",null,"M","?","M","?","$","R","E","R","T","?","M","M","M","?","R"],"character_chosen":"IRONCLAD","items_purchased":["Metallicize","Whirlwind"],"campfire_rested":4,"item_purchase_floors":[3,11],"current_hp_per_floor":[80,80,80,80,80,80,51,51,51,75,75,75,80,80,80,11,80,76,76,80,80,80,80,80,80,80,80,68,57,58,58,80,0],"gold":400,"neow_bonus":"RANDOM_COMMON_RELIC","is_prod":false,"is_daily":false,"chose_seed":false,"campfire_upgraded":3,"win_rate":0,"timestamp":1531760395,"path_taken":["M","M","$","?","?","R","E","?","T","R","$","R","M","?","R","BOSS","M","?","?","?","$","R","E","R","T","?","?","M","M","?","R","BOSS"],"build_version":"2018-07-12","purchased_purges":1,"victory":false,"max_hp_per_floor":[80,80,80,80,80,80,80,80,80,80,80,80,80,80,80,80,80,80,80,80,80,80,80,80,80,80,80,80,80,80,80,80,80],"card_choices":[{"not_picked":["Wild Strike","Carnage"],"picked":"Rampage","floor":1},{"not_picked":["Wild Strike","Flex"],"picked":"Shrug It Off","floor":2},{"not_picked":["Exhume","Feel No Pain"],"picked":"Perfected Strike","floor":7},{"not_picked":["Pummel","Flex"],"picked":"Pommel Strike","floor":13},{"not_picked":["Havoc","Whirlwind"],"picked":"Iron Wave","floor":14},{"not_picked":["Armaments","Iron Wave"],"picked":"Blood for Blood","floor":18},{"not_picked":["Hemokinesis","Warcry"],"picked":"Rage","floor":20},{"not_picked":["Clash+1","Wild Strike"],"picked":"Whirlwind+1","floor":24},{"not_picked":["Feel No Pain","Twin Strike"],"picked":"Flame Barrier","floor":27},{"not_picked":["Heavy Blade+1","Warcry"],"picked":"Battle Trance+1","floor":28},{"not_picked":["Cleave","Bloodletting","Wild Strike+1"],"picked":"SKIP","floor":29},{"not_picked":["Combust","Bloodletting+1"],"picked":"Thunderclap","floor":30},{"not_picked":["Flame Barrier","Exhume"],"picked":"Body Slam","floor":32}],"player_experience":346038,"relics_obtained":[{"floor":7,"key":"Whetstone"},{"floor":9,"key":"Blue Candle"},{"floor":24,"key":"Dream Catcher"},{"floor":26,"key":"Omamori"},{"floor":27,"key":"Red Mask"}],"event_choices":[{"event_name":"Upgrade Shrine","player_choice":"Upgraded","floor":4,"damage_taken":0},{"event_name":"Bonfire Elementals","player_choice":"BASIC","floor":5,"damage_taken":0},{"event_name":"Shining Light","player_choice":"Ignored","floor":8,"damage_taken":0},{"event_name":"Vampires","player_choice":"Ignored","floor":19,"damage_taken":0},{"event_name":"The Mausoleum","player_choice":"Yes","floor":21,"damage_taken":0},{"event_name":"Masked Bandits","player_choice":"Fought over 221 gold","floor":27,"damage_taken":0},{"event_name":"Nest","player_choice":"Stole From Cult","floor":31,"damage_taken":0}],"boss_relics":[{"not_picked":["Coffee Dripper","Astrolabe"],"picked":"Fusion Hammer"}],"items_purged_floors":[22],"is_endless":false,"potions_floor_spawned":[7,13,14,16,20,28,29],"killed_by":"Champ","ascension_level":0}