{"gold_per_floor":[111,111,127,141,156,187,45,64,64,64,77,17,17,17,17,17],"floor_reached":16,"playtime":743,"items_purged":[],"score":122,"play_id":"1d33611b-8969-4a7a-aae3-dfc44b5c84f2","local_time":"20190430191949","is_ascension_mode":true,"campfire_choices":[{"floor":10,"key":"REST"},{"floor":13,"key":"REST"},{"floor":15,"key":"REST"}],"neow_cost":"NONE","seed_source_timestamp":989332932697662,"circlet_count":0,"master_deck":["Defend_G","Defend_G","Defend_G","Defend_G","Defend_G","Strike_G","Strike_G","Strike_G","Strike_G","Strike_G","Survivor","Neutralize","Dagger Spray","Tools of the Trade","Caltrops","Well Laid Plans"],"relics":["Black Star","The Courier","MawBank","Ginger","Medical Kit","Toxic Egg 2"],"potions_floor_usage":[6,6,6],"damage_taken":[{"damage":2,"enemies":"Jaw Worm","floor":1,"turns":6},{"damage":3,"enemies":"Cultist","floor":3,"turns":4},{"damage":1,"enemies":"Small Slimes","floor":4,"turns":4},{"damage":12,"enemies":"Exordium Wildlife","floor":5,"turns":6},{"damage":22,"enemies":"Gremlin Nob","floor":6,"turns":5},{"damage":30,"enemies":"Large Slime","floor":8,"turns":8},{"damage":21,"enemies":"Lots of Slimes","floor":11,"turns":2},{"damage":66,"enemies":"Slime Boss","floor":16,"turns":13}],"seed_played":"-344990897479099011","potions_obtained":[{"floor":1,"key":"Block Potion"},{"floor":3,"key":"Regen Potion"},{"floor":5,"key":"Explosive Potion"}],"is_trial":false,"path_per_floor":["M","?","M","M","M","E","$","M","T","R","M","$","R","?","R","B"],"character_chosen":"THE_SILENT","items_purchased":["Medical Kit","Well Laid Plans"],"campfire_rested":3,"item_purchase_floors":[7,12],"current_hp_per_floor":[68,68,65,64,52,44,44,14,14,35,14,14,35,35,56,0],"gold":17,"neow_bonus":"BOSS_RELIC","is_prod":false,"is_daily":false,"chose_seed":false,"campfire_upgraded":0,"win_rate":0,"timestamp":1556666389,"path_taken":["M","?","?","M","M","E","$","M","T","R","M","$","R","?","R","BOSS"],"build_version":"2019-01-23","purchased_purges":0,"victory":false,"max_hp_per_floor":[70,70,70,70,70,70,70,70,70,70,70,70,70,70,70,70],"card_choices":[{"not_picked":["Caltrops","Deflect"],"picked":"Dagger Spray","floor":1},{"not_picked":["Dagger Spray","Predator"],"picked":"Tools of the Trade","floor":3},{"not_picked":["Prepared","Blade Dance"],"picked":"Caltrops","floor":4},{"not_picked":["Slice","Outmaneuver","Prepared"],"picked":"SKIP","floor":5},{"not_picked":["Blade Dance","Dagger Spray","Catalyst"],"picked":"SKIP","floor":6},{"not_picked":["Flying Knee","Bane","Dodge and Roll"],"picked":"SKIP","floor":8},{"not_picked":["Underhanded Strike","Calculated Gamble+1","Backflip+1"],"picked":"SKIP","floor":11}],"player_experience":328380,"relics_obtained":[{"floor":2,"key":"The Courier"},{"floor":6,"key":"MawBank"},{"floor":6,"key":"Ginger"},{"floor":9,"key":"Toxic Egg 2"}],"event_choices":[{"damage_healed":0,"gold_gain":0,"player_choice":"Relic","damage_taken":0,"max_hp_gain":0,"max_hp_loss":0,"event_name":"Wheel of Change","floor":2,"gold_loss":0},{"damage_healed":0,"gold_gain":0,"player_choice":"Ignored","damage_taken":0,"max_hp_gain":0,"max_hp_loss":0,"event_name":"Liars Game","floor":14,"gold_loss":0}],"is_beta":false,"boss_relics":[],"items_purged_floors":[],"is_endless":false,"potions_floor_spawned":[1,3,5],"killed_by":"Slime Boss","ascension_level":4}