{"gold_per_floor":[111,111,127,146,165,165,183,258,281,291,291,241,241,296,296,393,393,409,427,445,51,51,51,64,64,64,93,105,136,0,14,14,115,115,128,128,139,59,59,59,73,73,127,227,238,238,257,272,272,272],"floor_reached":50,"playtime":1399,"items_purged":["Strike_B","Strike_B"],"score":659,"play_id":"d3949fec-714e-4a66-839b-265f9084cb4e","local_time":"20190607162030","is_ascension_mode":true,"campfire_choices":[{"data":"Zap","floor":6.0,"key":"SMITH"},{"data":"Thunder Strike","floor":11.0,"key":"SMITH"},{"data":"Beam Cell","floor":13.0,"key":"SMITH"},{"data":"Redo","floor":15.0,"key":"SMITH"},{"data":"Storm","floor":23.0,"key":"SMITH"},{"data":"Redo","floor":25.0,"key":"SMITH"},{"floor":32.0,"key":"REST"},{"data":"Buffer","floor":40.0,"key":"SMITH"},{"data":"Self Repair","floor":42.0,"key":"SMITH"},{"data":"Defragment","floor":46.0,"key":"SMITH"},{"floor":49.0,"key":"REST"}],"neow_cost":"NONE","seed_source_timestamp":0,"circlet_count":0,"master_deck":["Defend_B","Defend_B","Defend_B","Defend_B","Zap+1","Dualcast+1","Ball Lightning","Ball Lightning","Beam Cell+1","Ball Lightning","Thunder Strike+1","Redo+1","Echo Form","Defragment+1","Ball Lightning","Heatsinks","Hologram","Storm+1","Buffer+1","Redo+1","Machine Learning","Stack+1","Self Repair+1","Conserve Battery"],"special_seed":0,"relics":["Cracked Core","Blood Vial","Potion Belt","Mummified Hand","MawBank","Nloth\u0027s Gift","Nuclear Battery","FaceOfCleric","Dream Catcher","Torii"],"potions_floor_usage":[50,50],"damage_taken":[{"damage":2.0,"enemies":"Jaw Worm","floor":1.0,"turns":3.0},{"damage":2.0,"enemies":"Small Slimes","floor":3.0,"turns":3.0},{"damage":0.0,"enemies":"Cultist","floor":4.0,"turns":2.0},{"damage":0.0,"enemies":"2 Fungi Beasts","floor":5.0,"turns":3.0},{"damage":4.0,"enemies":"Red Slaver","floor":7.0,"turns":2.0},{"damage":0.0,"enemies":"3 Louse","floor":10.0,"turns":2.0},{"damage":0.0,"enemies":"Gremlin Nob","floor":14.0,"turns":2.0},{"damage":0.0,"enemies":"Slime Boss","floor":16.0,"turns":4.0},{"damage":1.0,"enemies":"Spheric Guardian","floor":18.0,"turns":3.0},{"damage":1.0,"enemies":"3 Byrds","floor":19.0,"turns":4.0},{"damage":10.0,"enemies":"Snecko","floor":20.0,"turns":4.0},{"damage":23.0,"enemies":"Shelled Parasite and Fungi","floor":24.0,"turns":3.0},{"damage":12.0,"enemies":"Cultist and Chosen","floor":27.0,"turns":4.0},{"damage":30.0,"enemies":"Centurion and Healer","floor":29.0,"turns":4.0},{"damage":0.0,"enemies":"Snecko","floor":31.0,"turns":2.0},{"damage":20.0,"enemies":"Champ","floor":33.0,"turns":6.0},{"damage":11.0,"enemies":"3 Shapes","floor":35.0,"turns":3.0},{"damage":27.0,"enemies":"Orb Walker","floor":37.0,"turns":3.0},{"damage":9.0,"enemies":"3 Darklings","floor":41.0,"turns":5.0},{"damage":6.0,"enemies":"Mind Bloom Boss Battle","floor":44.0,"turns":5.0},{"damage":9.0,"enemies":"Sphere and 2 Shapes","floor":45.0,"turns":3.0},{"damage":13.0,"enemies":"Transient","floor":47.0,"turns":5.0},{"damage":36.0,"enemies":"Spire Growth","floor":48.0,"turns":4.0},{"damage":91,"enemies":"Awakened One","floor":50,"turns":6}],"seed_played":"3104120132303853337","potions_obtained":[{"floor":1.0,"key":"Ancient Potion"},{"floor":3.0,"key":"Swift Potion"},{"floor":10.0,"key":"GamblersBrew"},{"floor":20.0,"key":"Strength Potion"},{"floor":24.0,"key":"Weak Potion"},{"floor":31.0,"key":"SkillPotion"},{"floor":33.0,"key":"GamblersBrew"},{"floor":37.0,"key":"FearPotion"},{"floor":47.0,"key":"Swift Potion"},{"floor":48.0,"key":"PowerPotion"}],"is_trial":false,"path_per_floor":["M","?","M","M","M","R","M","?","T","M","R","?","R","?","R","B",null,"M","M","M","$","?","R","M","R","T","M","?","M","$","M","R","B",null,"M","?","M","$","?","R","M","R","T","?","M","R","M","M","R","B"],"character_chosen":"DEFECT","items_purchased":["Mummified Hand","Storm","AttackPotion","Self Repair"],"campfire_rested":2,"item_purchase_floors":[21,21,30,38],"current_hp_per_floor":[66,66,64,64,64,64,60,49,49,51,51,51,51,53,53,55,70,71,72,64,64,64,64,43,43,43,33,33,5,5,7,29,11,59,50,50,26,26,66,66,58,58,58,68,69,69,70,45,66,0],"gold":272,"neow_bonus":"UPGRADE_CARD","is_prod":false,"is_daily":false,"chose_seed":false,"campfire_upgraded":9,"win_rate":0,"timestamp":1559949630,"path_taken":["M","?","M","M","M","R","M","?","T","M","R","?","R","?","R","BOSS","M","M","M","$","?","R","M","R","T","?","?","?","$","M","R","BOSS","M","?","?","$","?","R","M","R","T","?","M","R","M","M","R","BOSS"],"build_version":"2019-01-23","purchased_purges":2,"victory":false,"max_hp_per_floor":[75,75,75,75,75,75,75,75,75,75,75,75,75,75,75,75,75,75,75,75,75,75,75,75,75,75,75,75,75,75,75,75,75,75,75,75,76,76,66,66,67,67,67,68,69,69,70,71,71,71],"card_choices":[{"not_picked":["Coolheaded","Capacitor"],"picked":"Ball Lightning","floor":1.0},{"not_picked":["Cold Snap","Redo"],"picked":"Ball Lightning","floor":3.0},{"not_picked":["Steam Power","BootSequence","Reinforced Body"],"picked":"SKIP","floor":4.0},{"not_picked":["Coolheaded","Stack"],"picked":"Beam Cell","floor":5.0},{"not_picked":["Hello World","Lockon"],"picked":"Ball Lightning","floor":7.0},{"not_picked":["Capacitor","Chaos"],"picked":"Thunder Strike","floor":10.0},{"not_picked":["Ball Lightning","White Noise"],"picked":"Redo","floor":14.0},{"not_picked":["Thunder Strike","Machine Learning"],"picked":"Echo Form","floor":16.0},{"not_picked":["Compile Driver","Gash"],"picked":"Defragment","floor":17.0},{"not_picked":["Genetic Algorithm","Double Energy"],"picked":"Ball Lightning","floor":17.0},{"not_picked":["Steam","Go for the Eyes"],"picked":"Heatsinks","floor":17.0},{"not_picked":["Reprogram","Ball Lightning"],"picked":"Hologram","floor":17.0},{"not_picked":["Steam","Consume","Rebound"],"picked":"SKIP","floor":18.0},{"not_picked":["Thunder Strike","Chaos","Consume"],"picked":"SKIP","floor":19.0},{"not_picked":["Coolheaded","Ball Lightning","Gash"],"picked":"SKIP","floor":20.0},{"not_picked":["Cold Snap+1","Ball Lightning"],"picked":"Redo","floor":24.0},{"not_picked":["Leap","Fusion","Aggregate"],"picked":"SKIP","floor":27.0},{"not_picked":["Melter+1","Reprogram","Leap"],"picked":"SKIP","floor":29.0},{"not_picked":["Sunder+1","Gash","Blizzard+1"],"picked":"SKIP","floor":31.0},{"not_picked":["Hyperbeam","Amplify"],"picked":"Machine Learning","floor":33.0},{"not_picked":["Ball Lightning","Steam","Go for the Eyes+1"],"picked":"SKIP","floor":35.0},{"not_picked":["Compile Driver+1","Meteor Strike"],"picked":"Stack+1","floor":37.0},{"not_picked":["Hologram","Hello World+1","Streamline+1"],"picked":"SKIP","floor":41.0},{"not_picked":["Cold Snap","Double Energy","Compile Driver+1"],"picked":"SKIP","floor":45.0},{"not_picked":["Compile Driver+1","Undo+1","Aggregate+1"],"picked":"SKIP","floor":47.0},{"not_picked":["Echo Form","Skim+1","Sweeping Beam+1"],"picked":"SKIP","floor":48.0},{"not_picked":["Sweeping Beam","Coolheaded+1"],"picked":"Conserve Battery","floor":49.0}],"player_experience":442588,"relics_obtained":[{"floor":9.0,"key":"Blood Vial"},{"floor":26.0,"key":"MawBank"},{"floor":43.0,"key":"Dream Catcher"},{"floor":44.0,"key":"Torii"}],"event_choices":[{"damage_healed":0.0,"max_hp_gain":0.0,"max_hp_loss":0.0,"gold_gain":0.0,"event_name":"Liars Game","player_choice":"Ignored","floor":2.0,"gold_loss":0.0,"damage_taken":0.0},{"damage_healed":0.0,"max_hp_gain":0.0,"max_hp_loss":0.0,"gold_gain":75.0,"event_name":"World of Goop","player_choice":"Gather Gold","floor":8.0,"gold_loss":0.0,"damage_taken":11.0},{"cards_removed":["Strike_B"],"damage_healed":0.0,"max_hp_gain":0.0,"max_hp_loss":0.0,"gold_gain":0.0,"event_name":"The Cleric","player_choice":"Card Removal","floor":12.0,"gold_loss":50.0,"damage_taken":0.0},{"damage_healed":0.0,"max_hp_gain":0.0,"max_hp_loss":0.0,"gold_gain":0.0,"event_name":"Dead Adventurer","player_choice":"Searched \u00273\u0027 times","floor":14.0,"gold_loss":0.0,"damage_taken":0.0,"relics_obtained":["Potion Belt"]},{"damage_healed":0.0,"max_hp_gain":0.0,"max_hp_loss":0.0,"gold_gain":0.0,"cards_transformed":["Strike_B"],"event_name":"Transmorgrifier","player_choice":"Transformed","floor":22.0,"gold_loss":0.0,"damage_taken":0.0,"cards_obtained":["Buffer"]},{"damage_healed":0.0,"max_hp_gain":0.0,"max_hp_loss":0.0,"gold_gain":0.0,"event_name":"N\u0027loth","player_choice":"Traded Relic","floor":28.0,"relics_lost":["Orrery"],"gold_loss":0.0,"damage_taken":0.0,"relics_obtained":["Nloth\u0027s Gift"]},{"damage_healed":0.0,"max_hp_gain":0.0,"max_hp_loss":0.0,"gold_gain":0.0,"event_name":"FaceTrader","player_choice":"Trade","floor":36.0,"gold_loss":0.0,"damage_taken":0.0,"relics_obtained":["FaceOfCleric"]},{"damage_healed":66.0,"max_hp_gain":0.0,"max_hp_loss":10.0,"gold_gain":0.0,"event_name":"The Moai Head","player_choice":"Heal","floor":39.0,"gold_loss":0.0,"damage_taken":0.0},{"damage_healed":0.0,"max_hp_gain":0.0,"max_hp_loss":0.0,"gold_gain":0.0,"event_name":"MindBloom","player_choice":"Fight","floor":44.0,"gold_loss":0.0,"damage_taken":0.0}],"is_beta":false,"boss_relics":[{"not_picked":["Astrolabe","Fusion Hammer"],"picked":"Orrery"},{"not_picked":["Lizard Tail","Snecko Eye"],"picked":"Nuclear Battery"}],"items_purged_floors":[21,30],"is_endless":false,"potions_floor_spawned":[1,3,10,20,24,31,33,37,47,48],"killed_by":"Awakened One","ascension_level":6}