{"gold_per_floor":[109,126,51,63,63,63,87,103,103,146,222,269,281,309,321,432,444,469,406,318,352,366,366,398,398,398,429,46,46,46,61,61,163,163,181,25,41,60,78,107,107,133,133,133,133,0,15,27,27,27],"floor_reached":51,"playtime":2421,"items_purged":["Strike_G","Defend_G","Defend_G"],"score":1013,"play_id":"eb5a18d8-1835-418a-a6ae-4dcb92ec7b1a","local_time":"20190403001312","is_ascension_mode":true,"campfire_choices":[{"data":"All Out Attack","floor":6,"key":"SMITH"},{"data":"Noxious Fumes","floor":13,"key":"SMITH"},{"data":"Dash","floor":15,"key":"SMITH"},{"data":"Bouncing Flask","floor":23,"key":"SMITH"},{"data":"Neutralize","floor":25,"key":"SMITH"},{"data":"Backflip","floor":29,"key":"SMITH"},{"floor":32,"key":"REST"},{"floor":41,"key":"RECALL"},{"floor":44,"key":"REST"},{"data":"Dash","floor":49,"key":"SMITH"}],"neow_cost":"NONE","seed_source_timestamp":173844954214300,"circlet_count":0,"master_deck":["Defend_G","Defend_G","Survivor","Neutralize+1","Backflip+1","Noxious Fumes+1","All Out Attack+1","Dash+1","Bullet Time","Bullet Time","Adrenaline+1","Dagger Spray+1","Masterful Stab+1","Flying Knee","Bouncing Flask+1","Phantasmal Killer","Terror+1","Expertise+1","Corpse Explosion+1","Blur+1","Dash+1","Blur+1","Malaise+1","Eviscerate+1","Dodge and Roll+1","Flying Knee+1"],"relics":["Snecko Eye","Vajra","MawBank","Calipers","Snake Skull","Anchor","Astrolabe","Red Mask","Pear","Toxic Egg 2","Blood Vial","Pen Nib","Philosopher\u0027s Stone","Omamori","Molten Egg 2","Potion Belt","Paper Crane"],"potions_floor_usage":[8,10,10,33,50,50,50,50,50,50,50,50],"damage_taken":[{"damage":0,"enemies":"2 Louse","floor":1,"turns":2},{"damage":0,"enemies":"Jaw Worm","floor":2,"turns":6},{"damage":0,"enemies":"Small Slimes","floor":4,"turns":4},{"damage":0,"enemies":"Looter","floor":8,"turns":4},{"damage":1,"enemies":"Lagavulin","floor":10,"turns":8},{"damage":25,"enemies":"Lagavulin Event","floor":11,"turns":6},{"damage":4,"enemies":"3 Sentries","floor":12,"turns":6},{"damage":0,"enemies":"Blue Slaver","floor":14,"turns":2},{"damage":16,"enemies":"Hexaghost","floor":16,"turns":8},{"damage":4,"enemies":"2 Thieves","floor":18,"turns":4},{"damage":0,"enemies":"Masked Bandits","floor":21,"turns":2},{"damage":0,"enemies":"Shell Parasite","floor":22,"turns":3},{"damage":0,"enemies":"Book of Stabbing","floor":24,"turns":3},{"damage":6,"enemies":"Slavers","floor":27,"turns":2},{"damage":0,"enemies":"Snake Plant","floor":31,"turns":2},{"damage":0,"enemies":"Automaton","floor":33,"turns":5},{"damage":0,"enemies":"3 Darklings","floor":35,"turns":3},{"damage":0,"enemies":"Orb Walker","floor":37,"turns":3},{"damage":0,"enemies":"Sphere and 2 Shapes","floor":38,"turns":2},{"damage":0,"enemies":"Writhing Mass","floor":39,"turns":3},{"damage":0,"enemies":"Reptomancer","floor":40,"turns":5},{"damage":21,"enemies":"Nemesis","floor":42,"turns":7},{"damage":0,"enemies":"4 Shapes","floor":47,"turns":2},{"damage":4,"enemies":"Spire Growth","floor":48,"turns":4},{"damage":0,"enemies":"Time Eater","floor":50,"turns":11}],"seed_played":"-2176975649790803453","potions_obtained":[{"floor":1,"key":"Swift Potion"},{"floor":2,"key":"Dexterity Potion"},{"floor":8,"key":"AttackPotion"},{"floor":14,"key":"Regen Potion"},{"floor":16,"key":"EssenceOfSteel"},{"floor":21,"key":"FearPotion"},{"floor":33,"key":"Fruit Juice"},{"floor":35,"key":"FearPotion"},{"floor":39,"key":"EntropicBrew"},{"floor":47,"key":"Dexterity Potion"}],"is_trial":false,"path_per_floor":["M","M","$","M","?","R","T","M","T","E","?","E","R","M","R","B",null,"M","?","$","?","M","R","E","R","T","E","$","R","$","M","R","B",null,"M","$","M","M","M","E","R","E","T","R","?","$","M","M","R","B",null],"character_chosen":"THE_SILENT","items_purchased":["Terror+1","Expertise+1","Pen Nib","Omamori","Eviscerate+1","Strength Potion"],"campfire_rested":2,"item_purchase_floors":[28,28,28,36,46,46],"current_hp_per_floor":[70,70,70,70,75,75,75,75,75,74,49,45,45,45,45,29,75,71,71,71,71,71,71,81,81,81,75,75,75,75,77,85,90,90,90,90,90,90,90,90,90,69,69,90,90,90,90,86,86,88],"gold":27,"neow_bonus":"BOSS_RELIC","is_prod":false,"is_daily":false,"chose_seed":false,"campfire_upgraded":7,"win_rate":0,"timestamp":1554275592,"path_taken":["M","M","$","M","?","R","?","M","T","E","?","E","R","M","R","BOSS","M","?","$","?","M","R","E","R","T","E","?","R","$","M","R","BOSS","M","$","?","?","M","E","R","E","T","R","?","$","M","M","R","BOSS"],"build_version":"2019-01-23","purchased_purges":3,"victory":true,"max_hp_per_floor":[70,70,70,70,75,75,75,75,75,75,75,75,75,75,75,75,75,75,75,75,75,75,75,85,85,85,85,85,85,85,85,85,90,90,90,90,90,90,90,90,90,90,90,90,90,90,90,90,90,90],"card_choices":[{"not_picked":["Footwork","Caltrops"],"picked":"Backflip","floor":1},{"not_picked":["Deflect","Tactician"],"picked":"Noxious Fumes","floor":2},{"not_picked":["Slice","Sucker Punch"],"picked":"All Out Attack","floor":4},{"not_picked":["Deadly Poison","Predator"],"picked":"Dash","floor":8},{"not_picked":["Terror","Outmaneuver","Quick Slash"],"picked":"SKIP","floor":10},{"not_picked":["Cloak And Dagger","PiercingWail","Setup"],"picked":"SKIP","floor":12},{"not_picked":["Acrobatics","Heel Hook"],"picked":"Bullet Time","floor":14},{"not_picked":["Glass Knife","Wraith Form v2"],"picked":"Bullet Time","floor":16},{"not_picked":["Infinite Blades","Quick Slash"],"picked":"Flying Knee","floor":18},{"not_picked":["Underhanded Strike+1","Slice"],"picked":"Bouncing Flask","floor":21},{"not_picked":["Deadly Poison+1","Underhanded Strike","Dagger Throw"],"picked":"SKIP","floor":22},{"not_picked":["Skewer+1","Well Laid Plans"],"picked":"Phantasmal Killer","floor":24},{"not_picked":["Dagger Throw","Infinite Blades","Tactician+1"],"picked":"SKIP","floor":27},{"not_picked":["Bane","Skewer","Deadly Poison+1"],"picked":"SKIP","floor":31},{"not_picked":["Die Die Die","Tools of the Trade"],"picked":"Corpse Explosion+1","floor":33},{"not_picked":["Blade Dance+1","PiercingWail+1"],"picked":"Blur+1","floor":35},{"not_picked":["Concentrate+1","Footwork"],"picked":"Dash","floor":37},{"not_picked":["Dagger Spray","Finisher","PiercingWail+1"],"picked":"SKIP","floor":38},{"not_picked":["Flechettes+1","Dash","Eviscerate"],"picked":"SKIP","floor":39},{"not_picked":["Reflex+1","Night Terror+1"],"picked":"Blur+1","floor":40},{"not_picked":["Dagger Throw+1","Slice+1","Cloak And Dagger+1"],"picked":"SKIP","floor":42},{"not_picked":["Finisher+1","Acrobatics+1"],"picked":"Dodge and Roll+1","floor":47},{"not_picked":["Concentrate+1","PiercingWail+1"],"picked":"Flying Knee+1","floor":48}],"player_experience":295087,"relics_obtained":[{"floor":7,"key":"Vajra"},{"floor":9,"key":"MawBank"},{"floor":10,"key":"Calipers"},{"floor":11,"key":"Snake Skull"},{"floor":12,"key":"Anchor"},{"floor":21,"key":"Red Mask"},{"floor":24,"key":"Pear"},{"floor":26,"key":"Toxic Egg 2"},{"floor":27,"key":"Blood Vial"},{"floor":40,"key":"Molten Egg 2"},{"floor":42,"key":"Potion Belt"},{"floor":43,"key":"Paper Crane"}],"event_choices":[{"damage_healed":0,"gold_gain":0,"player_choice":"Donut","damage_taken":0,"max_hp_gain":5,"max_hp_loss":0,"event_name":"Big Fish","floor":5,"gold_loss":0},{"damage_healed":0,"gold_gain":0,"player_choice":"Searched \u00271\u0027 times","damage_taken":0,"max_hp_gain":0,"max_hp_loss":0,"event_name":"Dead Adventurer","floor":11,"gold_loss":0},{"cards_removed":["Defend_G"],"damage_healed":0,"gold_gain":0,"player_choice":"Gave Gold","damage_taken":0,"max_hp_gain":0,"max_hp_loss":0,"event_name":"Beggar","floor":19,"gold_loss":75},{"damage_healed":0,"gold_gain":0,"player_choice":"Fought Bandits","damage_taken":0,"max_hp_gain":0,"max_hp_loss":0,"event_name":"Masked Bandits","floor":21,"gold_loss":0},{"damage_healed":0,"gold_gain":0,"cards_transformed":["Strike_G"],"player_choice":"Transformed","damage_taken":0,"max_hp_gain":0,"max_hp_loss":0,"event_name":"Transmorgrifier","floor":45,"gold_loss":0,"cards_obtained":["Malaise"]}],"is_beta":false,"boss_relics":[{"not_picked":["White Beast Statue","HoveringKite"],"picked":"Astrolabe"},{"not_picked":["Busted Crown","WristBlade"],"picked":"Philosopher\u0027s Stone"}],"items_purged_floors":[3,20,28],"is_endless":false,"potions_floor_spawned":[1,2,8,14,16,21,24,33,35,37,39,47,48],"ascension_level":2}