{"gold_per_floor":[123,146,58,58,68,68,68,68,144,144,163,175,66,84,84,188,188,171,184,283,283],"floor_reached":21,"playtime":1028,"items_purged":["Defend_B"],"score":231,"play_id":"9840bd0b-f250-400f-9d30-b3593a50b8f5","local_time":"20190614153136","is_ascension_mode":true,"campfire_choices":[{"data":"Loop","floor":6.0,"key":"SMITH"},{"data":"Glacier","floor":8.0,"key":"SMITH"},{"data":"Conserve Battery","floor":10.0,"key":"SMITH"},{"data":"Storm","floor":15.0,"key":"SMITH"}],"neow_cost":"NONE","seed_source_timestamp":0,"circlet_count":0,"master_deck":["Strike_B","Strike_B","Strike_B","Defend_B","Defend_B","Defend_B","Zap","Dualcast+1","Glacier+1","Loop+1","Coolheaded","Cold Snap","Conserve Battery+1","Capacitor","Capacitor","Storm+1","Reboot","Sweeping Beam"],"special_seed":0,"relics":["Cracked Core","MawBank","Letter Opener","White Beast Statue"],"potions_floor_usage":[],"damage_taken":[{"damage":0.0,"enemies":"Small Slimes","floor":1.0,"turns":2.0},{"damage":2.0,"enemies":"Jaw Worm","floor":2.0,"turns":3.0},{"damage":0.0,"enemies":"Cultist","floor":5.0,"turns":4.0},{"damage":0.0,"enemies":"Lots of Slimes","floor":11.0,"turns":5.0},{"damage":15.0,"enemies":"Large Slime","floor":12.0,"turns":9.0},{"damage":5.0,"enemies":"Looter","floor":14.0,"turns":4.0},{"damage":23.0,"enemies":"Hexaghost","floor":16.0,"turns":11.0},{"damage":30.0,"enemies":"2 Thieves","floor":18.0,"turns":4.0},{"damage":9.0,"enemies":"Shell Parasite","floor":19.0,"turns":9.0},{"damage":42,"enemies":"Masked Bandits","floor":21,"turns":3}],"seed_played":"-4801412233758013067","potions_obtained":[{"floor":5.0,"key":"SkillPotion"},{"floor":12.0,"key":"Regen Potion"},{"floor":18.0,"key":"FearPotion"},{"floor":19.0,"key":"Poison Potion"}],"is_trial":false,"path_per_floor":["M","M","$","?","M","R","?","R","T","R","M","M","$","M","R","B",null,"M","M","?","?"],"character_chosen":"DEFECT","items_purchased":["Loop","Coolheaded","Capacitor"],"campfire_rested":0,"item_purchase_floors":[3,3,13],"current_hp_per_floor":[68,66,66,66,66,66,66,66,66,66,66,51,51,46,46,38,66,36,27,27,0],"gold":283,"neow_bonus":"RANDOM_COMMON_RELIC","is_prod":false,"is_daily":false,"chose_seed":false,"campfire_upgraded":4,"win_rate":0,"timestamp":1560551496,"path_taken":["M","M","$","?","M","R","?","R","T","R","M","?","$","M","R","BOSS","M","?","?","?"],"build_version":"2019-01-23","purchased_purges":1,"victory":false,"max_hp_per_floor":[75,75,75,75,75,75,75,75,75,75,75,75,75,75,75,75,75,75,75,75,75],"card_choices":[{"not_picked":["Beam Cell","Chill"],"picked":"Glacier","floor":1.0},{"not_picked":["Turbo","Hello World","Steam"],"picked":"SKIP","floor":2.0},{"not_picked":["Go for the Eyes","Undo"],"picked":"Cold Snap","floor":5.0},{"not_picked":["Loop","Turbo"],"picked":"Capacitor","floor":11.0},{"not_picked":["Recycle","Streamline","FTL"],"picked":"SKIP","floor":12.0},{"not_picked":["Hologram","Steam"],"picked":"Storm","floor":14.0},{"not_picked":["Multi-Cast","Biased Cognition"],"picked":"Reboot","floor":16.0},{"not_picked":["Steam","Ball Lightning"],"picked":"Sweeping Beam","floor":18.0},{"not_picked":["BootSequence","Doom and Gloom+1","Sunder"],"picked":"SKIP","floor":19.0}],"player_experience":465557,"relics_obtained":[{"floor":9.0,"key":"Letter Opener"}],"event_choices":[{"damage_healed":0.0,"max_hp_gain":0.0,"max_hp_loss":0.0,"gold_gain":0.0,"event_name":"Living Wall","player_choice":"Grow","floor":4.0,"gold_loss":0.0,"damage_taken":0.0,"cards_upgraded":["Dualcast"]},{"damage_healed":0.0,"max_hp_gain":0.0,"max_hp_loss":0.0,"gold_gain":0.0,"cards_transformed":["Strike_B"],"event_name":"Transmorgrifier","player_choice":"Transformed","floor":7.0,"gold_loss":0.0,"damage_taken":0.0,"cards_obtained":["Conserve Battery"]},{"damage_healed":0.0,"max_hp_gain":0.0,"max_hp_loss":0.0,"gold_gain":99.0,"event_name":"Nest","player_choice":"Stole From Cult","floor":20.0,"gold_loss":0.0,"damage_taken":0.0},{"damage_healed":0,"gold_gain":0,"player_choice":"Fought Bandits","damage_taken":0,"max_hp_gain":0,"max_hp_loss":0,"event_name":"Masked Bandits","floor":21,"gold_loss":0}],"is_beta":false,"boss_relics":[{"not_picked":["Tiny House","Orrery"],"picked":"White Beast Statue"}],"items_purged_floors":[13],"is_endless":false,"potions_floor_spawned":[5,12,18,19],"killed_by":"Masked Bandits","ascension_level":7}