{"gold_per_floor":[117,133,58,58,71,71,96,96,119,138,138,138,155,230,230,230],"floor_reached":16,"playtime":373,"items_purged":["Strike_R"],"score":170,"play_id":"33a97a9f-3b30-4fb2-825a-2c7d9ad2ce1e","local_time":"20190506202325","is_ascension_mode":true,"campfire_choices":[{"data":"Flex","floor":6,"key":"SMITH"},{"floor":8,"key":"REST"},{"data":"Whirlwind","floor":11,"key":"SMITH"},{"floor":15,"key":"REST"}],"neow_cost":"NONE","seed_source_timestamp":204123568227100,"circlet_count":0,"master_deck":["AscendersBane","Strike_R","Strike_R","Strike_R","Strike_R","Defend_R+1","Defend_R+1","Defend_R","Defend_R","Bash","Flex+1","Flex+1","Whirlwind+1","Sword Boomerang"],"relics":["Burning Blood","NeowsBlessing","War Paint","Smiling Mask","Strawberry"],"potions_floor_usage":[16,16],"damage_taken":[{"damage":0,"enemies":"Cultist","floor":1,"turns":1},{"damage":0,"enemies":"Jaw Worm","floor":2,"turns":1},{"damage":0,"enemies":"Small Slimes","floor":5,"turns":1},{"damage":65,"enemies":"3 Sentries","floor":7,"turns":13},{"damage":13,"enemies":"Blue Slaver","floor":10,"turns":4},{"damage":7,"enemies":"Red Slaver","floor":13,"turns":3},{"damage":44,"enemies":"Hexaghost","floor":16,"turns":8}],"seed_played":"3000547149330888567","potions_obtained":[{"floor":2,"key":"Ancient Potion"},{"floor":7,"key":"SpeedPotion"},{"floor":10,"key":"Poison Potion"}],"is_trial":false,"path_per_floor":["M","M","$","?","M","R","E","R","T","M","R","?","M","?","R","B"],"character_chosen":"IRONCLAD","items_purchased":[],"campfire_rested":2,"item_purchase_floors":[],"current_hp_per_floor":[74,75,75,75,75,75,16,38,38,31,31,26,25,14,38,0],"gold":230,"neow_bonus":"THREE_ENEMY_KILL","is_prod":false,"is_daily":false,"chose_seed":false,"campfire_upgraded":2,"win_rate":0,"timestamp":1557199405,"path_taken":["M","?","?","?","M","R","E","R","T","M","R","?","M","?","R","BOSS"],"build_version":"2019-01-23","purchased_purges":1,"victory":false,"max_hp_per_floor":[75,75,75,75,75,75,75,75,75,75,75,82,82,82,82,82],"card_choices":[{"not_picked":["Shrug It Off","Perfected Strike"],"picked":"Flex","floor":1},{"not_picked":["Pommel Strike","Wild Strike","Power Through"],"picked":"SKIP","floor":2},{"not_picked":["Pummel","Heavy Blade"],"picked":"Flex","floor":5},{"not_picked":["Thunderclap","Exhume"],"picked":"Whirlwind","floor":7},{"not_picked":["Ghostly Armor","True Grit","Armaments"],"picked":"SKIP","floor":10},{"not_picked":["Combust","Metallicize"],"picked":"Sword Boomerang","floor":13}],"player_experience":375561,"relics_obtained":[{"floor":7,"key":"War Paint"},{"floor":9,"key":"Smiling Mask"}],"event_choices":[{"damage_healed":0,"gold_gain":0,"player_choice":"Grow","damage_taken":0,"max_hp_gain":0,"max_hp_loss":0,"event_name":"Living Wall","floor":4,"gold_loss":0,"cards_upgraded":["Flex"]},{"damage_healed":0,"gold_gain":0,"player_choice":"Success","damage_taken":12,"relics_obtained":["Strawberry"],"max_hp_gain":0,"max_hp_loss":0,"event_name":"Scrap Ooze","floor":12,"gold_loss":0},{"damage_healed":0,"gold_gain":75,"player_choice":"Gather Gold","damage_taken":11,"max_hp_gain":0,"max_hp_loss":0,"event_name":"World of Goop","floor":14,"gold_loss":0}],"is_beta":false,"boss_relics":[],"items_purged_floors":[3],"is_endless":false,"potions_floor_spawned":[2,7,10],"killed_by":"Hexaghost","ascension_level":14}