{"gold_per_floor":[110,35,35,35,35,35,48,48,74,74,103,103,120,138,138,212,212,231,241,269,319,319,348,348],"floor_reached":24,"playtime":794,"items_purged":["Strike_R"],"score":382,"play_id":"19c07e9a-a59e-4263-8dd3-aa4a9ef89d82","local_time":"20190515182101","is_ascension_mode":true,"campfire_choices":[{"data":"Heavy Blade","floor":6,"key":"SMITH"},{"data":"Whirlwind","floor":8,"key":"SMITH"},{"floor":10,"key":"REST"},{"data":"Sword Boomerang","floor":12,"key":"SMITH"},{"data":"Thunderclap","floor":15,"key":"SMITH"}],"neow_cost":"NONE","seed_source_timestamp":0,"circlet_count":0,"master_deck":["AscendersBane","Strike_R+1","Strike_R","Strike_R","Strike_R","Defend_R","Defend_R","Defend_R","Defend_R+1","Bash+1","Heavy Blade+1","Whirlwind+1","Sword Boomerang+1","Battle Trance","Thunderclap+1","Offering"],"special_seed":0,"relics":["Burning Blood","Lantern","Ginger","Red Mask","Pantograph"],"potions_floor_usage":[16,16,19,23,24],"damage_taken":[{"damage":4.0,"enemies":"Small Slimes","floor":1.0,"turns":4.0},{"damage":6,"enemies":"2 Louse","floor":7,"turns":2},{"damage":25,"enemies":"3 Sentries","floor":11,"turns":7},{"damage":0,"enemies":"Cultist","floor":13,"turns":3},{"damage":0,"enemies":"Large Slime","floor":14,"turns":3},{"damage":42,"enemies":"Slime Boss","floor":16,"turns":7},{"damage":9,"enemies":"3 Byrds","floor":18,"turns":3},{"damage":0,"enemies":"Shell Parasite","floor":19,"turns":1},{"damage":12,"enemies":"Masked Bandits","floor":20,"turns":2},{"damage":48,"enemies":"Slavers","floor":23,"turns":4},{"damage":22,"enemies":"Snake Plant","floor":24,"turns":2}],"seed_played":"-6741469603886667245","potions_obtained":[{"floor":11,"key":"EntropicBrew"},{"floor":14,"key":"Explosive Potion"},{"floor":18,"key":"SteroidPotion"},{"floor":19,"key":"Weak Potion"},{"floor":20,"key":"Swift Potion"}],"is_trial":false,"path_per_floor":["M","$","?","?","?","R","M","R","T","R","E","R","M","M","R","B",null,"M","M","?","?","?","E","M"],"character_chosen":"IRONCLAD","items_purchased":[],"campfire_rested":1,"item_purchase_floors":[],"current_hp_per_floor":[70,70,70,47,47,47,47,47,47,69,50,50,56,62,62,26,63,60,66,60,60,60,18,0],"gold":348,"neow_bonus":"UPGRADE_CARD","is_prod":false,"is_daily":false,"chose_seed":false,"campfire_upgraded":4,"win_rate":0,"timestamp":1557969661,"path_taken":["M","$","?","?","?","R","M","R","T","R","E","R","M","M","R","BOSS","M","M","?","?","?","E","M"],"build_version":"2019-01-23","purchased_purges":1,"victory":false,"max_hp_per_floor":[75,75,75,75,75,75,75,75,75,75,75,75,75,75,75,75,75,75,75,75,75,75,75,75],"card_choices":[{"not_picked":["Shrug It Off","Pommel Strike"],"picked":"Heavy Blade","floor":1.0},{"not_picked":["Havoc","Combust"],"picked":"Whirlwind","floor":7},{"not_picked":["True Grit","Seeing Red"],"picked":"Sword Boomerang","floor":11},{"not_picked":["Evolve","True Grit"],"picked":"Battle Trance","floor":13},{"not_picked":["Infernal Blade","Offering"],"picked":"Thunderclap","floor":14},{"not_picked":["Limit Break","Fiend Fire"],"picked":"Offering","floor":16},{"not_picked":["Sword Boomerang","Combust","Body Slam+1"],"picked":"SKIP","floor":18},{"not_picked":["Heavy Blade","Demon Form","Dropkick"],"picked":"SKIP","floor":19},{"not_picked":["Power Through","Perfected Strike+1","Bludgeon"],"picked":"SKIP","floor":23}],"player_experience":389037,"relics_obtained":[{"floor":9,"key":"Lantern"},{"floor":11,"key":"Ginger"},{"floor":20,"key":"Red Mask"},{"floor":23,"key":"Pantograph"}],"event_choices":[{"damage_healed":0.0,"max_hp_gain":0.0,"max_hp_loss":0.0,"gold_gain":0.0,"event_name":"Liars Game","player_choice":"Ignored","floor":3.0,"gold_loss":0.0,"damage_taken":0.0},{"damage_healed":0.0,"max_hp_gain":0.0,"max_hp_loss":0.0,"gold_gain":0.0,"event_name":"Shining Light","player_choice":"Entered Light","floor":4.0,"gold_loss":0.0,"damage_taken":23.0,"cards_upgraded":["Defend_R","Strike_R"]},{"damage_healed":0,"gold_gain":0,"player_choice":"0 cards matched","damage_taken":0,"max_hp_gain":0,"max_hp_loss":0,"event_name":"Match and Keep!","floor":5,"gold_loss":0,"cards_obtained":[]},{"damage_healed":0,"gold_gain":0,"player_choice":"Fought Bandits","damage_taken":0,"max_hp_gain":0,"max_hp_loss":0,"event_name":"Masked Bandits","floor":20,"gold_loss":0},{"damage_healed":0,"gold_gain":50,"player_choice":"Stole From Cult","damage_taken":0,"max_hp_gain":0,"max_hp_loss":0,"event_name":"Nest","floor":21,"gold_loss":0}],"is_beta":false,"boss_relics":[{"not_picked":["Runic Pyramid","Velvet Choker","Cursed Key"]}],"items_purged_floors":[2],"is_endless":false,"potions_floor_spawned":[11,14,18,19,20],"killed_by":"Snake Plant","ascension_level":16}