{"gold_per_floor":[115,115,128,154,168,168,187,187,210,135,135,149,149,164,164,264,264,275,200,300,316,316,316],"floor_reached":23,"playtime":2361,"items_purged":["Strike_G"],"score":262,"play_id":"aaaaa31c-0def-4873-ae52-c2061c01e6cb","local_time":"20190603001613","is_ascension_mode":true,"campfire_choices":[{"data":"Flechettes","floor":6,"key":"SMITH"},{"data":"Dodge and Roll","floor":8,"key":"SMITH"},{"data":"Dodge and Roll","floor":11,"key":"SMITH"},{"data":"Skewer","floor":15,"key":"SMITH"}],"neow_cost":"NONE","seed_source_timestamp":5500173678400,"circlet_count":0,"master_deck":["Defend_G","Defend_G","Defend_G","Survivor","Neutralize","Dodge and Roll+1","Flechettes+1","Dodge and Roll+1","Skewer+1","Predator+1","Calculated Gamble+1","Acrobatics+1","Dodge and Roll","Flying Knee"],"relics":["Ring of the Snake","NeowsBlessing","Potion Belt","Blood Vial","Vajra","Astrolabe","Du-Vu Doll","Ornamental Fan"],"potions_floor_usage":[12,16,16,23,23],"damage_taken":[{"damage":0,"enemies":"2 Louse","floor":1,"turns":1},{"damage":0,"enemies":"Cultist","floor":3,"turns":1},{"damage":0,"enemies":"Jaw Worm","floor":5,"turns":1},{"damage":1,"enemies":"Large Slime","floor":7,"turns":7},{"damage":4,"enemies":"Exordium Thugs","floor":12,"turns":5},{"damage":0,"enemies":"2 Fungi Beasts","floor":14,"turns":3},{"damage":23,"enemies":"The Guardian","floor":16,"turns":21},{"damage":0,"enemies":"Shell Parasite","floor":18,"turns":6},{"damage":7,"enemies":"Colosseum Slavers","floor":20,"turns":4},{"damage":54,"enemies":"Colosseum Nobs","floor":20,"turns":6},{"damage":0,"enemies":"Chosen","floor":21,"turns":4},{"damage":8,"enemies":"Slavers","floor":23,"turns":1}],"seed_played":"7468374753143439135","potions_obtained":[{"floor":3,"key":"SkillPotion"},{"floor":5,"key":"Dexterity Potion"},{"floor":7,"key":"AttackPotion"},{"floor":14,"key":"Block Potion"},{"floor":16,"key":"Ancient Potion"},{"floor":20,"key":"AttackPotion"},{"floor":21,"key":"AttackPotion"}],"is_trial":false,"path_per_floor":["M","?","M","T","M","R","M","R","T","$","R","M","?","M","R","B",null,"M","?","?","M","?","E"],"character_chosen":"THE_SILENT","items_purchased":[],"campfire_rested":0,"item_purchase_floors":[],"current_hp_per_floor":[63,63,63,63,63,63,62,62,62,62,62,60,42,44,44,23,58,60,60,3,5,5,0],"gold":316,"neow_bonus":"THREE_ENEMY_KILL","is_prod":false,"is_daily":false,"chose_seed":false,"campfire_upgraded":4,"win_rate":0,"timestamp":1559546173,"path_taken":["M","?","?","?","M","R","M","R","T","?","R","M","?","M","R","BOSS","M","?","?","M","?","E"],"build_version":"2019-01-23","purchased_purges":1,"victory":false,"max_hp_per_floor":[70,70,70,70,70,70,70,70,70,70,70,70,70,70,70,70,70,70,70,70,70,70,70],"card_choices":[{"not_picked":["Blade Dance","Well Laid Plans"],"picked":"Dodge and Roll","floor":1},{"not_picked":["Deflect","Quick Slash"],"picked":"Flechettes","floor":3},{"not_picked":["Setup","Backstab","Calculated Gamble"],"picked":"SKIP","floor":5},{"not_picked":["Bane","Cloak And Dagger"],"picked":"Dodge and Roll","floor":7},{"not_picked":["Catalyst","Underhanded Strike","Predator"],"picked":"SKIP","floor":12},{"not_picked":["Well Laid Plans","Dagger Throw"],"picked":"Skewer","floor":14},{"not_picked":["Acrobatics","Dagger Throw"],"picked":"Dodge and Roll","floor":18},{"not_picked":["Underhanded Strike","Backflip"],"picked":"Flying Knee","floor":21}],"player_experience":426335,"relics_obtained":[{"floor":4,"key":"Potion Belt"},{"floor":9,"key":"Blood Vial"},{"floor":20,"key":"Du-Vu Doll"},{"floor":20,"key":"Ornamental Fan"}],"event_choices":[{"cards_removed":["Strike_G"],"damage_healed":0,"gold_gain":0,"player_choice":"Purged","damage_taken":0,"max_hp_gain":0,"max_hp_loss":0,"event_name":"Purifier","floor":2,"gold_loss":0},{"damage_healed":0,"gold_gain":0,"player_choice":"Success","damage_taken":18,"relics_obtained":["Vajra"],"max_hp_gain":0,"max_hp_loss":0,"event_name":"Scrap Ooze","floor":13,"gold_loss":0},{"cards_removed":["Defend_G"],"damage_healed":0,"gold_gain":0,"player_choice":"Gave Gold","damage_taken":0,"max_hp_gain":0,"max_hp_loss":0,"event_name":"Beggar","floor":19,"gold_loss":75},{"damage_healed":0,"gold_gain":0,"player_choice":"Fight","damage_taken":0,"max_hp_gain":0,"max_hp_loss":0,"event_name":"Colosseum","floor":20,"gold_loss":0},{"damage_healed":0,"gold_gain":0,"player_choice":"Fought Nobs","damage_taken":0,"max_hp_gain":0,"max_hp_loss":0,"event_name":"Colosseum","floor":20,"gold_loss":0},{"cards_removed":["Strike_G"],"damage_healed":0,"gold_gain":0,"player_choice":"Elegance","damage_taken":0,"max_hp_gain":0,"max_hp_loss":0,"event_name":"Back to Basics","floor":22,"gold_loss":0}],"is_beta":false,"boss_relics":[{"not_picked":["Fusion Hammer","HoveringKite"],"picked":"Astrolabe"}],"items_purged_floors":[10],"is_endless":false,"potions_floor_spawned":[3,5,7,14,16,20,21],"killed_by":"Slavers","ascension_level":9}