{"gold_per_floor":[111,122,137,153,153,153,167,193,193,193,23,34,51,76,76,177,177,193,203,13,39,50,50,79,79,79,79,94,123,123,6,6,104,104,124,124,137,137,137,137,162,180,180,195,214,225,225,245,245,245],"floor_reached":51,"playtime":5958,"items_purged":[],"score":978,"play_id":"9b47e2a0-5f11-42ee-9a2c-9ebfc2682634","local_time":"20181020011759","is_ascension_mode":true,"campfire_choices":[{"data":"Neutralize","floor":6,"key":"SMITH"},{"floor":10,"key":"REST"},{"floor":15,"key":"REST"},{"data":"Panache","floor":23,"key":"SMITH"},{"data":"Apotheosis","floor":25,"key":"SMITH"},{"floor":32,"key":"REST"},{"data":"Envenom","floor":40,"key":"SMITH"},{"floor":47,"key":"REST"},{"floor":49,"key":"REST"}],"neow_cost":"NONE","seed_source_timestamp":19843833113006,"circlet_count":0,"master_deck":["Defend_G","Defend_G","Defend_G","Defend_G","Strike_G","Survivor","Neutralize+1","Leg Sweep","Terror","Dagger Spray","Dodge and Roll","Blur","Unload","Panache+1","Quick Slash","Deflect","Slice","Die Die Die","Burst+1","Dagger Throw+1","Reflex+1","Deflect+1","Infinite Blades","Apotheosis+1","Footwork","Blade Dance","Dash","Cloak And Dagger+1","Cloak And Dagger+1","Deadly Poison+1","Dramatic Entrance","Envenom+1","Bouncing Flask+1","Noxious Fumes+1","Acrobatics+1","Infinite Blades","Slice+1","Acrobatics+1","Masterful Stab+1","Doppelganger+1","Prepared+1","Dodge and Roll+1","Parasite","Accuracy+1","Deflect+1"],"relics":["Ring of the Snake","PreservedInsect","Lantern","Pen Nib","Snake Skull","Astrolabe","Blood Vial","The Courier","Toxic Egg 2","Ornamental Fan","Dead Branch","Empty Cage","StoneCalendar","Ninja Scroll","Prayer Wheel","Molten Egg 2"],"potions_floor_usage":[3,7,8,12,16,16,24,28,28,42,44,50,50,50,50],"damage_taken":[{"damage":0,"enemies":"Cultist","floor":1,"turns":5},{"damage":0,"enemies":"Jaw Worm","floor":2,"turns":7},{"damage":13,"enemies":"Small Slimes","floor":3,"turns":6},{"damage":10,"enemies":"3 Louse","floor":4,"turns":3},{"damage":4,"enemies":"Gremlin Gang","floor":7,"turns":6},{"damage":13,"enemies":"Gremlin Nob","floor":8,"turns":4},{"damage":2,"enemies":"Large Slime","floor":12,"turns":7},{"damage":0,"enemies":"2 Fungi Beasts","floor":13,"turns":3},{"damage":6,"enemies":"Lagavulin","floor":14,"turns":6},{"damage":9,"enemies":"Slime Boss","floor":16,"turns":8},{"damage":2,"enemies":"Shell Parasite","floor":18,"turns":6},{"damage":4,"enemies":"2 Thieves","floor":19,"turns":4},{"damage":0,"enemies":"3 Cultists","floor":22,"turns":4},{"damage":0,"enemies":"Gremlin Leader","floor":24,"turns":6},{"damage":6,"enemies":"Sentry and Sphere","floor":28,"turns":5},{"damage":19,"enemies":"Slavers","floor":29,"turns":7},{"damage":38,"enemies":"Automaton","floor":33,"turns":9},{"damage":3,"enemies":"3 Darklings","floor":35,"turns":3},{"damage":0,"enemies":"Mind Bloom Boss Battle","floor":36,"turns":5},{"damage":1,"enemies":"3 Shapes","floor":37,"turns":2},{"damage":23,"enemies":"Giant Head","floor":41,"turns":6},{"damage":0,"enemies":"Sphere and 2 Shapes","floor":42,"turns":4},{"damage":5,"enemies":"Spire Growth","floor":44,"turns":5},{"damage":0,"enemies":"4 Shapes","floor":45,"turns":3},{"damage":16,"enemies":"Writhing Mass","floor":46,"turns":5},{"damage":5,"enemies":"Sphere and 2 Shapes","floor":48,"turns":5},{"damage":27,"enemies":"Awakened One","floor":50,"turns":10}],"seed_played":"-7815092668900818524","potions_obtained":[{"floor":1,"key":"Regen Potion"},{"floor":4,"key":"Weak Potion"},{"floor":7,"key":"EntropicBrew"},{"floor":8,"key":"Fire Potion"},{"floor":13,"key":"PowerPotion"},{"floor":16,"key":"Ancient Potion"},{"floor":22,"key":"Swift Potion"},{"floor":24,"key":"Poison Potion"},{"floor":28,"key":"Strength Potion"},{"floor":33,"key":"Poison Potion"},{"floor":37,"key":"GamblersBrew"},{"floor":44,"key":"EntropicBrew"},{"floor":45,"key":"SpeedPotion"}],"is_trial":false,"path_per_floor":["M","M","M","M","?","R","M","E","T","R","$","M","M","E","R","B",null,"M","M","$","T","M","R","E","R","T","T","M","E","?","$","R","B",null,"M","?","M","?","T","R","E","M","T","M","M","M","R","M","R","B"],"character_chosen":"THE_SILENT","items_purchased":["Panache","Apotheosis","Deadly Poison+1","Dramatic Entrance"],"campfire_rested":5,"item_purchase_floors":[11,20,31,31],"current_hp_per_floor":[63,63,64,54,54,54,50,37,37,58,58,56,56,50,70,61,68,66,62,62,62,64,64,66,66,66,66,62,45,45,45,66,30,60,59,61,62,62,62,62,41,43,43,40,42,28,49,46,67,42],"gold":245,"neow_bonus":"RANDOM_COMMON_RELIC","is_prod":false,"is_daily":false,"chose_seed":false,"campfire_upgraded":4,"win_rate":0,"timestamp":1539994679,"path_taken":["M","M","M","M","?","R","?","E","T","R","$","M","M","E","R","BOSS","M","?","?","?","M","R","E","R","T","?","?","E","?","$","R","BOSS","M","?","M","?","?","R","E","M","T","M","M","M","R","M","R","BOSS"],"build_version":"2018-10-18","purchased_purges":0,"victory":true,"max_hp_per_floor":[70,70,70,70,70,70,70,70,70,70,70,70,70,70,70,70,70,70,70,70,70,70,70,70,70,70,70,70,70,70,70,70,70,70,70,70,70,70,70,70,70,70,70,70,70,70,70,70,70,70],"card_choices":[{"not_picked":["Quick Slash","Blade Dance"],"picked":"Leg Sweep","floor":1},{"not_picked":["Poisoned Stab","Skewer"],"picked":"Terror","floor":2},{"not_picked":["Underhanded Strike","Backflip"],"picked":"Dagger Spray","floor":3},{"not_picked":["Concentrate","Sucker Punch"],"picked":"Dodge and Roll","floor":4},{"not_picked":["Dagger Spray","Prepared"],"picked":"Blur","floor":7},{"not_picked":["Sucker Punch","Masterful Stab"],"picked":"Unload","floor":8},{"not_picked":["Acrobatics","Terror"],"picked":"Quick Slash","floor":12},{"not_picked":["Terror","Predator"],"picked":"Deflect","floor":13},{"not_picked":["Finisher","Doppelganger"],"picked":"Slice","floor":14},{"not_picked":["Venomology","Grand Finale"],"picked":"Die Die Die","floor":16},{"not_picked":["Dodge and Roll","Sucker Punch+1"],"picked":"Deflect+1","floor":18},{"not_picked":["Crippling Poison","All Out Attack"],"picked":"Infinite Blades","floor":19},{"not_picked":["Underhanded Strike","Expertise+1"],"picked":"Footwork","floor":22},{"not_picked":["Expertise","Quick Slash"],"picked":"Blade Dance","floor":24},{"not_picked":["Backflip+1","Flying Knee+1"],"picked":"Dash","floor":28},{"not_picked":["Poisoned Stab","Glass Knife"],"picked":"Cloak And Dagger+1","floor":29},{"not_picked":["Wraith Form v2","Phantasmal Killer+1"],"picked":"Envenom","floor":33},{"not_picked":["Setup+1","Slice+1"],"picked":"Bouncing Flask+1","floor":35},{"not_picked":["Dagger Throw","Heel Hook"],"picked":"Noxious Fumes+1","floor":36},{"not_picked":["Sucker Punch+1","Heel Hook"],"picked":"Acrobatics+1","floor":37},{"not_picked":["Grand Finale","Outmaneuver+1"],"picked":"Infinite Blades","floor":41},{"not_picked":["Dagger Throw+1","Sucker Punch"],"picked":"Slice+1","floor":42},{"not_picked":["Distraction+1","Dagger Spray"],"picked":"Acrobatics+1","floor":42},{"not_picked":["Prepared+1","Skewer+1"],"picked":"Masterful Stab+1","floor":44},{"not_picked":["Dash+1","Deflect+1"],"picked":"Doppelganger+1","floor":44},{"not_picked":["Deadly Poison+1","Flying Knee+1"],"picked":"Prepared+1","floor":45},{"not_picked":["Backflip+1","Acrobatics+1"],"picked":"Dodge and Roll+1","floor":45},{"not_picked":["Slice+1","Dagger Spray+1"],"picked":"Accuracy+1","floor":46},{"not_picked":["Slice+1","Dagger Throw+1","Backflip+1"],"picked":"SKIP","floor":46},{"not_picked":["Slice+1","Bullet Time+1"],"picked":"Deflect+1","floor":48},{"not_picked":["Reflex+1","Dagger Spray+1","PiercingWail+1"],"picked":"SKIP","floor":48}],"player_experience":718438,"relics_obtained":[{"floor":8,"key":"Lantern"},{"floor":9,"key":"Pen Nib"},{"floor":14,"key":"Snake Skull"},{"floor":21,"key":"Blood Vial"},{"floor":24,"key":"The Courier"},{"floor":26,"key":"Toxic Egg 2"},{"floor":27,"key":"Ornamental Fan"},{"floor":29,"key":"Dead Branch"},{"floor":36,"key":"StoneCalendar"},{"floor":39,"key":"Ninja Scroll"},{"floor":41,"key":"Prayer Wheel"},{"floor":43,"key":"Molten Egg 2"}],"event_choices":[{"damage_healed":0,"gold_gain":0,"player_choice":"Ignored","damage_taken":0,"max_hp_gain":0,"max_hp_loss":0,"event_name":"Golden Idol","floor":5,"gold_loss":0},{"damage_healed":0,"gold_gain":0,"player_choice":"Read","damage_taken":0,"max_hp_gain":0,"max_hp_loss":0,"event_name":"The Library","floor":30,"gold_loss":0,"cards_obtained":["Cloak And Dagger"]},{"damage_healed":0,"gold_gain":0,"player_choice":"Fight","damage_taken":0,"max_hp_gain":0,"max_hp_loss":0,"event_name":"MindBloom","floor":36,"gold_loss":0},{"damage_healed":0,"gold_gain":0,"player_choice":"Ignored","damage_taken":0,"max_hp_gain":0,"max_hp_loss":0,"event_name":"Mysterious Sphere","floor":38,"gold_loss":0}],"is_beta":false,"boss_relics":[{"not_picked":["HoveringKite","Snecko Eye"],"picked":"Astrolabe"},{"not_picked":["Velvet Choker","Runic Dome"],"picked":"Empty Cage"}],"items_purged_floors":[],"is_endless":false,"potions_floor_spawned":[1,4,7,8,13,16,22,24,28,33,36,37,44,45],"ascension_level":7}