{"gold_per_floor":[212,228,228,243,168,168,180,194,220,233,233,250,280,295,295,295],"floor_reached":16,"playtime":698,"items_purged":["Defend_R"],"score":133,"play_id":"cdd1eeab-66c3-4ca7-abf0-e42ce939d2d1","local_time":"20190220020405","is_ascension_mode":true,"campfire_choices":[{"floor":15,"key":"REST"}],"neow_cost":"NONE","seed_source_timestamp":189134608348000,"circlet_count":0,"master_deck":["Strike_R","Strike_R","Strike_R","Defend_R","Defend_R","Defend_R","Bash","Flex","Dropkick","Shrug It Off","Thunderclap","Twin Strike","Shrug It Off","Sword Boomerang"],"relics":["Burning Blood","Bronze Scales","Regal Pillow","Bag of Preparation"],"potions_floor_usage":[13,13,16,16],"damage_taken":[{"damage":16,"enemies":"2 Louse","floor":1,"turns":3},{"damage":14,"enemies":"Jaw Worm","floor":2,"turns":3},{"damage":0,"enemies":"Small Slimes","floor":4,"turns":2},{"damage":15,"enemies":"Red Slaver","floor":7,"turns":2},{"damage":17,"enemies":"Gremlin Gang","floor":8,"turns":4},{"damage":2,"enemies":"2 Fungi Beasts","floor":10,"turns":3},{"damage":0,"enemies":"3 Louse","floor":12,"turns":2},{"damage":45,"enemies":"3 Sentries","floor":13,"turns":7},{"damage":4,"enemies":"Exordium Wildlife","floor":14,"turns":3},{"damage":49,"enemies":"The Guardian","floor":16,"turns":11}],"seed_played":"7312366448558790521","potions_obtained":[{"floor":7,"key":"SkillPotion"},{"floor":10,"key":"BloodPotion"},{"floor":12,"key":"SpeedPotion"},{"floor":13,"key":"SpeedPotion"}],"is_trial":false,"path_per_floor":["M","M","?","M","$","?","M","M","T","M","?","M","E","M","R","B"],"character_chosen":"IRONCLAD","items_purchased":[],"campfire_rested":1,"item_purchase_floors":[],"current_hp_per_floor":[70,62,50,56,56,49,40,29,29,33,33,39,8,10,49,0],"gold":295,"neow_bonus":"HUNDRED_GOLD","is_prod":false,"is_daily":false,"chose_seed":false,"campfire_upgraded":0,"win_rate":0,"timestamp":1550657045,"path_taken":["M","M","?","M","$","?","?","M","T","M","?","?","E","?","R","BOSS"],"build_version":"2019-01-23","purchased_purges":1,"victory":false,"max_hp_per_floor":[80,80,80,80,80,80,80,80,80,80,80,80,80,80,80,80],"card_choices":[{"not_picked":["Havoc","Bloodletting"],"picked":"Flex","floor":1},{"not_picked":["Corruption","Heavy Blade"],"picked":"Dropkick","floor":2},{"not_picked":["Clothesline","Second Wind"],"picked":"Shrug It Off","floor":4},{"not_picked":["Twin Strike","Dropkick"],"picked":"Thunderclap","floor":7},{"not_picked":["Offering","Rampage"],"picked":"Twin Strike","floor":8},{"not_picked":["Headbutt","Fire Breathing","Disarm"],"picked":"SKIP","floor":10},{"not_picked":["Flame Barrier","Pommel Strike"],"picked":"Shrug It Off","floor":12},{"not_picked":["Flex","Warcry"],"picked":"Sword Boomerang","floor":13},{"not_picked":["Power Through","Ghostly Armor","Perfected Strike"],"picked":"SKIP","floor":14}],"player_experience":222507,"relics_obtained":[{"floor":9,"key":"Regal Pillow"},{"floor":13,"key":"Bag of Preparation"}],"event_choices":[{"damage_healed":0,"gold_gain":0,"player_choice":"Success","damage_taken":12,"relics_obtained":["Bronze Scales"],"max_hp_gain":0,"max_hp_loss":0,"event_name":"Scrap Ooze","floor":3,"gold_loss":0},{"cards_removed":["Strike_R"],"damage_healed":0,"gold_gain":0,"player_choice":"Card Removal","damage_taken":7,"max_hp_gain":0,"max_hp_loss":0,"event_name":"Golden Wing","floor":6,"gold_loss":0},{"cards_removed":["Strike_R"],"damage_healed":0,"gold_gain":0,"player_choice":"Card Removal","damage_taken":0,"max_hp_gain":0,"max_hp_loss":0,"event_name":"Wheel of Change","floor":11,"gold_loss":0}],"is_beta":false,"boss_relics":[],"items_purged_floors":[5],"is_endless":false,"potions_floor_spawned":[7,10,12,13],"killed_by":"The Guardian","ascension_level":5}