{"gold_per_floor":[113,126,126,137,147,147,165,165,165,240,256,256,274,274,274,375,375,394,394,411,431,52,52,86,86,86,86,115,15,30,30,30,130,130,143,143,143,18,30,30,42,42,42,54,166,178,210,238,250,262],"floor_reached":51,"playtime":1445,"items_purged":["Strike_G","Strike_G","Strike_G"],"score":963,"play_id":"1c88518f-2d41-4c65-b82f-9163bdc2aacf","local_time":"20190528151022","is_ascension_mode":true,"campfire_choices":[{"data":"Flying Knee","floor":6.0,"key":"SMITH"},{"data":"Quick Slash","floor":8.0,"key":"SMITH"},{"floor":12.0,"key":"REST"},{"data":"1","floor":15.0,"key":"LIFT"},{"floor":23.0,"key":"REST"},{"floor":27.0,"key":"REST"},{"floor":32.0,"key":"REST"},{"data":"Burst","floor":40.0,"key":"SMITH"},{"data":"Catalyst","floor":42,"key":"SMITH"},{"data":"Deadly Poison","floor":46,"key":"SMITH"},{"floor":49,"key":"REST"}],"neow_cost":"NONE","seed_source_timestamp":0,"circlet_count":0,"master_deck":["Defend_G","Defend_G","Defend_G","Defend_G","Survivor","Neutralize","Dagger Spray","Blur","Quick Slash+1","Flying Knee+1","Backflip","Flying Knee","Corpse Explosion","Catalyst+1","Deadly Poison+1","Catalyst+1","Catalyst+1","Well Laid Plans","Burst+1","Master of Strategy"],"special_seed":0,"relics":["Ring of the Snake","Girya","Philosopher\u0027s Stone","Art of War","Bird Faced Urn","Matryoshka","FossilizedHelix","Busted Crown","Pen Nib","MawBank","Shovel"],"potions_floor_usage":[41,50,50],"damage_taken":[{"damage":6.0,"enemies":"Cultist","floor":1.0,"turns":5.0},{"damage":7.0,"enemies":"Jaw Worm","floor":2.0,"turns":4.0},{"damage":0.0,"enemies":"2 Louse","floor":4.0,"turns":2.0},{"damage":18.0,"enemies":"Large Slime","floor":5.0,"turns":8.0},{"damage":2.0,"enemies":"2 Fungi Beasts","floor":7.0,"turns":3.0},{"damage":2.0,"enemies":"Lots of Slimes","floor":11.0,"turns":3.0},{"damage":0.0,"enemies":"Blue Slaver","floor":13.0,"turns":3.0},{"damage":47.0,"enemies":"Hexaghost","floor":16.0,"turns":12.0},{"damage":22.0,"enemies":"2 Thieves","floor":18.0,"turns":3.0},{"damage":6.0,"enemies":"Spheric Guardian","floor":20.0,"turns":4.0},{"damage":53.0,"enemies":"Snecko","floor":21.0,"turns":5.0},{"damage":24.0,"enemies":"Slavers","floor":24.0,"turns":2.0},{"damage":19.0,"enemies":"Book of Stabbing","floor":28.0,"turns":3.0},{"damage":0.0,"enemies":"Cultist and Chosen","floor":30.0,"turns":4.0},{"damage":20.0,"enemies":"Collector","floor":33.0,"turns":7.0},{"damage":0.0,"enemies":"3 Shapes","floor":35.0,"turns":3.0},{"damage":0.0,"enemies":"Orb Walker","floor":39.0,"turns":2.0},{"damage":12,"enemies":"4 Shapes","floor":41,"turns":4},{"damage":0,"enemies":"Mind Bloom Boss Battle","floor":45,"turns":2},{"damage":16,"enemies":"Jaw Worm Horde","floor":47,"turns":3},{"damage":0,"enemies":"Maw","floor":48,"turns":2},{"damage":13,"enemies":"Donu and Deca","floor":50,"turns":2}],"seed_played":"8028203439667569570","potions_obtained":[{"floor":7.0,"key":"FairyPotion"},{"floor":11.0,"key":"Poison Potion"},{"floor":16.0,"key":"Swift Potion"},{"floor":19.0,"key":"SteroidPotion"},{"floor":20.0,"key":"Ancient Potion"},{"floor":24.0,"key":"Ancient Potion"},{"floor":28.0,"key":"Weak Potion"},{"floor":33.0,"key":"Block Potion"},{"floor":35.0,"key":"FearPotion"},{"floor":41,"key":"Strength Potion"},{"floor":47,"key":"Poison Potion"}],"is_trial":false,"path_per_floor":["M","M","?","M","M","R","M","R","T","?","M","R","M","?","R","B",null,"M","?","M","M","$","R","E","?","T","R","E","$","M","$","R","B",null,"M","?","?","$","M","R","M","R","T","?","?","R","M","M","R","B",null],"character_chosen":"THE_SILENT","items_purchased":["Art of War","Catalyst","Well Laid Plans"],"campfire_rested":5,"item_purchase_floors":[22,22,22],"current_hp_per_floor":[57,50,43,43,25,25,23,23,23,12,10,31,31,54,54,7,54,32,32,26,7,7,28,4,4,4,25,6,6,8,8,29,11,55,57,57,57,57,59,59,49,49,49,49,49,49,35,37,56,43],"gold":274,"neow_bonus":"REMOVE_CARD","is_prod":false,"is_daily":false,"chose_seed":false,"campfire_upgraded":5,"win_rate":0,"timestamp":1559081422,"path_taken":["M","?","?","M","M","R","M","R","T","?","M","R","M","?","R","BOSS","M","?","?","M","$","R","E","?","T","R","E","$","M","$","R","BOSS","M","?","?","$","M","R","M","R","T","?","?","R","M","?","R","BOSS"],"build_version":"2019-01-23","purchased_purges":3,"victory":true,"max_hp_per_floor":[70,70,70,70,70,70,70,70,70,70,70,70,70,70,70,70,70,70,70,70,70,70,70,70,70,70,70,70,70,70,70,70,70,70,70,70,70,70,70,70,70,70,70,66,66,66,66,66,66,66],"card_choices":[{"not_picked":["Dagger Throw","Acrobatics"],"picked":"Dagger Spray","floor":1.0},{"not_picked":["Endless Agony","Terror"],"picked":"Blur","floor":2.0},{"not_picked":["Deflect","Die Die Die"],"picked":"Quick Slash","floor":4.0},{"not_picked":["Underhanded Strike","Acrobatics"],"picked":"Flying Knee","floor":5.0},{"not_picked":["Escape Plan","Flying Knee"],"picked":"Backflip","floor":7.0},{"not_picked":["Deadly Poison","Infinite Blades"],"picked":"Flying Knee","floor":11.0},{"not_picked":["Masterful Stab","Underhanded Strike","Bouncing Flask"],"picked":"SKIP","floor":13.0},{"not_picked":["Night Terror","Glass Knife"],"picked":"Corpse Explosion","floor":16.0},{"not_picked":["Outmaneuver","Concentrate"],"picked":"Catalyst+1","floor":18.0},{"not_picked":["Backstab","Quick Slash"],"picked":"Deadly Poison","floor":20.0},{"not_picked":["Flechettes+1","Blur"],"picked":"Catalyst+1","floor":21.0},{"not_picked":["Calculated Gamble","Terror","Riddle With Holes"],"picked":"SKIP","floor":24.0},{"not_picked":["Predator","Bane+1","Slice"],"picked":"SKIP","floor":28.0},{"not_picked":["Accuracy","PiercingWail","Dodge and Roll"],"picked":"SKIP","floor":30.0},{"not_picked":["Bullet Time","Adrenaline"],"picked":"Burst","floor":33.0},{"not_picked":["All Out Attack+1"],"picked":"SKIP","floor":35.0},{"not_picked":[],"picked":"Master of Strategy","floor":36.0},{"not_picked":["Backflip"],"picked":"SKIP","floor":39.0},{"not_picked":["Flying Knee+1"],"picked":"SKIP","floor":41},{"not_picked":["Skewer"],"picked":"SKIP","floor":47},{"not_picked":["Tactician+1"],"picked":"SKIP","floor":48}],"player_experience":421026,"relics_obtained":[{"floor":9.0,"key":"Girya"},{"floor":24.0,"key":"Bird Faced Urn"},{"floor":26.0,"key":"Matryoshka"},{"floor":28.0,"key":"FossilizedHelix"},{"floor":43,"key":"Pen Nib"},{"floor":43,"key":"MawBank"},{"floor":45,"key":"Shovel"}],"event_choices":[{"cards_removed":["Defend_G"],"damage_healed":0.0,"max_hp_gain":0.0,"max_hp_loss":0.0,"gold_gain":0.0,"event_name":"Golden Wing","player_choice":"Card Removal","floor":3.0,"gold_loss":0.0,"damage_taken":7.0},{"damage_healed":0.0,"max_hp_gain":0.0,"max_hp_loss":0.0,"gold_gain":75.0,"event_name":"World of Goop","player_choice":"Gather Gold","floor":10.0,"gold_loss":0.0,"damage_taken":11.0},{"damage_healed":23.0,"max_hp_gain":0.0,"max_hp_loss":0.0,"gold_gain":0.0,"event_name":"Big Fish","player_choice":"Banana","floor":14.0,"gold_loss":0.0,"damage_taken":0.0},{"damage_healed":0.0,"max_hp_gain":0.0,"max_hp_loss":0.0,"gold_gain":0.0,"event_name":"Lab","player_choice":"Got Potions","floor":19.0,"gold_loss":0.0,"damage_taken":0.0},{"damage_healed":0.0,"max_hp_gain":0.0,"max_hp_loss":0.0,"gold_gain":0.0,"event_name":"Cursed Tome","player_choice":"Ignored","floor":25.0,"gold_loss":0.0,"damage_taken":0.0},{"damage_healed":0.0,"max_hp_gain":0.0,"max_hp_loss":0.0,"gold_gain":0.0,"event_name":"SensoryStone","player_choice":"Memory 1","floor":36.0,"gold_loss":0.0,"damage_taken":0.0},{"cards_removed":["Strike_G"],"damage_healed":0.0,"max_hp_gain":0.0,"max_hp_loss":0.0,"gold_gain":0.0,"event_name":"Falling","player_choice":"Removed Attack","floor":37.0,"gold_loss":0.0,"damage_taken":0.0},{"damage_healed":0,"gold_gain":0,"player_choice":"Max HP","damage_taken":0,"max_hp_gain":0,"max_hp_loss":4,"event_name":"Winding Halls","floor":44,"gold_loss":0},{"damage_healed":0,"gold_gain":0,"player_choice":"Fight","damage_taken":0,"max_hp_gain":0,"max_hp_loss":0,"event_name":"MindBloom","floor":45,"gold_loss":0}],"is_beta":false,"boss_relics":[{"not_picked":["Lizard Tail","WristBlade"],"picked":"Philosopher\u0027s Stone"},{"not_picked":["White Beast Statue","Snecko Eye"],"picked":"Busted Crown"}],"items_purged_floors":[22,29,38],"is_endless":false,"potions_floor_spawned":[7,11,16,20,24,28,33,35,41,47],"ascension_level":8}