{"gold_per_floor":[116,41,41,55,5,45,45,70,141,216,216,216,240,140,140,261,261,280,155,176,176,200,200,50,63,63,87,2,2,2,2,2,2],"floor_reached":33,"playtime":1332,"items_purged":["Strike_R","Strike_R","Strike_R","Defend_R"],"score":322,"play_id":"38d1c0a8-a820-4d6a-b7b8-ff79cbf15004","local_time":"20190211154058","is_ascension_mode":true,"campfire_choices":[{"data":"Flame Barrier","floor":7,"key":"SMITH"},{"data":"Headbutt","floor":11,"key":"SMITH"},{"data":"Flex","floor":15,"key":"SMITH"},{"data":"Juggernaut","floor":23,"key":"SMITH"},{"data":"Cleave","floor":29,"key":"SMITH"},{"data":"Bash","floor":32,"key":"SMITH"}],"neow_cost":"NONE","seed_source_timestamp":196416749476800,"circlet_count":0,"master_deck":["Strike_R","Strike_R","Defend_R+1","Defend_R","Bash+1","Shrug It Off+1","Flame Barrier+1","Headbutt+1","Flex+1","Reaper","Juggernaut+1","Cleave+1","Decay","Sword Boomerang+1","Shame"],"relics":["Burning Blood","NeowsBlessing","Golden Idol","Dream Catcher","Darkstone Periapt","FossilizedHelix","Cursed Key","Smiling Mask","Shuriken","War Paint"],"potions_floor_usage":[16,16,22,33,33,33,33,33],"damage_taken":[{"damage":0,"enemies":"Cultist","floor":1,"turns":1},{"damage":0,"enemies":"Jaw Worm","floor":4,"turns":1},{"damage":0,"enemies":"3 Sentries","floor":6,"turns":1},{"damage":0,"enemies":"Small Slimes","floor":8,"turns":3},{"damage":7,"enemies":"3 Louse","floor":13,"turns":4},{"damage":18,"enemies":"The Guardian","floor":16,"turns":11},{"damage":0,"enemies":"3 Byrds","floor":18,"turns":3},{"damage":8,"enemies":"Spheric Guardian","floor":20,"turns":7},{"damage":21,"enemies":"Centurion and Healer","floor":22,"turns":12},{"damage":20,"enemies":"Sentry and Sphere","floor":25,"turns":6},{"damage":22,"enemies":"Cultist and Chosen","floor":27,"turns":7},{"damage":134,"enemies":"Collector","floor":33,"turns":8}],"seed_played":"2938274132176583674","potions_obtained":[{"floor":6,"key":"SkillPotion"},{"floor":13,"key":"Block Potion"},{"floor":16,"key":"FearPotion"},{"floor":21,"key":"Regen Potion"},{"floor":21,"key":"Block Potion"},{"floor":22,"key":"EntropicBrew"},{"floor":27,"key":"SpeedPotion"}],"is_trial":false,"path_per_floor":["M","$","?","M","?","E","R","M","T","?","R","?","M","$","R","B",null,"M","$","M","?","M","R","$","M","T","M","?","R","?","T","R","B"],"character_chosen":"IRONCLAD","items_purchased":[],"campfire_rested":0,"item_purchase_floors":[],"current_hp_per_floor":[80,80,74,74,74,74,74,74,74,63,63,63,62,62,62,50,74,74,74,72,72,63,63,63,54,60,50,50,50,76,82,82,0],"gold":2,"neow_bonus":"THREE_ENEMY_KILL","is_prod":false,"is_daily":false,"chose_seed":false,"campfire_upgraded":6,"win_rate":0,"timestamp":1549928458,"path_taken":["M","$","?","M","?","E","R","M","T","?","R","?","M","$","R","BOSS","M","$","M","?","M","R","$","?","T","M","?","R","?","?","R","BOSS"],"build_version":"2019-01-23","purchased_purges":4,"victory":false,"max_hp_per_floor":[80,80,74,74,74,74,74,74,74,74,74,74,74,74,74,74,74,74,74,74,74,74,74,74,74,80,80,80,80,80,86,86,86],"card_choices":[{"not_picked":["Perfected Strike","Heavy Blade","Body Slam"],"picked":"SKIP","floor":1},{"not_picked":["Havoc","Uppercut"],"picked":"Shrug It Off","floor":4},{"not_picked":["Wild Strike","Corruption"],"picked":"Flame Barrier","floor":6},{"not_picked":["Blood for Blood","Clash"],"picked":"Headbutt","floor":8},{"not_picked":["Warcry","Wild Strike"],"picked":"Flex","floor":13},{"not_picked":["Fiend Fire","Berserk"],"picked":"Reaper","floor":16},{"not_picked":["Flame Barrier+1","Rage","Metallicize"],"picked":"SKIP","floor":18},{"not_picked":["Headbutt","Sentinel","Shrug It Off"],"picked":"SKIP","floor":20},{"not_picked":["Flex+1","Anger"],"picked":"Juggernaut","floor":22},{"not_picked":["Heavy Blade","Bloodletting"],"picked":"Cleave","floor":25},{"not_picked":["Pommel Strike","Clothesline"],"picked":"Sword Boomerang+1","floor":27}],"player_experience":142903,"relics_obtained":[{"floor":6,"key":"Dream Catcher"},{"floor":9,"key":"Darkstone Periapt"},{"floor":26,"key":"Smiling Mask"},{"floor":31,"key":"War Paint"}],"event_choices":[{"damage_healed":0,"gold_gain":0,"player_choice":"Lose Max HP","damage_taken":0,"relics_obtained":["Golden Idol"],"max_hp_gain":0,"max_hp_loss":6,"event_name":"Golden Idol","floor":3,"gold_loss":0},{"cards_removed":["Defend_R"],"damage_healed":0,"gold_gain":0,"player_choice":"Card Removal","damage_taken":0,"max_hp_gain":0,"max_hp_loss":0,"event_name":"The Cleric","floor":5,"gold_loss":50},{"damage_healed":0,"gold_gain":75,"player_choice":"Gather Gold","damage_taken":11,"max_hp_gain":0,"max_hp_loss":0,"event_name":"World of Goop","floor":10,"gold_loss":0},{"damage_healed":0,"gold_gain":0,"player_choice":"Searched \u00271\u0027 times","damage_taken":0,"relics_obtained":["FossilizedHelix"],"max_hp_gain":0,"max_hp_loss":0,"event_name":"Dead Adventurer","floor":12,"gold_loss":0},{"damage_healed":0,"gold_gain":0,"player_choice":"Got Potions","damage_taken":0,"max_hp_gain":0,"max_hp_loss":0,"event_name":"Lab","floor":21,"gold_loss":0},{"damage_healed":0,"gold_gain":0,"player_choice":"Obtained Relic","damage_taken":0,"relics_obtained":["Shuriken"],"max_hp_gain":0,"max_hp_loss":0,"event_name":"Addict","floor":28,"gold_loss":85},{"damage_healed":26,"gold_gain":0,"player_choice":"Heal","damage_taken":0,"max_hp_gain":0,"max_hp_loss":0,"event_name":"The Library","floor":30,"gold_loss":0}],"is_beta":false,"boss_relics":[{"not_picked":["White Beast Statue","Coffee Dripper"],"picked":"Cursed Key"}],"items_purged_floors":[2,14,19,24],"is_endless":false,"potions_floor_spawned":[6,13,16,22,27],"killed_by":"Collector","ascension_level":4}