{"gold_per_floor":[142,142,156,167,129,129,163,176,176,21,35,35,50,80,80,175,175,185,9,9,23,37,37,37,72,99,99,99,124,124,154,154,249,249,264,264,278,278,291,291,25,37,37,56,56,56,71,85,85,85],"floor_reached":51,"playtime":5129,"items_purged":["Strike_G"],"score":1029,"play_id":"fb831f84-d73a-4f35-bbb6-bffa0d07cad2","local_time":"20181024235625","is_ascension_mode":true,"campfire_choices":[{"data":"Neutralize","floor":6,"key":"SMITH"},{"floor":12,"key":"REST"},{"floor":15,"key":"REST"},{"floor":23,"key":"REST"},{"floor":28,"key":"REST"},{"floor":30,"key":"REST"},{"floor":32,"key":"REST"},{"floor":40,"key":"REST"},{"floor":46,"key":"REST"},{"floor":49,"key":"REST"}],"neow_cost":"NONE","seed_source_timestamp":447796383864306,"circlet_count":0,"master_deck":["Defend_G","Defend_G","Defend_G","Defend_G","Strike_G+1","Strike_G","Strike_G+1","Strike_G","Survivor","Neutralize+1","Footwork","Catalyst","Masterful Stab","A Thousand Cuts","Dodge and Roll","Deflect","Blade Dance","Endless Agony","Tools of the Trade","Slice+1","Accuracy","Cloak And Dagger","RitualDagger","Bouncing Flask+1","Dagger Spray","Distraction+1","Poisoned Stab+1","Adrenaline","Terror","Blur+1","Enlightenment","Footwork+1","Blade Dance","Caltrops","Swift Strike","Storm of Steel","Masterful Stab"],"relics":["Ring of the Snake","Tiny Chest","Bronze Scales","Mercury Hourglass","Whetstone","Anchor","Thread and Needle","Fusion Hammer","Strawberry","PreservedInsect","Tingsha","Happy Flower","WristBlade","Kunai"],"potions_floor_usage":[16,16,16,22,25,33,33,39,39,44,47,50,50,50],"damage_taken":[{"damage":0,"enemies":"2 Louse","floor":1,"turns":4},{"damage":0,"enemies":"Jaw Worm","floor":3,"turns":5},{"damage":4,"enemies":"Cultist","floor":4,"turns":5},{"damage":10,"enemies":"Lagavulin","floor":7,"turns":9},{"damage":5,"enemies":"Gremlin Gang","floor":8,"turns":3},{"damage":0,"enemies":"Exordium Wildlife","floor":11,"turns":3},{"damage":0,"enemies":"Looter","floor":13,"turns":2},{"damage":10,"enemies":"3 Sentries","floor":14,"turns":6},{"damage":0,"enemies":"Slime Boss","floor":16,"turns":10},{"damage":0,"enemies":"Shell Parasite","floor":18,"turns":5},{"damage":0,"enemies":"Spheric Guardian","floor":21,"turns":4},{"damage":17,"enemies":"Snecko","floor":22,"turns":6},{"damage":8,"enemies":"Book of Stabbing","floor":25,"turns":5},{"damage":12,"enemies":"Slavers","floor":29,"turns":4},{"damage":6,"enemies":"Book of Stabbing","floor":31,"turns":4},{"damage":37,"enemies":"Champ","floor":33,"turns":10},{"damage":1,"enemies":"Orb Walker","floor":35,"turns":3},{"damage":0,"enemies":"3 Shapes","floor":37,"turns":4},{"damage":33,"enemies":"Transient","floor":39,"turns":5},{"damage":28,"enemies":"Sphere and 2 Shapes","floor":42,"turns":6},{"damage":12,"enemies":"Jaw Worm Horde","floor":44,"turns":4},{"damage":0,"enemies":"4 Shapes","floor":47,"turns":4},{"damage":10,"enemies":"Spire Growth","floor":48,"turns":5},{"damage":81,"enemies":"Donu and Deca","floor":50,"turns":10}],"seed_played":"-4382187799746143471","potions_obtained":[{"floor":8,"key":"SkillPotion"},{"floor":11,"key":"Block Potion"},{"floor":14,"key":"AttackPotion"},{"floor":21,"key":"FearPotion"},{"floor":22,"key":"SteroidPotion"},{"floor":27,"key":"Poison Potion"},{"floor":27,"key":"Dexterity Potion"},{"floor":27,"key":"FearPotion"},{"floor":31,"key":"Fire Potion"},{"floor":33,"key":"Weak Potion"},{"floor":35,"key":"Strength Potion"},{"floor":44,"key":"Poison Potion"},{"floor":47,"key":"Regen Potion"},{"floor":48,"key":"Poison Potion"}],"is_trial":false,"path_per_floor":["M","?","M","M","?","R","E","M","T","$","M","R","M","E","R","B",null,"M","$","?","M","M","R","?","E","T","?","R","E","R","E","R","B",null,"M","?","M","?","M","R","$","M","T","M","?","R","M","M","R","B"],"character_chosen":"THE_SILENT","items_purchased":["Anchor","Accuracy","Cloak And Dagger","Blade Dance","EssenceOfSteel","Caltrops","Swift Strike"],"campfire_rested":9,"item_purchase_floors":[10,19,19,41,41,41,41],"current_hp_per_floor":[63,60,60,56,56,56,46,41,41,41,41,62,62,52,70,70,70,70,70,64,64,47,68,68,67,67,67,77,65,77,71,77,40,68,67,67,67,67,34,57,57,29,29,17,67,67,67,57,67,1],"gold":85,"neow_bonus":"RANDOM_COMMON_RELIC","is_prod":false,"is_daily":false,"chose_seed":false,"campfire_upgraded":1,"win_rate":0,"timestamp":1540421785,"path_taken":["M","?","M","M","?","R","E","M","T","$","M","R","?","E","R","BOSS","M","$","?","M","M","R","?","E","T","?","R","E","R","E","R","BOSS","M","?","M","?","M","R","$","M","T","M","?","R","M","M","R","BOSS"],"build_version":"2018-10-18","purchased_purges":1,"victory":true,"max_hp_per_floor":[70,70,70,70,70,70,70,70,70,70,70,70,70,70,70,70,70,70,70,70,70,70,70,70,77,77,77,77,77,77,77,77,77,77,77,77,77,77,77,77,77,77,77,77,67,67,67,67,67,67],"card_choices":[{"not_picked":["Outmaneuver","Sucker Punch"],"picked":"Footwork","floor":1},{"not_picked":["Poisoned Stab","Slice"],"picked":"Catalyst","floor":3},{"not_picked":["Sucker Punch","Backflip"],"picked":"Masterful Stab","floor":4},{"not_picked":["Flechettes","Blade Dance"],"picked":"A Thousand Cuts","floor":7},{"not_picked":["Catalyst","Quick Slash"],"picked":"Dodge and Roll","floor":8},{"not_picked":["Distraction","Underhanded Strike"],"picked":"Deflect","floor":11},{"not_picked":["Crippling Poison","Deflect"],"picked":"Blade Dance","floor":13},{"not_picked":["Underhanded Strike","Masterful Stab"],"picked":"Endless Agony","floor":14},{"not_picked":["Wraith Form v2","Doppelganger"],"picked":"Tools of the Trade","floor":16},{"not_picked":["Quick Slash+1","Flying Knee"],"picked":"Slice+1","floor":18},{"not_picked":["Reflex","Flechettes","Outmaneuver"],"picked":"SKIP","floor":21},{"not_picked":["Expertise","Prepared+1"],"picked":"Bouncing Flask+1","floor":22},{"not_picked":["Glass Knife","Acrobatics"],"picked":"Dagger Spray","floor":25},{"not_picked":["Prepared","Masterful Stab"],"picked":"Distraction+1","floor":29},{"not_picked":["Catalyst","Burst"],"picked":"Poisoned Stab+1","floor":31},{"not_picked":["Glass Knife","Wraith Form v2"],"picked":"Adrenaline","floor":33},{"not_picked":["Slice","Deflect+1"],"picked":"Terror","floor":35},{"not_picked":["Acrobatics+1","Dodge and Roll+1"],"picked":"Blur+1","floor":37},{"not_picked":["Forethought","Madness"],"picked":"Enlightenment","floor":38},{"not_picked":["Outmaneuver+1","Heel Hook+1"],"picked":"Footwork+1","floor":39},{"not_picked":["Caltrops","Distraction","Sucker Punch"],"picked":"SKIP","floor":42},{"not_picked":["Crippling Poison+1","PiercingWail+1"],"picked":"Storm of Steel","floor":44},{"not_picked":["Underhanded Strike","Flechettes+1","Deflect"],"picked":"SKIP","floor":47},{"not_picked":["Blade Dance","Backflip+1"],"picked":"Masterful Stab","floor":48}],"player_experience":752496,"relics_obtained":[{"floor":7,"key":"Mercury Hourglass"},{"floor":9,"key":"Whetstone"},{"floor":14,"key":"Thread and Needle"},{"floor":25,"key":"Strawberry"},{"floor":26,"key":"PreservedInsect"},{"floor":29,"key":"Tingsha"},{"floor":31,"key":"Happy Flower"},{"floor":43,"key":"Kunai"}],"event_choices":[{"damage_healed":0,"gold_gain":0,"player_choice":"Success","damage_taken":3,"relics_obtained":["Bronze Scales"],"max_hp_gain":0,"max_hp_loss":0,"event_name":"Scrap Ooze","floor":2,"gold_loss":0},{"damage_healed":0,"gold_gain":0,"player_choice":"Left Gold","damage_taken":0,"max_hp_gain":0,"max_hp_loss":0,"event_name":"World of Goop","floor":5,"gold_loss":38},{"damage_healed":0,"gold_gain":0,"player_choice":"Joined the Cult","damage_taken":6,"max_hp_gain":0,"max_hp_loss":0,"event_name":"Nest","floor":20,"gold_loss":0,"cards_obtained":["RitualDagger"]},{"damage_healed":0,"gold_gain":0,"player_choice":"Ignored","damage_taken":0,"max_hp_gain":0,"max_hp_loss":0,"event_name":"Beggar","floor":24,"gold_loss":0},{"damage_healed":0,"gold_gain":0,"player_choice":"Got Potions","damage_taken":0,"max_hp_gain":0,"max_hp_loss":0,"event_name":"The Lab","floor":27,"gold_loss":0},{"cards_removed":["Defend_G"],"damage_healed":0,"gold_gain":0,"player_choice":"Removed Skill","damage_taken":0,"max_hp_gain":0,"max_hp_loss":0,"event_name":"Falling","floor":36,"gold_loss":0},{"damage_healed":0,"gold_gain":0,"player_choice":"Memory 1","damage_taken":0,"max_hp_gain":0,"max_hp_loss":0,"event_name":"SensoryStone","floor":38,"gold_loss":0},{"damage_healed":67,"gold_gain":0,"player_choice":"Heal","damage_taken":0,"max_hp_gain":0,"max_hp_loss":10,"event_name":"The Moai Head","floor":45,"gold_loss":0}],"is_beta":false,"boss_relics":[{"not_picked":["Lizard Tail","Orrery"],"picked":"Fusion Hammer"},{"not_picked":["Coffee Dripper","HoveringKite"],"picked":"WristBlade"}],"items_purged_floors":[19],"is_endless":false,"potions_floor_spawned":[8,11,14,21,22,31,33,35,44,47,48],"ascension_level":8}