{"gold_per_floor":[117,117,131,146,146,146,173,187,187,6,18,51,61,61,61,157,157,173,173,186,111,111,111,128,147,147,176,187,205,62,81,81,181,181,198,15,33,33,33,65,65,65,65,65,82,2,14,14,14,14],"floor_reached":51,"playtime":5335,"items_purged":["Writhe"],"score":752,"play_id":"c51c47a8-1db7-4bc0-a2c2-43e305656eee","local_time":"20180802221311","is_ascension_mode":true,"campfire_choices":[{"floor":15,"key":"REST"},{"floor":23,"key":"REST"},{"floor":32,"key":"REST"},{"floor":42,"key":"REST"},{"floor":44,"key":"REST"},{"floor":49,"key":"REST"}],"neow_cost":"NONE","seed_source_timestamp":1975706472441442,"circlet_count":0,"master_deck":["Defend_G","Defend_G","Defend_G","Defend_G","Defend_G","Strike_G","Strike_G","Strike_G","Strike_G","Survivor","Neutralize+1","Predator","Backstab","Sucker Punch","Backflip","Cloak And Dagger","Noxious Fumes","A Thousand Cuts","All Out Attack","Flying Knee","Adrenaline","Finisher","Outmaneuver+1","Corpse Explosion","Noxious Fumes+1","PiercingWail","Bane+1","Caltrops+1","Dash","Catalyst","Dodge and Roll+1","Envenom","Acrobatics+1","Dash","Footwork","Leg Sweep","Distraction+1","After Image","Slice+1","Skewer","Prepared"],"relics":["Ring of the Snake","Art of War","Matryoshka","Bag of Preparation","Pen Nib","Question Card","Bag of Marbles","Vajra","WristBlade","Dodecahedron","Juzu Bracelet","Dream Catcher","Bottled Tornado","Sundial","Velvet Choker","Snake Skull","Thread and Needle","Paper Crane","Ancient Tea Set"],"potions_floor_usage":[7,16,24,33,33,37,41,47],"damage_taken":[{"damage":1,"enemies":"Small Slimes","floor":1,"turns":5},{"damage":3,"enemies":"Jaw Worm","floor":3,"turns":6},{"damage":0,"enemies":"Cultist","floor":4,"turns":3},{"damage":40,"enemies":"Lagavulin","floor":7,"turns":10},{"damage":0,"enemies":"Lots of Slimes","floor":8,"turns":4},{"damage":0,"enemies":"Looter","floor":11,"turns":3},{"damage":12,"enemies":"Gremlin Nob","floor":12,"turns":4},{"damage":0,"enemies":"Large Slime","floor":13,"turns":3},{"damage":1,"enemies":"Slime Boss","floor":16,"turns":7},{"damage":9,"enemies":"2 Thieves","floor":18,"turns":3},{"damage":3,"enemies":"Spheric Guardian","floor":20,"turns":3},{"damage":0,"enemies":"Chosen and Byrds","floor":24,"turns":5},{"damage":0,"enemies":"Sentry and Sphere","floor":25,"turns":3},{"damage":26,"enemies":"Slavers","floor":27,"turns":2},{"damage":8,"enemies":"Centurion and Healer","floor":28,"turns":4},{"damage":5,"enemies":"Snake Plant","floor":29,"turns":4},{"damage":14,"enemies":"Sentry and Sphere","floor":31,"turns":5},{"damage":42,"enemies":"Collector","floor":33,"turns":8},{"damage":10,"enemies":"Flame Bruiser 1 Orb","floor":35,"turns":3},{"damage":46,"enemies":"3 Darklings","floor":37,"turns":5},{"damage":6,"floor":39,"turns":6},{"damage":20,"enemies":"Nemesis","floor":40,"turns":7},{"damage":0,"enemies":"Maw","floor":41,"turns":2},{"damage":0,"enemies":"4 Shapes","floor":45,"turns":5},{"damage":0,"enemies":"Sphere and 2 Shapes","floor":47,"turns":5},{"damage":64,"enemies":"Awakened One","floor":50,"turns":14}],"seed_played":"1589269654105558546","potions_obtained":[{"floor":1,"key":"GamblersBrew"},{"floor":3,"key":"FearPotion"},{"floor":13,"key":"SkillPotion"},{"floor":18,"key":"SteroidPotion"},{"floor":20,"key":"Ancient Potion"},{"floor":25,"key":"PowerPotion"},{"floor":33,"key":"SmokeBomb"},{"floor":35,"key":"Regen Potion"},{"floor":39,"key":"GamblersBrew"},{"floor":45,"key":"Ancient Potion"}],"is_trial":false,"path_per_floor":["M","?","M","M","?","?","E","M","T","$","M","E","M","$","R","B",null,"M","T","M","?","?","R","M","M","T","E","M","M","$","M","R","B",null,"M","$","M","$","?","E","M","R","T","R","M","$","M","?","R","B"],"character_chosen":"THE_SILENT","items_purchased":["Noxious Fumes","Bag of Marbles","Dash","Snake Skull","Dash","Skewer"],"campfire_rested":6,"item_purchase_floors":[10,10,30,36,36,46],"current_hp_per_floor":[69,69,66,66,54,59,19,19,19,19,19,7,7,7,29,28,75,66,66,63,63,63,75,75,75,75,49,41,36,36,22,44,2,75,65,65,33,33,27,7,7,29,29,51,51,51,51,51,73,9],"gold":14,"neow_bonus":"RANDOM_COMMON_RELIC","is_prod":false,"is_daily":false,"chose_seed":false,"campfire_upgraded":0,"win_rate":0,"timestamp":1533244391,"path_taken":["M","?","M","M","?","?","E","M","T","$","M","E","?","?","R","BOSS","M","?","M","?","?","R","M","M","T","E","M","M","$","M","R","BOSS","M","$","M","$","?","E","M","R","T","R","M","?","M","?","R","BOSS"],"build_version":"2018-07-26","purchased_purges":1,"victory":true,"max_hp_per_floor":[70,70,70,70,70,75,75,75,75,75,75,75,75,75,75,75,75,75,75,75,75,75,75,75,75,75,75,75,75,75,75,75,75,75,75,75,75,75,75,75,75,75,75,75,75,75,75,75,75,75],"card_choices":[{"not_picked":["Calculated Gamble","Masterful Stab"],"picked":"Predator","floor":1},{"not_picked":["Quick Slash","Poisoned Stab"],"picked":"Backstab","floor":3},{"not_picked":["Bane","Cloak And Dagger"],"picked":"Sucker Punch","floor":4},{"not_picked":["All Out Attack","Backstab"],"picked":"Backflip","floor":7},{"not_picked":["Bane","Tactician"],"picked":"Cloak And Dagger","floor":8},{"not_picked":["Cloak And Dagger","Prepared","Well Laid Plans"],"picked":"A Thousand Cuts","floor":11},{"not_picked":["Deadly Poison","Terror","Backflip"],"picked":"All Out Attack","floor":12},{"not_picked":["Outmaneuver","Prepared","Slice"],"picked":"Flying Knee","floor":13},{"not_picked":["Doppelganger","Tools of the Trade","Burst"],"picked":"Adrenaline","floor":16},{"not_picked":["Dagger Spray","Quick Slash+1","PiercingWail+1"],"picked":"Finisher","floor":18},{"not_picked":["Poisoned Stab","Finisher","Acrobatics"],"picked":"Outmaneuver+1","floor":20},{"not_picked":["Flying Knee","Calculated Gamble","Terror"],"picked":"Corpse Explosion","floor":23},{"not_picked":["Underhanded Strike","Predator+1","Eviscerate+1","Outmaneuver"],"picked":"SKIP","floor":24},{"not_picked":["Masterful Stab+1","Sucker Punch","Setup+1"],"picked":"Noxious Fumes+1","floor":25},{"not_picked":["Prepared","Poisoned Stab","Slice+1"],"picked":"PiercingWail","floor":27},{"not_picked":["Backflip","Dagger Throw","Terror+1"],"picked":"Bane+1","floor":28},{"not_picked":["Dagger Throw+1","Prepared+1","Die Die Die"],"picked":"Caltrops+1","floor":29},{"not_picked":["Escape Plan","Flechettes","Acrobatics"],"picked":"Catalyst","floor":31},{"not_picked":["Acrobatics","Dagger Throw+1","PiercingWail+1"],"picked":"Dodge and Roll+1","floor":32},{"not_picked":["Wraith Form v2","Corpse Explosion","Die Die Die"],"picked":"Envenom","floor":33},{"not_picked":["PiercingWail+1","Bane+1","Prepared+1"],"picked":"Acrobatics+1","floor":35},{"not_picked":["Prepared+1","Choke+1","Deflect"],"picked":"Footwork","floor":37},{"not_picked":["Quick Slash+1","Deflect+1","Dodge and Roll+1"],"picked":"Leg Sweep","floor":39},{"not_picked":["Finisher+1","Sucker Punch+1","Accuracy+1"],"picked":"Distraction+1","floor":40},{"not_picked":["Backflip+1","Deadly Poison+1","Distraction"],"picked":"After Image","floor":44},{"not_picked":["Outmaneuver","Setup","Dodge and Roll"],"picked":"Slice+1","floor":45},{"not_picked":["Eviscerate","Finisher","Flying Knee","Underhanded Strike"],"picked":"SKIP","floor":47},{"not_picked":["All Out Attack+1","Masterful Stab","Sucker Punch+1"],"picked":"Prepared","floor":49}],"player_experience":518113,"relics_obtained":[{"floor":7,"key":"Bag of Preparation"},{"floor":9,"key":"Pen Nib"},{"floor":9,"key":"Question Card"},{"floor":12,"key":"Vajra"},{"floor":19,"key":"Dodecahedron"},{"floor":19,"key":"Juzu Bracelet"},{"floor":26,"key":"Bottled Tornado"},{"floor":27,"key":"Sundial"},{"floor":39,"key":"Thread and Needle"},{"floor":40,"key":"Paper Crane"},{"floor":43,"key":"Ancient Tea Set"}],"event_choices":[{"event_name":"Living Wall","player_choice":"Grow","floor":2,"damage_taken":0},{"event_name":"Scrap Ooze","player_choice":"success","floor":5,"damage_taken":12},{"event_name":"Big Fish","player_choice":"Donut","floor":6,"damage_taken":0},{"event_name":"Beggar","player_choice":"Gave Gold","floor":21,"damage_taken":0},{"event_name":"The Mausoleum","player_choice":"Yes","floor":22,"damage_taken":0},{"event_name":"MindBloom","player_choice":"Fight","floor":39,"damage_taken":0},{"event_name":"Mysterious Sphere","player_choice":"Ignore","floor":48,"damage_taken":0}],"is_beta":false,"boss_relics":[{"not_picked":["Runic Dome","Black Star"],"picked":"WristBlade"},{"not_picked":["Snecko Eye","Coffee Dripper"],"picked":"Velvet Choker"}],"items_purged_floors":[30],"is_endless":false,"potions_floor_spawned":[1,3,13,18,20,25,33,35,39,41,45],"ascension_level":2}