{"gold_per_floor":[119,44,44,59,59,59,94,94,94,94,108,123,134,168,168,239,239,256,272,119,119,119,119],"floor_reached":23,"playtime":501,"items_purged":["Strike_R","Strike_R"],"score":426,"play_id":"df211388-4999-46e3-b030-31db5772c82e","local_time":"20190522002810","is_ascension_mode":true,"campfire_choices":[{"data":"Clash","floor":6,"key":"SMITH"},{"data":"Thunderclap","floor":8,"key":"SMITH"},{"data":"Clash","floor":10,"key":"SMITH"},{"data":"Sword Boomerang","floor":15,"key":"SMITH"}],"neow_cost":"NONE","seed_source_timestamp":339059538578100,"circlet_count":0,"master_deck":["AscendersBane","Strike_R","Strike_R","Defend_R","Defend_R+1","Defend_R+1","Defend_R","Bash","Thunderclap+1","Clash+1","Clash+1","Sword Boomerang+1","Clash"],"relics":["Burning Blood","NeowsBlessing","Blood Vial","Centennial Puzzle","Darkstone Periapt","War Paint","Bag of Marbles","Calling Bell","PreservedInsect","Gremlin Horn","Mango"],"potions_floor_usage":[16],"damage_taken":[{"damage":0,"enemies":"Small Slimes","floor":1,"turns":1},{"damage":0,"enemies":"Cultist","floor":4,"turns":1},{"damage":0,"enemies":"Gremlin Nob","floor":7,"turns":1},{"damage":0,"enemies":"2 Louse","floor":11,"turns":2},{"damage":13,"enemies":"Blue Slaver","floor":12,"turns":4},{"damage":7,"enemies":"2 Fungi Beasts","floor":13,"turns":3},{"damage":22,"enemies":"Lagavulin","floor":14,"turns":5},{"damage":42,"enemies":"The Guardian","floor":16,"turns":8},{"damage":44,"enemies":"3 Byrds","floor":18,"turns":6},{"damage":26,"enemies":"Spheric Guardian","floor":19,"turns":5},{"damage":33,"enemies":"Book of Stabbing","floor":23,"turns":3}],"seed_played":"612639355980221621","potions_obtained":[{"floor":1,"key":"GamblersBrew"},{"floor":7,"key":"Ancient Potion"},{"floor":11,"key":"Strength Potion"},{"floor":14,"key":"Strength Potion"}],"is_trial":false,"path_per_floor":["M","$","?","M","?","R","E","R","T","R","M","M","M","E","R","B",null,"M","M","$","?","?","E"],"character_chosen":"IRONCLAD","items_purchased":["Clash"],"campfire_rested":0,"item_purchase_floors":[20],"current_hp_per_floor":[74,74,74,75,49,49,57,57,57,57,65,60,61,47,47,13,74,38,20,20,20,20,0],"gold":119,"neow_bonus":"THREE_ENEMY_KILL","is_prod":false,"is_daily":false,"chose_seed":false,"campfire_upgraded":4,"win_rate":0,"timestamp":1558510090,"path_taken":["M","$","?","?","?","R","E","R","T","R","M","M","M","E","R","BOSS","M","M","$","?","?","E"],"build_version":"2019-01-23","purchased_purges":2,"victory":false,"max_hp_per_floor":[75,75,75,75,75,75,75,75,75,75,75,75,75,75,75,75,89,89,89,89,89,89,89],"card_choices":[{"not_picked":["Pommel Strike","Headbutt"],"picked":"Thunderclap","floor":1},{"not_picked":["Pommel Strike","Thunderclap"],"picked":"Clash","floor":4},{"not_picked":["Blood for Blood","Searing Blow"],"picked":"Clash","floor":7},{"not_picked":["Uppercut","Sentinel"],"picked":"Sword Boomerang","floor":11},{"not_picked":["Headbutt","Thunderclap","Body Slam"],"picked":"SKIP","floor":12},{"not_picked":["Burning Pact","Perfected Strike","Pummel"],"picked":"SKIP","floor":13},{"not_picked":["Thunderclap","Havoc","True Grit"],"picked":"SKIP","floor":14},{"not_picked":["Body Slam","Shrug It Off","Burning Pact+1"],"picked":"SKIP","floor":18},{"not_picked":["Carnage","Warcry","Clothesline"],"picked":"SKIP","floor":19}],"player_experience":399025,"relics_obtained":[{"floor":7,"key":"Darkstone Periapt"},{"floor":9,"key":"War Paint"},{"floor":14,"key":"Bag of Marbles"},{"floor":17,"key":"PreservedInsect"},{"floor":17,"key":"Gremlin Horn"},{"floor":17,"key":"Mango"}],"event_choices":[{"damage_healed":0,"gold_gain":0,"player_choice":"Gave Potion","damage_taken":0,"relics_obtained":["Blood Vial"],"max_hp_gain":0,"max_hp_loss":0,"event_name":"WeMeetAgain","floor":3,"gold_loss":0},{"damage_healed":0,"gold_gain":0,"player_choice":"Success","damage_taken":26,"relics_obtained":["Centennial Puzzle"],"max_hp_gain":0,"max_hp_loss":0,"event_name":"Scrap Ooze","floor":5,"gold_loss":0},{"cards_removed":["Strike_R"],"damage_healed":0,"gold_gain":0,"player_choice":"Elegance","damage_taken":0,"max_hp_gain":0,"max_hp_loss":0,"event_name":"Back to Basics","floor":22,"gold_loss":0}],"is_beta":false,"boss_relics":[{"not_picked":["Tiny House","Coffee Dripper"],"picked":"Calling Bell"}],"items_purged_floors":[2,20],"is_endless":false,"potions_floor_spawned":[1,7,11,14],"killed_by":"Book of Stabbing","ascension_level":18}