{"gold_per_floor":[109,59,78,253,263,294,307,307,389,389,419,419,419,399,399,500,500,511,511,99,59,73,73,104,104,104,134,162,174,204,230,242,353,365,387,248,248,36,48,48,65,94,139,139,154,154,154,172,172,172],"floor_reached":50,"playtime":5904,"items_purged":["Writhe"],"score":725,"play_id":"2aa4f4aa-829a-459f-ad63-580e86936416","local_time":"20181021012034","is_ascension_mode":true,"campfire_choices":[{"floor":8.0,"key":"REST"},{"floor":12.0,"key":"REST"},{"floor":15.0,"key":"REST"},{"floor":23.0,"key":"REST"},{"floor":25.0,"key":"REST"},{"floor":32.0,"key":"REST"},{"floor":40,"key":"REST"},{"floor":44,"key":"REST"},{"data":"A Thousand Cuts","floor":47,"key":"SMITH"},{"data":"Envenom","floor":49,"key":"SMITH"}],"neow_cost":"NONE","seed_source_timestamp":0,"circlet_count":0,"master_deck":["Defend_G","Defend_G+1","Defend_G+1","Defend_G","Strike_G","Strike_G","Survivor+1","Neutralize+1","Dash","Slice","Blur","Outmaneuver","Dagger Spray","Deflect","Envenom+1","Well Laid Plans+1","Flying Knee+1","Caltrops","Apotheosis","Footwork","Discovery","Terror+1","Malaise","Caltrops+1","Dodge and Roll","RitualDagger","Acrobatics","Bullet Time","Corpse Explosion","Terror+1","A Thousand Cuts+1","Panache","Noxious Fumes","Bane","Noxious Fumes","Leg Sweep+1","Dodge and Roll+1","Dagger Spray"],"special_seed":0,"relics":["Ring of the Snake","NeowsBlessing","Thread and Needle","Kunai","Boot","Incense Burner","Astrolabe","Omamori","MawBank","Lizard Tail","Art of War","War Paint"],"potions_floor_usage":[35,41,45,50,50],"damage_taken":[{"damage":0.0,"enemies":"Cultist","floor":1.0,"turns":1.0},{"damage":0.0,"enemies":"Jaw Worm","floor":3.0,"turns":1.0},{"damage":0.0,"enemies":"2 Louse","floor":5.0,"turns":1.0},{"damage":47.0,"enemies":"Gremlin Nob","floor":6.0,"turns":6.0},{"damage":0.0,"enemies":"Red Slaver","floor":7.0,"turns":6.0},{"damage":27.0,"enemies":"Lagavulin","floor":11.0,"turns":13.0},{"damage":57.0,"enemies":"Slime Boss","floor":16.0,"turns":24.0},{"damage":0.0,"enemies":"Shell Parasite","floor":18.0,"turns":8.0},{"damage":9.0,"enemies":"Chosen","floor":22.0,"turns":7.0},{"damage":12.0,"enemies":"Book of Stabbing","floor":24.0,"turns":7.0},{"damage":11.0,"enemies":"Shelled Parasite and Fungi","floor":27.0,"turns":6.0},{"damage":1.0,"enemies":"Centurion and Healer","floor":28.0,"turns":9.0},{"damage":14.0,"enemies":"Snake Plant","floor":30.0,"turns":5.0},{"damage":2.0,"enemies":"Cultist and Chosen","floor":31.0,"turns":8.0},{"damage":14.0,"enemies":"Champ","floor":33.0,"turns":15.0},{"damage":22,"enemies":"3 Darklings","floor":35,"turns":6},{"damage":17,"enemies":"Orb Walker","floor":39,"turns":7},{"damage":3,"enemies":"Maw","floor":41,"turns":9},{"damage":52,"enemies":"Giant Head","floor":42,"turns":11},{"damage":32,"enemies":"Writhing Mass","floor":45,"turns":7},{"damage":5,"enemies":"Jaw Worm Horde","floor":48,"turns":3},{"damage":70,"enemies":"Time Eater","floor":50,"turns":13}],"seed_played":"5136933176366680898","potions_obtained":[{"floor":1.0,"key":"FearPotion"},{"floor":5.0,"key":"Regen Potion"},{"floor":6.0,"key":"Poison Potion"},{"floor":16.0,"key":"Block Potion"},{"floor":18.0,"key":"Ancient Potion"},{"floor":28.0,"key":"LiquidBronze"},{"floor":33.0,"key":"SpeedPotion"},{"floor":35,"key":"LiquidBronze"},{"floor":39,"key":"EssenceOfSteel"},{"floor":41,"key":"SteroidPotion"},{"floor":45,"key":"Ancient Potion"}],"is_trial":false,"path_per_floor":["M","?","M","?","M","E","M","R","T","?","E","R","?","?","R","B",null,"M","?","$","?","M","R","E","R","T","M","M","?","M","M","R","B",null,"M","$","?","$","M","R","M","E","T","R","M","?","R","M","R"],"character_chosen":"THE_SILENT","items_purchased":["Apotheosis","Footwork","Discovery","A Thousand Cuts","Panache","Noxious Fumes"],"campfire_rested":8,"item_purchase_floors":[20,20,20,36,38,38],"current_hp_per_floor":[63,63,63,63,63,16,31,52,52,52,25,46,46,46,67,10,55,55,55,55,55,46,67,55,70,70,59,58,52,38,36,57,43,63,41,41,41,41,24,45,42,35,35,56,24,70,70,65,65,0],"gold":172,"neow_bonus":"THREE_ENEMY_KILL","is_prod":false,"is_daily":false,"chose_seed":false,"campfire_upgraded":2,"win_rate":0,"timestamp":1540081234,"path_taken":["M","?","?","?","M","E","M","R","T","?","E","R","?","?","R","BOSS","M","?","$","?","M","R","E","R","T","?","M","?","M","M","R","BOSS","M","$","?","?","M","R","M","E","T","R","?","?","R","M","R","BOSS"],"build_version":"2018-10-18","purchased_purges":1,"victory":false,"max_hp_per_floor":[70,70,70,70,70,70,70,70,70,70,70,70,70,70,70,70,70,70,70,70,70,70,70,70,70,70,70,70,70,70,70,70,70,70,70,70,70,70,70,70,70,70,70,70,70,70,70,70,70,70],"card_choices":[{"not_picked":["Reflex","Accuracy"],"picked":"Dash","floor":1.0},{"not_picked":["Deadly Poison","Heel Hook"],"picked":"Slice","floor":3.0},{"not_picked":["Underhanded Strike","Eviscerate"],"picked":"Blur","floor":5.0},{"not_picked":["Backflip","Dagger Throw"],"picked":"Outmaneuver","floor":6.0},{"not_picked":["Poisoned Stab","Bane"],"picked":"Dagger Spray","floor":7.0},{"not_picked":["Night Terror","Acrobatics"],"picked":"Deflect","floor":11.0},{"not_picked":["Wraith Form v2","Unload"],"picked":"Envenom","floor":16.0},{"not_picked":["Accuracy","Poisoned Stab"],"picked":"Caltrops","floor":18.0},{"not_picked":["Poisoned Stab","Backflip"],"picked":"Terror+1","floor":22.0},{"not_picked":["Backflip+1","Quick Slash"],"picked":"Malaise","floor":24.0},{"not_picked":["Backflip","Dash"],"picked":"Caltrops+1","floor":27.0},{"not_picked":["Poisoned Stab","Deadly Poison"],"picked":"Dodge and Roll","floor":28.0},{"not_picked":["Dodge and Roll","Outmaneuver+1"],"picked":"Acrobatics","floor":30.0},{"not_picked":["Endless Agony","Slice+1"],"picked":"Bullet Time","floor":31.0},{"not_picked":["Adrenaline","Glass Knife"],"picked":"Corpse Explosion","floor":33.0},{"not_picked":["Finisher","Underhanded Strike"],"picked":"Terror+1","floor":35},{"not_picked":["Predator+1","Outmaneuver+1"],"picked":"Bane","floor":39},{"not_picked":["Dodge and Roll","Distraction+1"],"picked":"Noxious Fumes","floor":41},{"not_picked":["Flechettes+1","Finisher"],"picked":"Leg Sweep+1","floor":42},{"not_picked":["Backflip+1","All Out Attack+1"],"picked":"Dodge and Roll+1","floor":45},{"not_picked":["Quick Slash","Phantasmal Killer"],"picked":"Dagger Spray","floor":48}],"player_experience":730587,"relics_obtained":[{"floor":6.0,"key":"Thread and Needle"},{"floor":9.0,"key":"Kunai"},{"floor":11.0,"key":"Boot"},{"floor":24.0,"key":"Omamori"},{"floor":26.0,"key":"MawBank"},{"floor":42,"key":"Art of War"},{"floor":43,"key":"War Paint"}],"event_choices":[{"cards_removed":["Strike_G"],"damage_healed":0.0,"max_hp_gain":0.0,"max_hp_loss":0.0,"gold_gain":0.0,"event_name":"The Cleric","player_choice":"Card Removal","floor":2.0,"gold_loss":50.0,"damage_taken":0.0},{"damage_healed":0.0,"max_hp_gain":0.0,"max_hp_loss":0.0,"gold_gain":175.0,"event_name":"Liars Game","player_choice":"AGREE","floor":4.0,"gold_loss":0.0,"damage_taken":0.0,"cards_obtained":["Doubt"]},{"damage_healed":0.0,"max_hp_gain":0.0,"max_hp_loss":0.0,"gold_gain":0.0,"event_name":"Golden Idol","player_choice":"Ignored","floor":10.0,"gold_loss":0.0,"damage_taken":0.0},{"damage_healed":0.0,"max_hp_gain":0.0,"max_hp_loss":0.0,"gold_gain":0.0,"event_name":"Dead Adventurer","player_choice":"Searched \u00271\u0027 times","floor":13.0,"gold_loss":0.0,"damage_taken":0.0,"relics_obtained":["Incense Burner"]},{"damage_healed":0.0,"max_hp_gain":0.0,"max_hp_loss":0.0,"gold_gain":0.0,"event_name":"World of Goop","player_choice":"Left Gold","floor":14.0,"gold_loss":20.0,"damage_taken":0.0},{"damage_healed":0.0,"max_hp_gain":0.0,"max_hp_loss":0.0,"gold_gain":0.0,"event_name":"Ghosts","player_choice":"Ignored","floor":19.0,"gold_loss":0.0,"damage_taken":0.0},{"damage_healed":0.0,"max_hp_gain":0.0,"max_hp_loss":0.0,"gold_gain":0.0,"event_name":"Designer","player_choice":"Upgraded Two","floor":21.0,"gold_loss":40.0,"damage_taken":0.0,"cards_upgraded":["Neutralize","Survivor"]},{"damage_healed":0.0,"max_hp_gain":0.0,"max_hp_loss":0.0,"gold_gain":0.0,"event_name":"Nest","player_choice":"Joined the Cult","floor":29.0,"gold_loss":0.0,"damage_taken":6.0,"cards_obtained":["RitualDagger"]},{"cards_removed":["Strike_G"],"damage_healed":0,"gold_gain":0,"player_choice":"Purged","damage_taken":0,"max_hp_gain":0,"max_hp_loss":0,"event_name":"Purifier","floor":37,"gold_loss":0},{"damage_healed":46,"gold_gain":0,"player_choice":"Heal","damage_taken":0,"max_hp_gain":0,"max_hp_loss":0,"event_name":"MindBloom","floor":46,"gold_loss":0,"cards_obtained":["Doubt"]}],"is_beta":false,"boss_relics":[{"not_picked":["Ectoplasm","Runic Pyramid"],"picked":"Astrolabe"},{"not_picked":["Velvet Choker","WristBlade"],"picked":"Lizard Tail"}],"items_purged_floors":[20],"is_endless":false,"potions_floor_spawned":[1,5,6,16,18,28,33,35,39,41,45],"killed_by":"Time Eater","ascension_level":8}