{"gold_per_floor":[116,191,201,220,520,520,445,456,456,631,412,423,323,336,336,436,436,456,456,469,384,294,294,174,194,263,282,282],"floor_reached":28,"playtime":761,"items_purged":["Defend_B","Doubt","Strike_B","Defend_B"],"score":235,"play_id":"509e76bf-9b66-46d7-b7a0-d17222c0b38e","local_time":"20190217221342","is_ascension_mode":false,"campfire_choices":[{"data":"Gash","floor":6,"key":"SMITH"},{"floor":15,"key":"REST"},{"floor":23,"key":"REST"}],"neow_cost":"NONE","seed_source_timestamp":2436643326100,"circlet_count":0,"master_deck":["Strike_B","Strike_B","Strike_B+1","Defend_B","Zap","Dualcast","Beam Cell","Gash+1","Gash","Go for the Eyes","Electrodynamics","Gash","Gash","Gash"],"relics":["Velvet Choker","Old Coin","The Courier","Bag of Preparation","Inserter","Orichalcum","Matryoshka"],"potions_floor_usage":[16],"damage_taken":[{"damage":0,"enemies":"2 Louse","floor":1,"turns":2},{"damage":7,"enemies":"Small Slimes","floor":3,"turns":3},{"damage":1,"enemies":"Cultist","floor":4,"turns":3},{"damage":16,"enemies":"Lots of Slimes","floor":8,"turns":3},{"damage":0,"enemies":"Blue Slaver","floor":12,"turns":2},{"damage":7,"enemies":"2 Fungi Beasts","floor":14,"turns":3},{"damage":42,"enemies":"Hexaghost","floor":16,"turns":10},{"damage":22,"enemies":"Spheric Guardian","floor":18,"turns":4},{"damage":32,"enemies":"2 Thieves","floor":20,"turns":4},{"damage":12,"enemies":"Centurion and Healer","floor":25,"turns":4},{"damage":19,"enemies":"Shelled Parasite and Fungi","floor":27,"turns":4},{"damage":18,"enemies":"Snake Plant","floor":28,"turns":2}],"seed_played":"-7614798715069118919","potions_obtained":[{"floor":3,"key":"Dexterity Potion"},{"floor":4,"key":"FairyPotion"},{"floor":20,"key":"Strength Potion"}],"is_trial":false,"path_per_floor":["M","?","M","M","?","R","$","M","T","?","$","M","$","M","R","B",null,"M","?","M","?","?","R","$","M","T","M","M"],"character_chosen":"DEFECT","items_purchased":["Bag of Preparation","Go for the Eyes"],"campfire_rested":2,"item_purchase_floors":[11,11],"current_hp_per_floor":[75,64,57,56,38,38,38,22,22,22,22,22,22,15,37,4,75,53,53,21,21,21,43,43,31,31,12,0],"gold":282,"neow_bonus":"BOSS_RELIC","is_prod":false,"is_daily":false,"chose_seed":false,"campfire_upgraded":1,"win_rate":0.0,"timestamp":1550470422,"path_taken":["M","?","M","M","?","R","$","M","T","?","$","M","?","M","R","BOSS","M","?","?","?","?","R","$","M","T","M","M"],"build_version":"2019-01-23","purchased_purges":4,"victory":false,"max_hp_per_floor":[75,75,75,75,75,75,75,75,75,75,75,75,75,75,75,75,75,75,75,75,75,75,75,75,75,75,75,75],"card_choices":[{"not_picked":["Conserve Battery","Cold Snap","Chill"],"picked":"SKIP","floor":1},{"not_picked":["Leap","Chaos"],"picked":"Beam Cell","floor":3},{"not_picked":["Steam","Lockon"],"picked":"Gash","floor":4},{"not_picked":["Rebound","Redo"],"picked":"Gash","floor":8},{"not_picked":["Streamline","Stack","Reprogram"],"picked":"SKIP","floor":12},{"not_picked":["Ball Lightning","Double Energy","Redo"],"picked":"SKIP","floor":14},{"not_picked":["Amplify","Rainbow"],"picked":"Electrodynamics","floor":16},{"not_picked":["Sweeping Beam","Storm","Hologram"],"picked":"SKIP","floor":18},{"not_picked":["Stack+1","Defragment+1"],"picked":"Gash","floor":20},{"not_picked":["Redo","Steam"],"picked":"Gash","floor":25},{"not_picked":["Streamline","Fusion+1","Steam+1"],"picked":"SKIP","floor":27}],"player_experience":188791,"relics_obtained":[{"floor":9,"key":"The Courier"},{"floor":26,"key":"Matryoshka"}],"event_choices":[{"damage_healed":0,"gold_gain":75,"player_choice":"Gather Gold","damage_taken":11,"max_hp_gain":0,"max_hp_loss":0,"event_name":"World of Goop","floor":2,"gold_loss":0},{"damage_healed":0,"gold_gain":0,"player_choice":"Success","damage_taken":18,"relics_obtained":["Old Coin"],"max_hp_gain":0,"max_hp_loss":0,"event_name":"Scrap Ooze","floor":5,"gold_loss":0},{"damage_healed":0,"gold_gain":175,"player_choice":"AGREE","damage_taken":0,"max_hp_gain":0,"max_hp_loss":0,"event_name":"Liars Game","floor":10,"gold_loss":0,"cards_obtained":["Doubt"]},{"damage_healed":0,"gold_gain":0,"player_choice":"Copied","damage_taken":0,"max_hp_gain":0,"max_hp_loss":0,"event_name":"Duplicator","floor":19,"gold_loss":0,"cards_obtained":["Gash"]},{"damage_healed":0,"gold_gain":0,"player_choice":"Obtained Relic","damage_taken":0,"relics_obtained":["Orichalcum"],"max_hp_gain":0,"max_hp_loss":0,"event_name":"Addict","floor":21,"gold_loss":85},{"cards_removed":["Defend_B"],"damage_healed":0,"gold_gain":0,"player_choice":"Upgrade and Remove","damage_taken":0,"max_hp_gain":0,"max_hp_loss":0,"event_name":"Designer","floor":22,"gold_loss":90,"cards_upgraded":["Strike_B"]}],"is_beta":false,"boss_relics":[{"not_picked":["Calling Bell","Eternal Feather"],"picked":"Inserter"}],"items_purged_floors":[7,11,13,24],"is_endless":false,"potions_floor_spawned":[3,4,20],"killed_by":"Snake Plant","ascension_level":0}