{"gold_per_floor":[168,14,89,89,39,39,73,89,114,114,139,139,154,173,173,275,275,275,275,69,69,49,49,49,49,49,49,49,49,49,49,49,49,49,49,49,0,0,0,0],"floor_reached":40,"playtime":1126,"items_purged":[],"score":517,"play_id":"ce047d40-ba5a-4ade-8141-a50d0e177687","local_time":"20190601135715","is_ascension_mode":true,"campfire_choices":[{"floor":6,"key":"REST"},{"floor":10,"key":"REST"},{"floor":12,"key":"REST"},{"floor":15,"key":"REST"},{"floor":23,"key":"REST"},{"floor":32,"key":"REST"}],"neow_cost":"NONE","seed_source_timestamp":607466038180067,"circlet_count":0,"master_deck":["Defend_G","Defend_G","Defend_G","Defend_G","Defend_G+1","Strike_G+1","Strike_G","Strike_G","Strike_G","Strike_G","Survivor","Neutralize+1","Backflip","Poisoned Stab","Bane","Sucker Punch","Backstab","Glass Knife","Bouncing Flask","Dagger Spray","Writhe","Bane+1","Wraith Form v2","Cloak And Dagger","Deadly Poison+1","Adrenaline","Catalyst+1","Footwork","PiercingWail+1","Writhe","Predator+1"],"relics":["Tiny House","Orichalcum","StoneCalendar","Potion Belt","Strawberry","Ectoplasm","Anchor","Juzu Bracelet","Bag of Marbles","Snake Skull","Shuriken","Orrery","Red Mask"],"potions_floor_usage":[24,24,33,33,33,40],"damage_taken":[{"damage":0,"enemies":"Small Slimes","floor":1,"turns":5},{"damage":25,"enemies":"3 Sentries","floor":7,"turns":13},{"damage":6,"enemies":"2 Louse","floor":8,"turns":2},{"damage":4,"enemies":"Jaw Worm","floor":13,"turns":3},{"damage":3,"enemies":"Exordium Wildlife","floor":14,"turns":4},{"damage":16,"enemies":"Slime Boss","floor":16,"turns":7},{"damage":11,"enemies":"Shell Parasite","floor":18,"turns":6},{"damage":2,"enemies":"Spheric Guardian","floor":24,"turns":4},{"damage":52,"enemies":"Book of Stabbing","floor":25,"turns":6},{"damage":8,"enemies":"Colosseum Slavers","floor":29,"turns":3},{"damage":66,"enemies":"Automaton","floor":33,"turns":8},{"damage":4,"enemies":"3 Shapes","floor":35,"turns":6},{"damage":11,"enemies":"Orb Walker","floor":38,"turns":3},{"damage":52,"enemies":"Spire Growth","floor":39,"turns":6},{"damage":33,"enemies":"Reptomancer","floor":40,"turns":4}],"seed_played":"4503476761045193670","potions_obtained":[{"floor":0,"key":"LiquidBronze"},{"floor":13,"key":"EssenceOfSteel"},{"floor":16,"key":"Energy Potion"},{"floor":18,"key":"Block Potion"},{"floor":22,"key":"AttackPotion"},{"floor":24,"key":"Ancient Potion"},{"floor":38,"key":"Weak Potion"}],"is_trial":false,"path_per_floor":["M","$","?","?","$","R","E","M","T","R","T","R","M","M","R","B",null,"M","?","$","?","?","R","M","E","T","T","?","?","?","$","R","B",null,"M","?","?","M","M","E"],"character_chosen":"THE_SILENT","items_purchased":["Orichalcum","Bane","Dagger Spray","Anchor"],"campfire_rested":6,"item_purchase_floors":[2,5,20,20],"current_hp_per_floor":[68,68,57,42,42,64,39,33,33,55,62,82,78,75,82,66,78,67,67,67,67,67,82,80,28,28,28,55,47,47,47,71,5,63,59,80,80,69,17,0],"gold":0,"neow_bonus":"BOSS_RELIC","is_prod":false,"is_daily":false,"chose_seed":false,"campfire_upgraded":0,"win_rate":0,"timestamp":1559411835,"path_taken":["M","$","?","?","$","R","E","M","T","R","?","R","M","?","R","BOSS","M","?","$","?","?","R","M","E","T","?","?","?","?","$","R","BOSS","M","?","?","M","M","E"],"build_version":"2019-01-23","purchased_purges":0,"victory":false,"max_hp_per_floor":[75,75,75,75,75,75,75,75,75,75,82,82,82,82,82,82,82,82,82,82,82,82,82,82,82,82,82,82,82,82,82,82,82,82,82,82,82,82,82,82],"card_choices":[{"not_picked":["Underhanded Strike","Endless Agony"],"picked":"Backflip","floor":0},{"not_picked":["Calculated Gamble","Footwork"],"picked":"Poisoned Stab","floor":1},{"not_picked":["Grand Finale","Dagger Throw","Acrobatics"],"picked":"SKIP","floor":7},{"not_picked":["Slice","Concentrate"],"picked":"Sucker Punch","floor":8},{"not_picked":["Distraction","Underhanded Strike","Blade Dance"],"picked":"SKIP","floor":13},{"not_picked":["Choke","Dodge and Roll"],"picked":"Backstab","floor":14},{"not_picked":["Envenom","Phantasmal Killer"],"picked":"Glass Knife","floor":16},{"not_picked":["Choke","Dagger Throw"],"picked":"Bouncing Flask","floor":18},{"not_picked":["Blade Dance+1","Backflip","Slice"],"picked":"SKIP","floor":24},{"not_picked":["Deflect","Flying Knee+1"],"picked":"Bane+1","floor":25},{"not_picked":["A Thousand Cuts","Doppelganger"],"picked":"Wraith Form v2","floor":33},{"not_picked":["Poisoned Stab","Dagger Throw"],"picked":"Cloak And Dagger","floor":34},{"not_picked":["Tactician","Quick Slash"],"picked":"Deadly Poison+1","floor":34},{"not_picked":["Distraction","Bane"],"picked":"Adrenaline","floor":34},{"not_picked":["Blur","Slice"],"picked":"Catalyst+1","floor":34},{"not_picked":["Tactician","Blade Dance"],"picked":"Footwork","floor":34},{"not_picked":["Accuracy+1","Cloak And Dagger"],"picked":"PiercingWail+1","floor":35},{"not_picked":["Skewer+1","Accuracy","Flying Knee"],"picked":"SKIP","floor":38},{"not_picked":["Accuracy+1","Cloak And Dagger"],"picked":"Predator+1","floor":39}],"player_experience":376234,"relics_obtained":[{"floor":7,"key":"StoneCalendar"},{"floor":9,"key":"Potion Belt"},{"floor":11,"key":"Strawberry"},{"floor":25,"key":"Bag of Marbles"},{"floor":26,"key":"Snake Skull"},{"floor":27,"key":"Shuriken"}],"event_choices":[{"damage_healed":0,"gold_gain":75,"player_choice":"Gather Gold","damage_taken":11,"max_hp_gain":0,"max_hp_loss":0,"event_name":"World of Goop","floor":3,"gold_loss":0},{"damage_healed":0,"gold_gain":0,"player_choice":"Entered Light","damage_taken":15,"max_hp_gain":0,"max_hp_loss":0,"event_name":"Shining Light","floor":4,"gold_loss":0,"cards_upgraded":["Neutralize","Strike_G"]},{"damage_healed":0,"gold_gain":0,"player_choice":"Ignored","damage_taken":0,"max_hp_gain":0,"max_hp_loss":0,"event_name":"Ghosts","floor":19,"gold_loss":0},{"damage_healed":0,"gold_gain":0,"player_choice":"Opened","damage_taken":0,"relics_obtained":["Juzu Bracelet"],"max_hp_gain":0,"max_hp_loss":0,"event_name":"The Mausoleum","floor":21,"gold_loss":0,"cards_obtained":["Writhe"]},{"damage_healed":0,"gold_gain":0,"player_choice":"Bought 1 Potion","damage_taken":0,"max_hp_gain":0,"max_hp_loss":0,"event_name":"The Woman in Blue","floor":22,"gold_loss":0},{"damage_healed":27,"gold_gain":0,"player_choice":"Heal","damage_taken":0,"max_hp_gain":0,"max_hp_loss":0,"event_name":"The Library","floor":28,"gold_loss":0},{"damage_healed":0,"gold_gain":0,"player_choice":"Fight","damage_taken":0,"max_hp_gain":0,"max_hp_loss":0,"event_name":"Colosseum","floor":29,"gold_loss":0},{"damage_healed":0,"gold_gain":0,"player_choice":"Fled From Nobs","damage_taken":0,"max_hp_gain":0,"max_hp_loss":0,"event_name":"Colosseum","floor":29,"gold_loss":0},{"damage_healed":21,"gold_gain":0,"player_choice":"Writhe","damage_taken":0,"max_hp_gain":0,"max_hp_loss":0,"event_name":"Winding Halls","floor":36,"gold_loss":0,"cards_obtained":["Writhe"]},{"damage_healed":0,"gold_gain":0,"player_choice":"Paid","damage_taken":0,"relics_obtained":["Red Mask"],"max_hp_gain":0,"max_hp_loss":0,"event_name":"Tomb of Lord Red Mask","floor":37,"gold_loss":49}],"is_beta":false,"boss_relics":[{"not_picked":["Runic Pyramid","Fusion Hammer"],"picked":"Ectoplasm"},{"not_picked":["Coffee Dripper","Empty Cage"],"picked":"Orrery"}],"items_purged_floors":[],"is_endless":false,"potions_floor_spawned":[13,16,18,24,38],"killed_by":"Reptomancer","ascension_level":6}