{"gold_per_floor":[115,131,131,147,5,5,30,30,83,83,112,129,147,159,159,259,309,325,150,169,268,86,86,106,106,106,136,154,154,181,181,181,276,276,295,295,314,332,332],"floor_reached":39,"playtime":3963,"items_purged":["Decay","Strike_G"],"score":650,"play_id":"42a732ea-3cf6-4ad6-a0dc-152c7cbba310","local_time":"20181115194244","is_ascension_mode":true,"campfire_choices":[{"floor":6,"key":"REST"},{"floor":8,"key":"DIG"},{"floor":10,"key":"REST"},{"floor":15,"key":"REST"},{"floor":23,"key":"REST"},{"data":"After Image","floor":25,"key":"SMITH"},{"floor":29,"key":"REST"},{"floor":32,"key":"DIG"}],"neow_cost":"CURSE","seed_source_timestamp":159750491475831,"circlet_count":0,"master_deck":["Defend_G","Defend_G","Defend_G","Defend_G+1","Defend_G","Strike_G","Strike_G","Strike_G","Survivor","Neutralize","Accuracy","Blade Dance","Sucker Punch","Well Laid Plans","Bullet Time","Dagger Spray","Infinite Blades","Outmaneuver","Cloak And Dagger","After Image+1","Blade Dance","Deflect","Caltrops","Blade Dance+1","Noxious Fumes","Deflect","Footwork","Endless Agony+1","Caltrops+1","Blade Dance","Phantasmal Killer","Infinite Blades+1","Corpse Explosion"],"relics":["Ring of the Snake","Shovel","Ancient Tea Set","Juzu Bracelet","Pen Nib","Centennial Puzzle","Dead Branch","Tiny House","Mercury Hourglass","Pantograph","Frozen Egg 2","Bronze Scales","Fusion Hammer"],"potions_floor_usage":[7,16,16,18,20,27,28,28],"damage_taken":[{"damage":0,"enemies":"2 Louse","floor":1,"turns":3},{"damage":1,"enemies":"Small Slimes","floor":2,"turns":4},{"damage":2,"enemies":"Cultist","floor":4,"turns":4},{"damage":44,"enemies":"Lagavulin","floor":7,"turns":9},{"damage":24,"enemies":"3 Sentries","floor":11,"turns":11},{"damage":5,"enemies":"3 Louse","floor":12,"turns":4},{"damage":0,"enemies":"Large Slime","floor":13,"turns":4},{"damage":7,"enemies":"Exordium Wildlife","floor":14,"turns":2},{"damage":12,"enemies":"Hexaghost","floor":16,"turns":10},{"damage":20,"enemies":"2 Thieves","floor":18,"turns":4},{"damage":0,"enemies":"3 Byrds","floor":20,"turns":4},{"damage":2,"enemies":"Cultist and Chosen","floor":24,"turns":6},{"damage":16,"enemies":"Book of Stabbing","floor":27,"turns":6},{"damage":12,"enemies":"Shelled Parasite and Fungi","floor":28,"turns":4},{"damage":16,"enemies":"Slavers","floor":30,"turns":5},{"damage":36,"enemies":"Collector","floor":33,"turns":10},{"damage":2,"enemies":"3 Shapes","floor":35,"turns":4},{"damage":3,"enemies":"3 Darklings","floor":37,"turns":3},{"damage":40,"enemies":"Spire Growth","floor":38,"turns":5},{"damage":30,"enemies":"Transient","floor":39,"turns":3}],"seed_played":"6037671350370289618","potions_obtained":[{"floor":2,"key":"EssenceOfSteel"},{"floor":12,"key":"Fire Potion"},{"floor":14,"key":"Fruit Juice"},{"floor":16,"key":"Block Potion"},{"floor":18,"key":"AttackPotion"},{"floor":24,"key":"Swift Potion"},{"floor":27,"key":"Energy Potion"}],"is_trial":false,"path_per_floor":["M","M","?","M","$","R","E","R","T","R","E","M","M","M","R","B",null,"M","$","M","?","$","R","M","R","T","E","M","R","E","?","R","B",null,"M","?","M","M","M"],"character_chosen":"THE_SILENT","items_purchased":["Well Laid Plans","Caltrops","Noxious Fumes","GhostInAJar","Deflect"],"campfire_rested":5,"item_purchase_floors":[5,19,22,22,22],"current_hp_per_floor":[63,62,55,53,53,70,26,26,26,47,23,18,18,11,32,25,68,48,48,48,48,48,72,70,70,70,54,42,66,50,76,76,44,71,69,69,66,26,0],"gold":332,"neow_bonus":"ONE_RARE_RELIC","is_prod":false,"is_daily":false,"chose_seed":false,"campfire_upgraded":1,"win_rate":0,"timestamp":1542310964,"path_taken":["M","M","?","M","$","R","E","R","T","R","E","M","M","M","R","BOSS","M","$","M","?","$","R","M","R","T","E","M","R","E","?","R","BOSS","M","?","M","M","M"],"build_version":"2018-11-08","purchased_purges":2,"victory":false,"max_hp_per_floor":[70,70,70,70,70,70,70,70,70,70,70,70,70,70,70,75,80,80,80,80,80,80,80,80,80,80,80,80,80,80,80,80,80,80,80,80,80,80,80],"card_choices":[{"not_picked":["Quick Slash","Masterful Stab"],"picked":"Accuracy","floor":1},{"not_picked":["Flying Knee","Riddle With Holes"],"picked":"Blade Dance","floor":2},{"not_picked":["Reflex","Acrobatics"],"picked":"Sucker Punch","floor":4},{"not_picked":["Flechettes","Noxious Fumes"],"picked":"Bullet Time","floor":7},{"not_picked":["Underhanded Strike","Quick Slash"],"picked":"Dagger Spray","floor":11},{"not_picked":["Poisoned Stab","Dagger Throw"],"picked":"Infinite Blades","floor":12},{"not_picked":["Deadly Poison","Expertise"],"picked":"Outmaneuver","floor":13},{"not_picked":["Backflip","Flying Knee"],"picked":"Cloak And Dagger","floor":14},{"not_picked":["Night Terror","Malaise"],"picked":"After Image","floor":16},{"not_picked":["Bane","All Out Attack"],"picked":"Blade Dance","floor":17},{"not_picked":["Masterful Stab+1","Prepared"],"picked":"Deflect","floor":18},{"not_picked":["Prepared","Dagger Throw"],"picked":"Blade Dance+1","floor":20},{"not_picked":["Flying Knee","Dagger Throw"],"picked":"Footwork","floor":24},{"not_picked":["Crippling Poison","Dagger Spray"],"picked":"Endless Agony+1","floor":27},{"not_picked":["Leg Sweep+1","Outmaneuver+1"],"picked":"Caltrops+1","floor":28},{"not_picked":["Backflip+1","Quick Slash"],"picked":"Blade Dance","floor":30},{"not_picked":["Wraith Form v2+1","Storm of Steel"],"picked":"Phantasmal Killer","floor":33},{"not_picked":["Dagger Throw","Masterful Stab"],"picked":"Infinite Blades+1","floor":35},{"not_picked":["Sucker Punch","Reflex","Dodge and Roll"],"picked":"SKIP","floor":37},{"not_picked":["Expertise","Eviscerate+1","Underhanded Strike+1"],"picked":"SKIP","floor":38}],"player_experience":836012,"relics_obtained":[{"floor":7,"key":"Juzu Bracelet"},{"floor":8,"key":"Pen Nib"},{"floor":9,"key":"Centennial Puzzle"},{"floor":11,"key":"Dead Branch"},{"floor":26,"key":"Mercury Hourglass"},{"floor":27,"key":"Pantograph"},{"floor":30,"key":"Frozen Egg 2"},{"floor":32,"key":"Bronze Scales"}],"event_choices":[{"damage_healed":0,"gold_gain":0,"player_choice":"Success","damage_taken":7,"relics_obtained":["Ancient Tea Set"],"max_hp_gain":0,"max_hp_loss":0,"event_name":"Scrap Ooze","floor":3,"gold_loss":0},{"damage_healed":0,"gold_gain":99,"player_choice":"Stole From Cult","damage_taken":0,"max_hp_gain":0,"max_hp_loss":0,"event_name":"Nest","floor":21,"gold_loss":0},{"damage_healed":26,"gold_gain":0,"player_choice":"Heal","damage_taken":0,"max_hp_gain":0,"max_hp_loss":0,"event_name":"The Library","floor":31,"gold_loss":0},{"damage_healed":0,"gold_gain":0,"cards_transformed":["Strike_G"],"player_choice":"Transformed","damage_taken":0,"max_hp_gain":0,"max_hp_loss":0,"event_name":"Transmorgrifier","floor":36,"gold_loss":0,"cards_obtained":["Corpse Explosion"]}],"is_beta":false,"boss_relics":[{"not_picked":["Eternal Feather","Philosopher\u0027s Stone"],"picked":"Tiny House"},{"not_picked":["Calling Bell","Astrolabe"],"picked":"Fusion Hammer"}],"items_purged_floors":[5,19],"is_endless":false,"potions_floor_spawned":[2,12,14,16,18,24,27],"killed_by":"Transient","ascension_level":9}