{"gold_per_floor":[214,214,214,139,154,154,171,201,201,201,219,219,219],"floor_reached":13,"playtime":1003,"items_purged":["Strike_G"],"score":87,"play_id":"70d5ecb1-81a3-4e99-b0ce-72dbc3649094","local_time":"20190212142522","is_ascension_mode":true,"campfire_choices":[{"data":"Accuracy","floor":6,"key":"SMITH"},{"floor":10,"key":"REST"}],"neow_cost":"NONE","seed_source_timestamp":278624912879900,"circlet_count":0,"master_deck":["Defend_G","Defend_G","Defend_G","Defend_G","Defend_G","Strike_G+1","Strike_G+1","Strike_G","Survivor","Neutralize","Prepared","Accuracy+1","Backflip","Blur+1"],"relics":["Ring of the Snake","Mercury Hourglass","Blue Candle"],"potions_floor_usage":[],"damage_taken":[{"damage":0,"enemies":"2 Louse","floor":1,"turns":2},{"damage":0,"enemies":"Small Slimes","floor":5,"turns":5},{"damage":1,"enemies":"Cultist","floor":7,"turns":5},{"damage":40,"enemies":"3 Sentries","floor":8,"turns":15},{"damage":9,"enemies":"Exordium Wildlife","floor":11,"turns":6},{"damage":56,"enemies":"Gremlin Nob","floor":13,"turns":5}],"seed_played":"-7716397874530106467","potions_obtained":[{"floor":5,"key":"FairyPotion"},{"floor":11,"key":"Poison Potion"}],"is_trial":false,"path_per_floor":["M","?","?","$","M","R","M","E","T","R","M","?","E"],"character_chosen":"THE_SILENT","items_purchased":[],"campfire_rested":1,"item_purchase_floors":[],"current_hp_per_floor":[70,56,56,56,56,56,55,15,15,36,27,27,0],"gold":219,"neow_bonus":"HUNDRED_GOLD","is_prod":false,"is_daily":false,"chose_seed":false,"campfire_upgraded":1,"win_rate":0,"timestamp":1550010322,"path_taken":["M","?","?","$","?","R","M","E","T","R","M","?","E"],"build_version":"2019-01-23","purchased_purges":1,"victory":false,"max_hp_per_floor":[70,70,70,70,70,70,70,70,70,70,70,70,70],"card_choices":[{"not_picked":["Deflect","Bane"],"picked":"Prepared","floor":1},{"not_picked":["Distraction","Sucker Punch"],"picked":"Accuracy","floor":5},{"not_picked":["Dagger Throw","Flying Knee","Endless Agony"],"picked":"SKIP","floor":7},{"not_picked":["Glass Knife","Bane"],"picked":"Backflip","floor":8},{"not_picked":["PiercingWail","Underhanded Strike"],"picked":"Blur","floor":11}],"player_experience":152346,"relics_obtained":[{"floor":8,"key":"Mercury Hourglass"},{"floor":9,"key":"Blue Candle"}],"event_choices":[{"damage_healed":0,"gold_gain":0,"player_choice":"Entered Light","damage_taken":14,"max_hp_gain":0,"max_hp_loss":0,"event_name":"Shining Light","floor":2,"gold_loss":0,"cards_upgraded":["Strike_G","Strike_G"]},{"cards_removed":["Strike_G"],"damage_healed":0,"gold_gain":0,"player_choice":"Purged","damage_taken":0,"max_hp_gain":0,"max_hp_loss":0,"event_name":"Purifier","floor":3,"gold_loss":0},{"damage_healed":0,"gold_gain":0,"player_choice":"Forge","damage_taken":0,"max_hp_gain":0,"max_hp_loss":0,"event_name":"Accursed Blacksmith","floor":12,"gold_loss":0,"cards_upgraded":["Blur"]}],"is_beta":false,"boss_relics":[],"items_purged_floors":[4],"is_endless":false,"potions_floor_spawned":[5,11],"killed_by":"Gremlin Nob","ascension_level":1}