{"gold_per_floor":[113,33,51,126,142,142,142,160,209,8,8,19,19,19,19,117,117,132,144,159,5,5],"floor_reached":22,"playtime":2892,"items_purged":[],"score":176,"play_id":"53991f6f-c26f-44f5-aaed-683ecd524590","local_time":"20180716232052","is_ascension_mode":false,"campfire_choices":[{"data":"Limit Break","floor":6,"key":"SMITH"},{"floor":11,"key":"REST"},{"data":"Perfected Strike","floor":15,"key":"SMITH"}],"neow_cost":"","seed_source_timestamp":510569039112365,"circlet_count":0,"master_deck":["Strike_R+1","Strike_R","Strike_R","Strike_R","Defend_R","Defend_R","Defend_R","Defend_R","Bash","Intimidate","Inflame","Infernal Blade+1","Limit Break+1","Perfected Strike+1","Secret Weapon+1","Demon Form","Cleave","Thunderclap","Shockwave"],"relics":["Black Blood","Juzu Bracelet","Bronze Scales"],"potions_floor_usage":[8,19,22],"damage_taken":[{"damage":5,"enemies":"Jaw Worm","floor":1,"turns":4},{"damage":7,"enemies":"Small Slimes","floor":3,"turns":4},{"damage":6,"enemies":"Cultist","floor":5,"turns":4},{"damage":4,"enemies":"Gremlin Gang","floor":8,"turns":6},{"damage":1,"enemies":"3 Louse","floor":12,"turns":4},{"damage":49,"enemies":"The Guardian","floor":16,"turns":10},{"damage":39,"enemies":"Shell Parasite","floor":18,"turns":6},{"damage":10,"enemies":"Chosen","floor":19,"turns":4},{"damage":32,"enemies":"Centurion and Healer","floor":20,"turns":6},{"damage":34,"enemies":"Cultist and Chosen","floor":22,"turns":6}],"seed_played":"8611178153320661372","potions_obtained":[{"floor":1,"key":"Poison Potion"},{"floor":12,"key":"FearPotion"},{"floor":18,"key":"LiquidBronze"}],"is_trial":false,"path_per_floor":["M","$","M","?","M","R","?","M","T","$","R","M","?","?","R","B",null,"M","M","M","$"],"character_chosen":"IRONCLAD","items_purchased":["Inflame","Secret Weapon","Bronze Scales"],"campfire_rested":1,"item_purchase_floors":[2,10,21],"current_hp_per_floor":[80,80,79,68,68,68,52,54,54,54,78,80,80,80,80,37,80,51,51,29,29,0],"gold":5,"neow_bonus":"","is_prod":false,"is_daily":false,"chose_seed":false,"campfire_upgraded":2,"win_rate":0,"timestamp":1531779652,"path_taken":["M","$","M","?","M","R","?","M","T","?","R","M","?","?","R","BOSS","M","M","M","$","M"],"build_version":"2018-07-12","purchased_purges":0,"victory":false,"max_hp_per_floor":[80,80,80,80,80,80,80,80,80,80,80,80,80,80,80,80,80,80,80,80,80,80],"card_choices":[{"not_picked":["Burning Pact","Thunderclap"],"picked":"Intimidate","floor":1},{"not_picked":["Clothesline","Cleave"],"picked":"Infernal Blade","floor":3},{"not_picked":["Dual Wield","Clash"],"picked":"Limit Break","floor":5},{"not_picked":["Sever Soul","Battle Trance"],"picked":"Perfected Strike","floor":8},{"not_picked":["Second Wind","Burning Pact","Flex"],"picked":"SKIP","floor":12},{"not_picked":["Exhume","Reaper"],"picked":"Demon Form","floor":16},{"not_picked":["Sword Boomerang+1","Sever Soul"],"picked":"Cleave","floor":18},{"not_picked":["Sword Boomerang+1","Cleave+1"],"picked":"Thunderclap","floor":19},{"not_picked":["Clash+1","Battle Trance+1"],"picked":"Shockwave","floor":20}],"player_experience":371012,"relics_obtained":[{"floor":9,"key":"Juzu Bracelet"}],"event_choices":[{"event_name":"World of Goop","player_choice":"Gather Gold","floor":4,"damage_taken":0},{"event_name":"Shining Light","player_choice":"Entered Light","floor":7,"damage_taken":0},{"event_name":"Upgrade Shrine","player_choice":"Upgraded","floor":13,"damage_taken":0},{"event_name":"Living Wall","player_choice":"Forget","floor":14,"damage_taken":0}],"boss_relics":[{"not_picked":["Calling Bell","Black Star"],"picked":"Black Blood"}],"items_purged_floors":[],"is_endless":false,"potions_floor_spawned":[1,12,18],"killed_by":"Cultist and Chosen","ascension_level":0}