{"gold_per_floor":[109,125,125,50,50,81,106,130,130,130,130,130],"floor_reached":12,"playtime":452,"items_purged":["Burning Pact"],"score":148,"play_id":"78db16a1-87b8-49c9-892c-6eb4fa34833c","local_time":"20190603105723","is_ascension_mode":true,"campfire_choices":[{"floor":10,"key":"REST"}],"neow_cost":"NONE","seed_source_timestamp":1015119035100,"circlet_count":0,"master_deck":["AscendersBane","Strike_R","Strike_R","Strike_R","Strike_R","Defend_R","Defend_R","Defend_R","Defend_R","Bash","Dropkick","Shrug It Off","Twin Strike","Body Slam"],"relics":["Burning Blood","Golden Idol","Shovel","Pantograph","NlothsMask"],"potions_floor_usage":[12],"damage_taken":[{"damage":12,"enemies":"2 Louse","floor":1,"turns":4},{"damage":22,"enemies":"Small Slimes","floor":2,"turns":5},{"damage":60,"enemies":"Lagavulin","floor":6,"turns":6},{"damage":7,"enemies":"Jaw Worm","floor":7,"turns":3},{"damage":12,"enemies":"Looter","floor":8,"turns":3},{"damage":30,"enemies":"3 Sentries","floor":12,"turns":9}],"seed_played":"-8338510071326755925","potions_obtained":[{"floor":6,"key":"Strength Potion"},{"floor":8,"key":"Block Potion"}],"is_trial":false,"path_per_floor":["M","M","?","$","?","E","M","M","T","R","?","E"],"character_chosen":"IRONCLAD","items_purchased":[],"campfire_rested":1,"item_purchase_floors":[],"current_hp_per_floor":[62,46,46,46,68,14,13,7,7,27,27,0],"gold":130,"neow_bonus":"TRANSFORM_CARD","is_prod":false,"is_daily":false,"chose_seed":false,"campfire_upgraded":0,"win_rate":0,"timestamp":1559584643,"path_taken":["M","M","?","$","?","E","M","?","T","R","?","E"],"build_version":"2019-01-23","purchased_purges":1,"victory":false,"max_hp_per_floor":[75,75,68,68,68,68,68,68,68,68,68,68],"card_choices":[{"not_picked":["Headbutt","Infernal Blade","Clothesline"],"picked":"SKIP","floor":1},{"not_picked":["Feel No Pain","Perfected Strike"],"picked":"Dropkick","floor":2},{"not_picked":["Armaments","Headbutt"],"picked":"Shrug It Off","floor":6},{"not_picked":["Headbutt","Reckless Charge"],"picked":"Twin Strike","floor":7},{"not_picked":["Uppercut","Dual Wield"],"picked":"Body Slam","floor":8}],"player_experience":429345,"relics_obtained":[{"floor":6,"key":"Shovel"},{"floor":9,"key":"Pantograph"}],"event_choices":[{"damage_healed":0,"gold_gain":0,"player_choice":"Lose Max HP","damage_taken":0,"relics_obtained":["Golden Idol"],"max_hp_gain":0,"max_hp_loss":7,"event_name":"Golden Idol","floor":3,"gold_loss":0},{"damage_healed":22,"gold_gain":0,"player_choice":"Banana","damage_taken":0,"max_hp_gain":0,"max_hp_loss":0,"event_name":"Big Fish","floor":5,"gold_loss":0},{"damage_healed":0,"gold_gain":0,"player_choice":"Trade","damage_taken":0,"relics_obtained":["NlothsMask"],"max_hp_gain":0,"max_hp_loss":0,"event_name":"FaceTrader","floor":11,"gold_loss":0}],"is_beta":false,"boss_relics":[],"items_purged_floors":[4],"is_endless":false,"potions_floor_spawned":[6,8],"killed_by":"3 Sentries","ascension_level":18}