{"gold_per_floor":[112,130,148,159,170,170,10,24,97,107,72,101,16,28,28,123,123,139,139,152,169,187,187,27,27,27,27,47,60,60],"floor_reached":30,"playtime":7667,"items_purged":[],"score":238,"play_id":"3169e968-e0fa-4c58-a026-dc67edcb788a","local_time":"20190709023016","is_ascension_mode":false,"campfire_choices":[{"floor":6,"key":"REST"},{"floor":15,"key":"REST"},{"floor":23,"key":"REST"}],"neow_cost":"","seed_source_timestamp":38907202606706,"circlet_count":0,"master_deck":["Strike_R","Strike_R","Strike_R","Strike_R","Strike_R","Defend_R","Defend_R","Defend_R","Defend_R","Bash","Pommel Strike","Perfected Strike","Infernal Blade","Whirlwind","Shrug It Off","Fiend Fire","Forethought","Armaments","Intimidate","Metallicize","Bandage Up","Pommel Strike","Impervious","Twin Strike","Cleave","Clothesline","Disarm","Fire Breathing","Shrug It Off","Blood for Blood","Headbutt"],"relics":["Burning Blood","Paper Frog","Lantern","Philosopher\u0027s Stone","Bag of Preparation"],"potions_floor_usage":[22,22,28],"damage_taken":[{"damage":5,"enemies":"Cultist","floor":1,"turns":4},{"damage":0,"enemies":"Small Slimes","floor":2,"turns":3},{"damage":6,"enemies":"2 Louse","floor":3,"turns":2},{"damage":50,"enemies":"Gremlin Gang","floor":4,"turns":6},{"damage":0,"enemies":"Lots of Slimes","floor":5,"turns":1},{"damage":19,"enemies":"Blue Slaver","floor":8,"turns":5},{"damage":11,"enemies":"Red Slaver","floor":10,"turns":5},{"damage":26,"enemies":"Gremlin Nob","floor":12,"turns":4},{"damage":24,"enemies":"Exordium Wildlife","floor":14,"turns":5},{"damage":47,"enemies":"The Guardian","floor":16,"turns":13},{"damage":0,"enemies":"3 Byrds","floor":18,"turns":5},{"damage":56,"enemies":"Spheric Guardian","floor":20,"turns":8},{"damage":29,"enemies":"Centurion and Healer","floor":21,"turns":6},{"damage":26,"enemies":"3 Cultists","floor":22,"turns":7},{"damage":27,"enemies":"Chosen and Byrds","floor":28,"turns":10},{"damage":29,"enemies":"Sentry and Sphere","floor":29,"turns":6},{"damage":12,"enemies":"Shelled Parasite and Fungi","floor":30,"turns":1}],"seed_played":"-6697844659001317557","potions_obtained":[{"floor":3,"key":"SteroidPotion"},{"floor":4,"key":"Regen Potion"},{"floor":12,"key":"Energy Potion"},{"floor":22,"key":"SpeedPotion"},{"floor":29,"key":"Dexterity Potion"}],"is_trial":false,"path_per_floor":["M","M","M","M","M","R","$","M","T","M","?","E","$","M","R","B",null,"M","?","M","M","M","R","$","?","T","$","M","M","M"],"character_chosen":"IRONCLAD","items_purchased":["Fiend Fire","Forethought","Bandage Up","BloodPotion","Fire Breathing","Shrug It Off"],"campfire_rested":3,"item_purchase_floors":[7,7,13,24,24,24],"current_hp_per_floor":[80,80,80,36,42,66,66,53,53,48,68,48,48,30,54,17,80,80,80,34,15,14,38,38,23,23,23,27,8,0],"gold":60,"neow_bonus":"","is_prod":false,"is_daily":false,"chose_seed":false,"campfire_upgraded":0,"win_rate":0.0,"timestamp":1562653816,"path_taken":["M","M","M","?","M","R","$","M","T","M","?","E","$","M","R","BOSS","M","?","M","M","M","R","$","?","T","$","M","M","M"],"build_version":"2019-07-05","purchased_purges":0,"victory":false,"max_hp_per_floor":[80,80,80,80,80,80,80,80,80,80,80,80,80,80,80,80,80,80,80,80,80,80,80,80,85,85,85,85,85,85],"card_choices":[{"not_picked":["Shockwave","Whirlwind"],"picked":"Pommel Strike","floor":1},{"not_picked":["Body Slam","Blood for Blood"],"picked":"Perfected Strike","floor":2},{"not_picked":["Warcry","Pommel Strike"],"picked":"Infernal Blade","floor":3},{"not_picked":["Clothesline","Rampage"],"picked":"Whirlwind","floor":4},{"not_picked":["Power Through","Clothesline"],"picked":"Shrug It Off","floor":5},{"not_picked":["Clash","Warcry"],"picked":"Armaments","floor":8},{"not_picked":["Entrench","Warcry"],"picked":"Intimidate","floor":10},{"not_picked":["Anger","Offering"],"picked":"Metallicize","floor":12},{"not_picked":["Clothesline","Sever Soul"],"picked":"Pommel Strike","floor":14},{"not_picked":["Dark Embrace","Barricade"],"picked":"Impervious","floor":16},{"not_picked":["Pommel Strike","Sever Soul"],"picked":"Twin Strike","floor":18},{"not_picked":["Perfected Strike","Headbutt"],"picked":"Cleave","floor":20},{"not_picked":["Carnage","Twin Strike"],"picked":"Clothesline","floor":21},{"not_picked":["Infernal Blade","Pommel Strike"],"picked":"Disarm","floor":22},{"not_picked":["Iron Wave","True Grit"],"picked":"Blood for Blood","floor":28},{"not_picked":["Cleave","Blood for Blood"],"picked":"Headbutt","floor":29}],"player_experience":0,"relics_obtained":[{"floor":9,"key":"Paper Frog"},{"floor":12,"key":"Lantern"},{"floor":26,"key":"Bag of Preparation"}],"event_choices":[{"damage_healed":20,"gold_gain":0,"player_choice":"Healed","damage_taken":0,"max_hp_gain":0,"max_hp_loss":0,"event_name":"The Cleric","floor":11,"gold_loss":35},{"damage_healed":0,"gold_gain":0,"player_choice":"Ignored","damage_taken":0,"max_hp_gain":0,"max_hp_loss":0,"event_name":"Beggar","floor":19,"gold_loss":0},{"damage_healed":0,"gold_gain":0,"player_choice":"Shed Blood","damage_taken":20,"max_hp_gain":5,"max_hp_loss":0,"event_name":"Forgotten Altar","floor":25,"gold_loss":0}],"is_beta":false,"boss_relics":[{"not_picked":["Runic Pyramid","Busted Crown"],"picked":"Philosopher\u0027s Stone"}],"items_purged_floors":[],"is_endless":false,"potions_floor_spawned":[3,4,12,14,22,29],"killed_by":"Shelled Parasite and Fungi","ascension_level":0}