{"gold_per_floor":[115,115,80,255,6,41,41,41,96,110,110,60,60,89,89,89],"floor_reached":16,"playtime":468,"items_purged":["Doubt"],"score":146,"play_id":"c77363de-7fce-4e81-89ed-1a700df4d711","local_time":"20190630165339","is_ascension_mode":true,"campfire_choices":[{"floor":8,"key":"REST"},{"floor":11,"key":"REST"},{"floor":15,"key":"REST"}],"neow_cost":"NONE","seed_source_timestamp":343628010386942,"circlet_count":0,"master_deck":["Defend_G","Defend_G","Defend_G","Defend_G","Defend_G","Strike_G","Strike_G","Strike_G","Strike_G","Strike_G","Survivor+1","Neutralize","Night Terror+1","Caltrops+1","Flash of Steel","Poisoned Stab","PiercingWail"],"relics":["Ring of the Snake","Pen Nib","Strawberry","Bottled Lightning"],"potions_floor_usage":[14],"damage_taken":[{"damage":7,"enemies":"Small Slimes","floor":1,"turns":6},{"damage":51,"enemies":"Gremlin Nob","floor":6,"turns":6},{"damage":11,"enemies":"Jaw Worm","floor":10,"turns":3},{"damage":37,"enemies":"Lagavulin","floor":14,"turns":9},{"damage":35,"enemies":"Hexaghost","floor":16,"turns":9}],"seed_played":"-45576713736563150","potions_obtained":[{"floor":1,"key":"Block Potion"},{"floor":14,"key":"Ancient Potion"}],"is_trial":false,"path_per_floor":["M","?","?","?","$","E","?","R","T","M","R","?","$","E","R","B"],"character_chosen":"THE_SILENT","items_purchased":["Caltrops","Flash of Steel"],"campfire_rested":3,"item_purchase_floors":[5,5],"current_hp_per_floor":[56,56,70,70,70,19,5,26,33,22,45,45,45,8,31,0],"gold":89,"neow_bonus":"ONE_RANDOM_RARE_CARD","is_prod":false,"is_daily":false,"chose_seed":false,"campfire_upgraded":0,"win_rate":0,"timestamp":1561928019,"path_taken":["M","?","?","?","$","E","?","R","T","M","R","?","?","E","R","BOSS"],"build_version":"2019-01-23","purchased_purges":1,"victory":false,"max_hp_per_floor":[70,70,70,70,70,70,70,70,77,77,77,77,77,77,77,77],"card_choices":[{"not_picked":["Eviscerate","Underhanded Strike","Expertise"],"picked":"SKIP","floor":1},{"not_picked":["Bane","All Out Attack"],"picked":"Poisoned Stab","floor":6},{"not_picked":["Deflect","Eviscerate"],"picked":"PiercingWail","floor":10},{"not_picked":["Setup","Reflex","Tactician"],"picked":"SKIP","floor":14}],"player_experience":515939,"relics_obtained":[{"floor":6,"key":"Pen Nib"},{"floor":9,"key":"Strawberry"},{"floor":14,"key":"Bottled Lightning"}],"event_choices":[{"damage_healed":0,"gold_gain":0,"player_choice":"Grow","damage_taken":0,"max_hp_gain":0,"max_hp_loss":0,"event_name":"Living Wall","floor":2,"gold_loss":0,"cards_upgraded":["Night Terror"]},{"damage_healed":17,"gold_gain":0,"player_choice":"Healed","damage_taken":0,"max_hp_gain":0,"max_hp_loss":0,"event_name":"The Cleric","floor":3,"gold_loss":35},{"damage_healed":0,"gold_gain":175,"player_choice":"AGREE","damage_taken":0,"max_hp_gain":0,"max_hp_loss":0,"event_name":"Liars Game","floor":4,"gold_loss":0,"cards_obtained":["Doubt"]},{"damage_healed":0,"gold_gain":0,"player_choice":"Entered Light","damage_taken":14,"max_hp_gain":0,"max_hp_loss":0,"event_name":"Shining Light","floor":7,"gold_loss":0,"cards_upgraded":["Caltrops","Survivor"]},{"damage_healed":0,"gold_gain":0,"player_choice":"Left Gold","damage_taken":0,"max_hp_gain":0,"max_hp_loss":0,"event_name":"World of Goop","floor":12,"gold_loss":50}],"is_beta":false,"boss_relics":[],"items_purged_floors":[5],"is_endless":false,"potions_floor_spawned":[1,14],"killed_by":"Hexaghost","ascension_level":8}