{"gold_per_floor":[111,129,148,166,178,210,210,223,223,223,236,8,0,0,0,95,95,106,34,34,54,54,54,69,69,148,160,160],"floor_reached":28,"playtime":5122,"items_purged":[],"score":222,"play_id":"4031e8ae-85d1-4dc3-b77a-82f811690abb","local_time":"20190706204852","is_ascension_mode":false,"campfire_choices":[{"floor":7,"key":"REST"},{"floor":10,"key":"REST"},{"data":"Rainbow","floor":15,"key":"SMITH"},{"floor":23,"key":"REST"},{"data":"Capacitor","floor":25,"key":"SMITH"}],"neow_cost":"NONE","seed_source_timestamp":425392593988013,"circlet_count":0,"master_deck":["Strike_B","Strike_B","Strike_B","Defend_B","Defend_B","Defend_B","Defend_B","Zap","Dualcast","Ball Lightning+1","Capacitor+1","Cold Snap+1","Barrage","Chaos","Storm","Cold Snap","BootSequence","Rainbow+1","Loop","Multi-Cast","Genetic Algorithm","Self Repair","RitualDagger","Conserve Battery","Force Field","Barrage"],"relics":["FrozenCore","Pantograph","Whetstone","Sundial"],"potions_floor_usage":[],"damage_taken":[{"damage":2,"enemies":"Small Slimes","floor":1,"turns":4},{"damage":1,"enemies":"Jaw Worm","floor":2,"turns":2},{"damage":0,"enemies":"Cultist","floor":3,"turns":3},{"damage":5,"enemies":"Looter","floor":4,"turns":3},{"damage":8,"enemies":"Gremlin Gang","floor":5,"turns":4},{"damage":30,"enemies":"Gremlin Nob","floor":6,"turns":5},{"damage":2,"enemies":"Blue Slaver","floor":8,"turns":5},{"damage":8,"enemies":"2 Fungi Beasts","floor":11,"turns":4},{"damage":37,"enemies":"The Guardian","floor":16,"turns":8},{"damage":10,"enemies":"Spheric Guardian","floor":18,"turns":5},{"damage":32,"enemies":"2 Thieves","floor":21,"turns":5},{"damage":12,"enemies":"Snake Plant","floor":24,"turns":7},{"damage":25,"enemies":"Centurion and Healer","floor":27,"turns":10},{"damage":50,"enemies":"Slavers","floor":28,"turns":3}],"seed_played":"-401840118415670879","potions_obtained":[{"floor":2,"key":"SkillPotion"},{"floor":6,"key":"Explosive Potion"},{"floor":8,"key":"SpeedPotion"},{"floor":16,"key":"Fire Potion"}],"is_trial":false,"path_per_floor":["M","M","M","M","M","E","R","M","T","R","M","$","?","?","R","B",null,"M","$","?","M","$","R","M","R","T","M","E"],"character_chosen":"DEFECT","items_purchased":["Rainbow","Loop","Self Repair"],"campfire_rested":3,"item_purchase_floors":[12,12,19],"current_hp_per_floor":[80,79,79,74,66,36,60,58,58,82,74,74,74,74,74,45,82,72,72,66,41,41,65,60,60,60,42,0],"gold":160,"neow_bonus":"TEN_PERCENT_HP_BONUS","is_prod":false,"is_daily":false,"chose_seed":false,"campfire_upgraded":2,"win_rate":0.0,"timestamp":1562467732,"path_taken":["M","M","M","M","M","E","R","M","T","R","M","$","?","?","R","BOSS","M","?","?","M","$","R","M","R","T","M","E"],"build_version":"2019-07-05","purchased_purges":0,"victory":false,"max_hp_per_floor":[82,82,82,82,82,82,82,82,82,82,82,82,82,82,82,82,82,82,82,82,82,82,82,82,82,82,82,82],"card_choices":[{"not_picked":["Go for the Eyes","Compile Driver"],"picked":"Ball Lightning","floor":1},{"not_picked":["Steam","Coolheaded"],"picked":"Capacitor","floor":2},{"not_picked":["Go for the Eyes","White Noise"],"picked":"Cold Snap","floor":3},{"not_picked":["Steam","Consume"],"picked":"Barrage","floor":4},{"not_picked":["Fusion","Lockon"],"picked":"Chaos","floor":5},{"not_picked":["Streamline","Compile Driver"],"picked":"Storm","floor":6},{"not_picked":["Compile Driver","Go for the Eyes"],"picked":"Cold Snap","floor":8},{"not_picked":["Beam Cell","Fusion"],"picked":"BootSequence","floor":11},{"not_picked":["Amplify","Creative AI"],"picked":"Multi-Cast","floor":16},{"not_picked":["Sweeping Beam","FTL"],"picked":"Genetic Algorithm","floor":18},{"not_picked":["Compile Driver+1","Auto Shields"],"picked":"Conserve Battery","floor":21},{"not_picked":["Cold Snap","Beam Cell"],"picked":"Force Field","floor":24},{"not_picked":["Redo","Loop"],"picked":"Barrage","floor":27}],"player_experience":25922,"relics_obtained":[{"floor":6,"key":"Pantograph"},{"floor":9,"key":"Whetstone"},{"floor":26,"key":"Sundial"}],"event_choices":[{"damage_healed":0,"gold_gain":0,"player_choice":"Left Gold","damage_taken":0,"max_hp_gain":0,"max_hp_loss":0,"event_name":"World of Goop","floor":13,"gold_loss":8},{"cards_removed":["Strike_B"],"damage_healed":0,"gold_gain":0,"player_choice":"Purged","damage_taken":0,"max_hp_gain":0,"max_hp_loss":0,"event_name":"Purifier","floor":14,"gold_loss":0},{"damage_healed":0,"gold_gain":0,"player_choice":"Joined the Cult","damage_taken":6,"max_hp_gain":0,"max_hp_loss":0,"event_name":"Nest","floor":20,"gold_loss":0,"cards_obtained":["RitualDagger"]}],"is_beta":false,"boss_relics":[{"not_picked":["Lizard Tail","Busted Crown"],"picked":"FrozenCore"}],"items_purged_floors":[],"is_endless":false,"potions_floor_spawned":[2,6,8,16,24],"killed_by":"Slavers","ascension_level":0}