{"gold_per_floor":[117,3,3,17,36,36,36,51,51,86,86,86,86,105,105,178,178,191,38,38,38,57,57,57,57,126,137,137,137,12,23,23,100,100,110,110,210,210,227,227,77,92,92,125,174,191,201,26,26,26],"floor_reached":51,"playtime":1613,"items_purged":["Strike_R","Strike_R","Strike_R","Defend_R","Defend_R"],"score":1412,"play_id":"500978c7-fdc9-4517-aeb7-ebe181163cb8","local_time":"20190801004136","is_ascension_mode":true,"campfire_choices":[{"data":"Whirlwind","floor":6.0,"key":"SMITH"},{"data":"Flex","floor":12.0,"key":"SMITH"},{"data":"Heavy Blade","floor":15.0,"key":"SMITH"},{"data":"Flex","floor":23.0,"key":"SMITH"},{"data":"Flex","floor":25.0,"key":"SMITH"},{"data":"Sword Boomerang","floor":29.0,"key":"SMITH"},{"data":"Battle Trance","floor":32.0,"key":"SMITH"},{"data":"Thunderclap","floor":40.0,"key":"SMITH"},{"floor":49.0,"key":"REST"}],"neow_cost":"NONE","seed_source_timestamp":0,"circlet_count":0,"master_deck":["AscendersBane","Defend_R","Defend_R","Bash+1","Heavy Blade+1","Whirlwind+1","Sword Boomerang+1","Flex+1","Battle Trance+1","Flex+1","Flex+1","Thunderclap+1","Necronomicurse"],"special_seed":0,"relics":["Burning Blood","Champion Belt","WingedGreaves","FossilizedHelix","Busted Crown","Necronomicon","Paper Frog","Bottled Flame","Runic Cube","Charon\u0027s Ashes","Matryoshka","Blue Candle","Art of War","Orichalcum","Prayer Wheel"],"potions_floor_usage":[50,50],"damage_taken":[{"damage":2.0,"enemies":"Jaw Worm","floor":1.0,"turns":3.0},{"damage":10.0,"enemies":"Small Slimes","floor":4.0,"turns":3.0},{"damage":2.0,"enemies":"2 Louse","floor":5.0,"turns":3.0},{"damage":0.0,"enemies":"Exordium Wildlife","floor":8.0,"turns":2.0},{"damage":40.0,"enemies":"Lagavulin","floor":10.0,"turns":6.0},{"damage":11.0,"enemies":"3 Louse","floor":14.0,"turns":3.0},{"damage":26.0,"enemies":"Slime Boss","floor":16.0,"turns":9.0},{"damage":1.0,"enemies":"3 Byrds","floor":18.0,"turns":4.0},{"damage":0.0,"enemies":"2 Thieves","floor":22.0,"turns":2.0},{"damage":0.0,"enemies":"Cultist and Chosen","floor":27.0,"turns":1.0},{"damage":0.0,"enemies":"Snake Plant","floor":31.0,"turns":1.0},{"damage":8.0,"enemies":"Automaton","floor":33.0,"turns":3.0},{"damage":0.0,"enemies":"3 Darklings","floor":35.0,"turns":1.0},{"damage":4.0,"enemies":"Mind Bloom Boss Battle","floor":37.0,"turns":2.0},{"damage":0.0,"enemies":"Orb Walker","floor":39.0,"turns":2.0},{"damage":0.0,"enemies":"Maw","floor":42.0,"turns":3.0},{"damage":0.0,"enemies":"Nemesis","floor":44.0,"turns":1.0},{"damage":6.0,"enemies":"2 Orb Walkers","floor":45.0,"turns":3.0},{"damage":0.0,"enemies":"Writhing Mass","floor":46.0,"turns":1.0},{"damage":29.0,"enemies":"Sphere and 2 Shapes","floor":47.0,"turns":3.0},{"damage":46,"enemies":"Awakened One","floor":50,"turns":5}],"seed_played":"-6454006181354674170","potions_obtained":[{"floor":4.0,"key":"Regen Potion"},{"floor":10.0,"key":"Weak Potion"},{"floor":14.0,"key":"Weak Potion"},{"floor":16.0,"key":"Energy Potion"},{"floor":27.0,"key":"Swift Potion"},{"floor":33.0,"key":"GamblersBrew"},{"floor":35.0,"key":"Strength Potion"},{"floor":39.0,"key":"Ancient Potion"},{"floor":45.0,"key":"Regen Potion"}],"is_trial":false,"path_per_floor":["M","$","?","M","M","R","$","M","T","E","$","R","?","M","R","B",null,"M","$","?","?","M","R","?","R","T","M","T","R","$","M","R","B",null,"M","?","?","T","M","R","$","M","T","E","?","M","M","$","R","B",null],"character_chosen":"IRONCLAD","items_purchased":["Whirlwind","Flex"],"campfire_rested":1,"item_purchase_floors":[2,19],"current_hp_per_floor":[72,72,46,42,46,46,46,52,52,33,33,33,33,28,28,8,58,63,63,63,63,69,69,48,48,48,54,54,54,54,60,60,58,71,75,75,75,75,75,75,75,75,75,75,75,75,52,52,74,43],"gold":26,"neow_bonus":"UPGRADE_CARD","is_prod":false,"is_daily":false,"chose_seed":false,"campfire_upgraded":8,"win_rate":0,"timestamp":1564645296,"path_taken":["M","$","?","M","M","R","$","M","T","E","$","R","?","M","R","BOSS","M","$","?","?","M","R","?","R","T","M","?","R","$","M","R","BOSS","M","?","?","?","M","R","?","M","T","E","?","?","?","$","R","BOSS"],"build_version":"2019-07-17","purchased_purges":5,"victory":true,"max_hp_per_floor":[75,75,75,75,75,75,75,75,75,75,75,75,75,75,75,75,75,75,75,75,75,75,75,75,75,75,75,75,75,75,75,75,75,75,75,75,75,75,75,75,75,75,75,75,75,75,75,75,75,75],"card_choices":[{"not_picked":["Body Slam","Twin Strike"],"picked":"Heavy Blade","floor":1.0},{"not_picked":["Heavy Blade","True Grit"],"picked":"Sword Boomerang","floor":4.0},{"not_picked":["Shrug It Off","Feel No Pain","Blood for Blood"],"picked":"SKIP","floor":5.0},{"not_picked":["Shrug It Off","Impervious"],"picked":"Flex","floor":8.0},{"not_picked":["Searing Blow","Rampage"],"picked":"Battle Trance","floor":10.0},{"not_picked":["Clash","Armaments","Headbutt"],"picked":"SKIP","floor":14.0},{"not_picked":["Twin Strike"],"picked":"SKIP","floor":18.0},{"not_picked":[],"picked":"Thunderclap","floor":22.0},{"not_picked":["Sword Boomerang"],"picked":"SKIP","floor":27.0},{"not_picked":["Body Slam"],"picked":"SKIP","floor":31.0},{"not_picked":["Metallicize+1"],"picked":"SKIP","floor":35.0},{"not_picked":["Pommel Strike"],"picked":"SKIP","floor":39.0},{"not_picked":["Cleave"],"picked":"SKIP","floor":42.0},{"not_picked":["Rage"],"picked":"SKIP","floor":44.0},{"not_picked":["Pommel Strike+1"],"picked":"SKIP","floor":46.0},{"not_picked":["Inflame+1"],"picked":"SKIP","floor":46.0},{"not_picked":["Twin Strike+1"],"picked":"SKIP","floor":47.0},{"not_picked":["Cleave"],"picked":"SKIP","floor":47.0}],"player_experience":490722,"relics_obtained":[{"floor":9.0,"key":"WingedGreaves"},{"floor":10.0,"key":"FossilizedHelix"},{"floor":24.0,"key":"Necronomicon"},{"floor":26.0,"key":"Paper Frog"},{"floor":28.0,"key":"Bottled Flame"},{"floor":37.0,"key":"Charon\u0027s Ashes"},{"floor":38.0,"key":"Matryoshka"},{"floor":43.0,"key":"Blue Candle"},{"floor":43.0,"key":"Art of War"},{"floor":44.0,"key":"Orichalcum"},{"floor":45.0,"key":"Prayer Wheel"}],"event_choices":[{"damage_healed":0.0,"max_hp_gain":0.0,"max_hp_loss":0.0,"gold_gain":0.0,"event_name":"Scrap Ooze","player_choice":"Success","floor":3.0,"gold_loss":0.0,"damage_taken":26.0,"relics_obtained":["Champion Belt"]},{"cards_removed":["Strike_R"],"damage_healed":0.0,"max_hp_gain":0.0,"max_hp_loss":0.0,"gold_gain":0.0,"event_name":"Living Wall","player_choice":"Forget","floor":13.0,"gold_loss":0.0,"damage_taken":0.0},{"damage_healed":0.0,"max_hp_gain":0.0,"max_hp_loss":0.0,"gold_gain":0.0,"event_name":"The Library","player_choice":"Read","floor":20.0,"gold_loss":0.0,"damage_taken":0.0,"cards_obtained":["Flex"]},{"cards_removed":["Strike_R"],"damage_healed":0.0,"max_hp_gain":0.0,"max_hp_loss":0.0,"gold_gain":0.0,"event_name":"Back to Basics","player_choice":"Elegance","floor":21.0,"gold_loss":0.0,"damage_taken":0.0},{"damage_healed":0.0,"max_hp_gain":0.0,"max_hp_loss":0.0,"gold_gain":0.0,"event_name":"Cursed Tome","player_choice":"Obtained Book","floor":24.0,"gold_loss":0.0,"damage_taken":21.0},{"damage_healed":0.0,"max_hp_gain":0.0,"max_hp_loss":0.0,"gold_gain":0.0,"event_name":"Tomb of Lord Red Mask","player_choice":"Ignored","floor":36.0,"gold_loss":0.0,"damage_taken":0.0},{"damage_healed":0.0,"max_hp_gain":0.0,"max_hp_loss":0.0,"gold_gain":0.0,"event_name":"MindBloom","player_choice":"Fight","floor":37.0,"gold_loss":0.0,"damage_taken":0.0},{"damage_healed":0.0,"max_hp_gain":0.0,"max_hp_loss":0.0,"gold_gain":0.0,"event_name":"Mysterious Sphere","player_choice":"Fight","floor":45.0,"gold_loss":0.0,"damage_taken":0.0}],"is_beta":false,"boss_relics":[{"not_picked":["Calling Bell","Astrolabe"],"picked":"Busted Crown"},{"not_picked":["Philosopher\u0027s Stone","Velvet Choker"],"picked":"Runic Cube"}],"items_purged_floors":[2,19,30,41,48],"is_endless":false,"potions_floor_spawned":[4,10,14,16,27,33,35,39,45],"ascension_level":19}