{"gold_per_floor":[111,36,51,51,126,126,156,156,156,156,156,182,202,19,19,115,115,134,147,22,37,56,85,104,104,104,104],"floor_reached":27,"playtime":1058,"items_purged":["Strike_B","Strike_B","Strike_B"],"score":333,"play_id":"5f8dc878-d0f8-43ac-8b6d-ad56d02bcdb5","local_time":"20190403011226","is_ascension_mode":true,"campfire_choices":[{"data":"Zap","floor":6,"key":"SMITH"},{"data":"Dualcast","floor":8,"key":"SMITH"},{"data":"Glacier","floor":11,"key":"SMITH"},{"data":"Beam Cell","floor":15,"key":"SMITH"}],"neow_cost":"NONE","seed_source_timestamp":178765363415700,"circlet_count":0,"master_deck":["Defend_B","Defend_B","Defend_B","Defend_B","Zap+1","Dualcast+1","Beam Cell+1","Hologram","Glacier+1","Cold Snap","Flash of Steel","Seek","Gash+1","Coolheaded","Gash+1","Flash of Steel"],"relics":["Cracked Core","NeowsBlessing","Strawberry","Pantograph","Matryoshka","Inserter","Art of War","Omamori","Lantern"],"potions_floor_usage":[23,27],"damage_taken":[{"damage":0,"enemies":"2 Louse","floor":1,"turns":1},{"damage":0,"enemies":"Small Slimes","floor":3,"turns":1},{"damage":0,"enemies":"Gremlin Nob","floor":7,"turns":1},{"damage":12,"enemies":"Lagavulin","floor":12,"turns":8},{"damage":0,"enemies":"Cultist","floor":13,"turns":3},{"damage":26,"enemies":"The Guardian","floor":16,"turns":18},{"damage":21,"enemies":"3 Byrds","floor":18,"turns":6},{"damage":15,"enemies":"Chosen","floor":19,"turns":8},{"damage":5,"enemies":"Shelled Parasite and Fungi","floor":21,"turns":8},{"damage":2,"enemies":"Sentry and Sphere","floor":22,"turns":12},{"damage":15,"enemies":"Slavers","floor":23,"turns":3},{"damage":20,"enemies":"Chosen and Byrds","floor":24,"turns":9},{"damage":11,"enemies":"Centurion and Healer","floor":27,"turns":6}],"seed_played":"7928017090277868120","potions_obtained":[{"floor":3,"key":"Ancient Potion"},{"floor":13,"key":"SpeedPotion"},{"floor":16,"key":"PowerPotion"},{"floor":23,"key":"FairyPotion"},{"floor":24,"key":"Dexterity Potion"}],"is_trial":false,"path_per_floor":["M","$","M","$","?","R","E","R","T","?","R","E","M","$","R","B",null,"M","M","$","M","M","E","M","?","T","M"],"character_chosen":"DEFECT","items_purchased":["Flash of Steel"],"campfire_rested":0,"item_purchase_floors":[14],"current_hp_per_floor":[75,75,75,75,64,64,71,71,71,71,71,59,59,59,59,56,76,55,40,40,35,33,18,8,8,8,0],"gold":104,"neow_bonus":"THREE_ENEMY_KILL","is_prod":false,"is_daily":false,"chose_seed":false,"campfire_upgraded":4,"win_rate":0,"timestamp":1554279146,"path_taken":["M","$","M","$","?","R","E","R","T","?","R","E","M","$","R","BOSS","M","M","$","M","?","E","M","?","T","?"],"build_version":"2019-01-23","purchased_purges":3,"victory":false,"max_hp_per_floor":[75,75,75,75,75,75,82,82,82,82,82,82,82,82,82,82,82,82,82,82,82,82,82,82,82,82,82],"card_choices":[{"not_picked":["Skim","Barrage"],"picked":"Beam Cell","floor":1},{"not_picked":["Tempest","Genetic Algorithm"],"picked":"Hologram","floor":3},{"not_picked":["Multi-Cast","Beam Cell"],"picked":"Glacier","floor":7},{"not_picked":["Loop","Streamline"],"picked":"Cold Snap","floor":12},{"not_picked":["Stack","Barrage","Leap"],"picked":"SKIP","floor":13},{"not_picked":["Buffer","Creative AI"],"picked":"Seek","floor":16},{"not_picked":["Barrage","Steam+1","Compile Driver"],"picked":"SKIP","floor":18},{"not_picked":["Aggregate","Darkness","Steam"],"picked":"SKIP","floor":19},{"not_picked":["Rebound","Amplify"],"picked":"Gash+1","floor":21},{"not_picked":["Turbo+1","Streamline+1","Rebound+1"],"picked":"SKIP","floor":22},{"not_picked":["Rip and Tear+1","Turbo"],"picked":"Coolheaded","floor":23},{"not_picked":["Stack","Beam Cell"],"picked":"Gash+1","floor":24}],"player_experience":297984,"relics_obtained":[{"floor":7,"key":"Strawberry"},{"floor":9,"key":"Pantograph"},{"floor":12,"key":"Matryoshka"},{"floor":23,"key":"Art of War"},{"floor":26,"key":"Omamori"},{"floor":26,"key":"Lantern"}],"event_choices":[{"damage_healed":0,"gold_gain":75,"player_choice":"Gather Gold","damage_taken":11,"max_hp_gain":0,"max_hp_loss":0,"event_name":"World of Goop","floor":5,"gold_loss":0},{"cards_removed":["Strike_B"],"damage_healed":0,"gold_gain":0,"player_choice":"Offered Basic","damage_taken":0,"max_hp_gain":0,"max_hp_loss":0,"event_name":"Bonfire Elementals","floor":10,"gold_loss":0},{"damage_healed":0,"gold_gain":0,"player_choice":"Copied","damage_taken":0,"max_hp_gain":0,"max_hp_loss":0,"event_name":"Duplicator","floor":25,"gold_loss":0,"cards_obtained":["Flash of Steel"]}],"is_beta":false,"boss_relics":[{"not_picked":["Ectoplasm","Fusion Hammer"],"picked":"Inserter"}],"items_purged_floors":[2,14,20],"is_endless":false,"potions_floor_spawned":[3,13,16,21,23,24],"killed_by":"Centurion and Healer","ascension_level":5}