{"gold_per_floor":[111,166,166,41,60,60,84,115,139,174,189,189,189,139,139,260,260,275,299,146,170,170],"floor_reached":22,"playtime":853,"items_purged":["Injury"],"score":262,"play_id":"c75b6cbd-db6a-438a-b420-caff4681d875","local_time":"20190617160214","is_ascension_mode":true,"campfire_choices":[{"floor":6,"key":"REST"},{"floor":12,"key":"REST"},{"floor":15,"key":"REST"}],"neow_cost":"PERCENT_DAMAGE","seed_source_timestamp":311623879140174,"circlet_count":0,"master_deck":["Defend_G","Defend_G","Defend_G","Defend_G","Defend_G","Strike_G","Strike_G","Strike_G","Strike_G","Survivor","Neutralize","Dash","Poisoned Stab","Dagger Spray","Bane","Poisoned Stab","Tools of the Trade","Die Die Die","Deadly Poison"],"relics":["Ring of the Snake","The Specimen","Golden Idol","Juzu Bracelet","Pen Nib","Question Card","Velvet Choker","Dream Catcher"],"potions_floor_usage":[8,10,16,21,22],"damage_taken":[{"damage":1,"enemies":"2 Louse","floor":1,"turns":5},{"damage":0,"enemies":"Jaw Worm","floor":5,"turns":4},{"damage":3,"enemies":"Cultist","floor":7,"turns":4},{"damage":17,"enemies":"3 Sentries","floor":8,"turns":6},{"damage":8,"enemies":"Gremlin Nob","floor":10,"turns":3},{"damage":0,"enemies":"3 Louse","floor":11,"turns":3},{"damage":24,"enemies":"The Guardian","floor":16,"turns":13},{"damage":6,"enemies":"Shell Parasite","floor":18,"turns":7},{"damage":19,"enemies":"Spheric Guardian","floor":19,"turns":4},{"damage":8,"enemies":"Snecko","floor":21,"turns":4},{"damage":38,"enemies":"Snake Plant","floor":22,"turns":3}],"seed_played":"-5691892478769971473","potions_obtained":[{"floor":7,"key":"Explosive Potion"},{"floor":8,"key":"SteroidPotion"},{"floor":11,"key":"LiquidBronze"},{"floor":16,"key":"LiquidBronze"},{"floor":18,"key":"Swift Potion"}],"is_trial":false,"path_per_floor":["M","?","?","$","M","R","M","E","T","E","M","R","?","?","R","B",null,"M","M","$","M","M"],"character_chosen":"THE_SILENT","items_purchased":["Poisoned Stab","Dream Catcher"],"campfire_rested":3,"item_purchase_floors":[4,20],"current_hp_per_floor":[44,44,44,44,44,65,62,45,45,37,37,58,58,58,70,46,64,58,39,39,31,0],"gold":170,"neow_bonus":"ONE_RARE_RELIC","is_prod":false,"is_daily":false,"chose_seed":false,"campfire_upgraded":0,"win_rate":0,"timestamp":1560801734,"path_taken":["M","?","?","$","M","R","M","E","T","E","M","R","?","?","R","BOSS","M","M","$","M","M"],"build_version":"2019-01-23","purchased_purges":1,"victory":false,"max_hp_per_floor":[70,70,70,70,70,70,70,70,70,70,70,70,70,70,70,70,70,70,70,70,70,70],"card_choices":[{"not_picked":["Cloak And Dagger","Prepared"],"picked":"Dash","floor":1},{"not_picked":["PiercingWail","Tactician"],"picked":"Dagger Spray","floor":5},{"not_picked":["All Out Attack","Blade Dance"],"picked":"Bane","floor":7},{"not_picked":["Reflex","Distraction","Sucker Punch"],"picked":"SKIP","floor":8},{"not_picked":["Endless Agony","Dodge and Roll","Predator"],"picked":"SKIP","floor":10},{"not_picked":["Heel Hook","Cloak And Dagger","Dash"],"picked":"Poisoned Stab","floor":11},{"not_picked":["Phantasmal Killer","Storm of Steel","Wraith Form v2"],"picked":"Die Die Die","floor":16},{"not_picked":["Dodge and Roll","Outmaneuver+1","Reflex","Blade Dance"],"picked":"SKIP","floor":18},{"not_picked":["Backstab","Dagger Throw+1","Cloak And Dagger+1"],"picked":"Deadly Poison","floor":19},{"not_picked":["Expertise","Outmaneuver","Cloak And Dagger","PiercingWail"],"picked":"SKIP","floor":21}],"player_experience":460905,"relics_obtained":[{"floor":8,"key":"Juzu Bracelet"},{"floor":9,"key":"Pen Nib"},{"floor":10,"key":"Question Card"}],"event_choices":[{"damage_healed":0,"gold_gain":55,"player_choice":"Gained Gold","damage_taken":0,"max_hp_gain":0,"max_hp_loss":0,"event_name":"Golden Wing","floor":2,"gold_loss":0},{"damage_healed":0,"gold_gain":0,"player_choice":"Take Wound","damage_taken":0,"relics_obtained":["Golden Idol"],"max_hp_gain":0,"max_hp_loss":0,"event_name":"Golden Idol","floor":3,"gold_loss":0,"cards_obtained":["Injury"]},{"damage_healed":0,"gold_gain":0,"cards_transformed":["Strike_G"],"player_choice":"Transformed","damage_taken":0,"max_hp_gain":0,"max_hp_loss":0,"event_name":"Transmorgrifier","floor":13,"gold_loss":0,"cards_obtained":["Tools of the Trade"]},{"damage_healed":0,"gold_gain":0,"player_choice":"Left Gold","damage_taken":0,"max_hp_gain":0,"max_hp_loss":0,"event_name":"World of Goop","floor":14,"gold_loss":50}],"is_beta":false,"boss_relics":[{"not_picked":["Coffee Dripper","Lizard Tail"],"picked":"Velvet Choker"}],"items_purged_floors":[4],"is_endless":false,"potions_floor_spawned":[7,8,11,16,18],"killed_by":"Snake Plant","ascension_level":7}