{"gold_per_floor":[219,238,238,256,0,13,13,28,28,28,78,96,96,160,160,255,255,265,315,20,35,104,104],"floor_reached":23,"playtime":2184,"items_purged":["Strike_R","Strike_R"],"score":185,"play_id":"80fdf04a-98a0-48fc-956e-23fbc3bdf956","local_time":"20180708130544","is_ascension_mode":false,"campfire_choices":[{"data":"Perfected Strike","floor":7.0,"key":"SMITH"},{"data":"Bash","floor":10.0,"key":"SMITH"},{"data":"Sadistic Nature","floor":13.0,"key":"SMITH"},{"data":"Dual Wield","floor":15.0,"key":"SMITH"}],"neow_cost":"NONE","seed_source_timestamp":0,"circlet_count":0,"master_deck":["Strike_R","Strike_R","Strike_R","Defend_R","Defend_R","Defend_R","Defend_R","Bash+1","Iron Wave","Flex","Sadistic Nature+1","Perfected Strike+1","Clash+1","Dual Wield+1","Barricade+1","Rampage"],"special_seed":0,"relics":["Burning Blood","SsserpentHead","Calipers","Velvet Choker","TheAbacus"],"potions_floor_usage":[21,22,23],"damage_taken":[{"damage":1.0,"enemies":"Jaw Worm","floor":1.0,"turns":5.0},{"damage":1.0,"enemies":"Cultist","floor":2.0,"turns":3.0},{"damage":2.0,"enemies":"2 Louse","floor":4.0,"turns":3.0},{"damage":4.0,"enemies":"Blue Slaver","floor":6.0,"turns":4.0},{"damage":12.0,"enemies":"Lots of Slimes","floor":8.0,"turns":6.0},{"damage":8.0,"enemies":"Exordium Wildlife","floor":12.0,"turns":4.0},{"damage":3.0,"enemies":"Red Slaver","floor":14.0,"turns":3.0},{"damage":49.0,"enemies":"Hexaghost","floor":16.0,"turns":8.0},{"damage":34,"enemies":"3 Byrds","floor":18,"turns":7},{"damage":24,"enemies":"2 Thieves","floor":21,"turns":4},{"damage":15,"enemies":"Centurion and Healer","floor":22,"turns":5},{"damage":43,"enemies":"Book of Stabbing","floor":23,"turns":5}],"seed_played":"-1734553757624346790","potions_obtained":[{"floor":4.0,"key":"FearPotion"},{"floor":6.0,"key":"Regen Potion"},{"floor":12.0,"key":"Block Potion"},{"floor":22,"key":"LiquidBronze"}],"is_trial":false,"path_per_floor":["M","M","?","M","$","M","R","M","T","R","?","M","R","M","R","B",null,"M","?","$","M","M"],"character_chosen":"IRONCLAD","items_purchased":["Sadistic Nature","TheAbacus"],"campfire_rested":0,"item_purchase_floors":[5,20],"current_hp_per_floor":[80,80,80,80,80,80,80,74,74,74,74,72,72,75,75,32,80,52,52,52,34,39,0],"gold":104,"neow_bonus":"HUNDRED_GOLD","is_prod":false,"is_daily":false,"chose_seed":false,"campfire_upgraded":4,"win_rate":0,"timestamp":1531051544,"path_taken":["M","M","?","M","$","M","R","M","T","R","?","M","R","?","R","BOSS","M","?","$","M","?","E"],"build_version":"2018-07-05","purchased_purges":2,"victory":false,"max_hp_per_floor":[80,80,80,80,80,80,80,80,80,80,80,80,80,80,80,80,80,80,80,80,80,80,80],"card_choices":[{"not_picked":["Sword Boomerang","Shockwave"],"picked":"Iron Wave","floor":1.0},{"not_picked":["Blood for Blood","Anger"],"picked":"Flex","floor":2.0},{"not_picked":["Rage","Heavy Blade","Havoc"],"picked":"SKIP","floor":4.0},{"not_picked":["Battle Trance","Hemokinesis"],"picked":"Perfected Strike","floor":6.0},{"not_picked":["Immolate","Sword Boomerang"],"picked":"Clash","floor":8.0},{"not_picked":["Iron Wave","Wild Strike","Anger"],"picked":"SKIP","floor":12.0},{"not_picked":["Intimidate","Hemokinesis"],"picked":"Dual Wield","floor":14.0},{"not_picked":["Brutality","Feed"],"picked":"Barricade","floor":16.0},{"not_picked":["Twin Strike","Cleave"],"picked":"Rampage","floor":18},{"not_picked":["Evolve+1","Headbutt+1","Clash"],"picked":"SKIP","floor":21},{"not_picked":["Clothesline","Thunderclap+1","Flex+1"],"picked":"SKIP","floor":22},{"not_picked":["Clothesline","Thunderclap+1","Flex+1"],"picked":"SKIP","floor":22}],"player_experience":271863,"relics_obtained":[{"floor":9.0,"key":"Calipers"}],"event_choices":[{"event_name":"FaceTrader","player_choice":"Trade","floor":3.0,"damage_taken":0.0},{"event_name":"Upgrade Shrine","player_choice":"Upgraded","floor":11.0,"damage_taken":0.0},{"event_name":"Accursed Blacksmith","player_choice":"Forge","floor":19,"damage_taken":0}],"boss_relics":[{"not_picked":["Coffee Dripper","Black Star"],"picked":"Velvet Choker"}],"items_purged_floors":[5,20],"is_endless":false,"potions_floor_spawned":[4,6,12,14,22],"killed_by":"Book of Stabbing","ascension_level":0}