{"gold_per_floor":[128,140,152,176,202,247,271,293,332,344,428,458,470,482,494,578,590,590,342,342,342,89,89,89,89,89,89],"floor_reached":27,"playtime":883,"items_purged":["Strike_R","Strike_R"],"score":362,"play_id":"2ef53d84-0910-4b31-9dd1-7c7883167614","local_time":"20190504202444","is_ascension_mode":true,"campfire_choices":[{"floor":13,"key":"REST"},{"floor":15,"key":"REST"},{"floor":23,"key":"REST"}],"neow_cost":"NONE","seed_source_timestamp":30873540426700,"circlet_count":0,"master_deck":["AscendersBane","Strike_R","Strike_R","Strike_R","Defend_R","Defend_R","Defend_R","Defend_R","Bash","Cleave","Anger","Flex","Clash","Anger","Anger"],"relics":["Burning Blood","MawBank","Unceasing Top","Omamori","GremlinMask","Ectoplasm","Pen Nib","Boot","Orichalcum","Art of War"],"potions_floor_usage":[3,12,16,16],"damage_taken":[{"damage":5,"enemies":"2 Louse","floor":1,"turns":3},{"damage":1,"enemies":"Cultist","floor":4,"turns":3},{"damage":7,"enemies":"Small Slimes","floor":5,"turns":3},{"damage":60,"enemies":"Lagavulin","floor":6,"turns":6},{"damage":16,"enemies":"Blue Slaver","floor":7,"turns":4},{"damage":6,"enemies":"2 Fungi Beasts","floor":8,"turns":4},{"damage":8,"enemies":"Red Slaver","floor":12,"turns":4},{"damage":60,"enemies":"The Guardian","floor":16,"turns":13},{"damage":48,"enemies":"Shell Parasite","floor":18,"turns":7},{"damage":7,"enemies":"Chosen","floor":24,"turns":3},{"damage":40,"enemies":"Centurion and Healer","floor":25,"turns":5},{"damage":19,"enemies":"Snake Plant","floor":27,"turns":1}],"seed_played":"3074277413824218663","potions_obtained":[{"floor":3,"key":"Fruit Juice"},{"floor":3,"key":"Swift Potion"},{"floor":3,"key":"FearPotion"},{"floor":5,"key":"EssenceOfSteel"},{"floor":8,"key":"Regen Potion"},{"floor":12,"key":"Explosive Potion"},{"floor":18,"key":"SpeedPotion"}],"is_trial":false,"path_per_floor":["M","$","?","M","M","E","M","M","T","?","?","M","R","?","R","B",null,"M","$","?","?","$","R","M","M","T","M"],"character_chosen":"IRONCLAD","items_purchased":["Pen Nib","Anger","Orichalcum"],"campfire_rested":3,"item_purchase_floors":[19,19,22],"current_hp_per_floor":[69,69,74,79,78,24,14,14,14,14,14,24,48,48,72,18,65,23,23,23,23,23,47,46,12,12,0],"gold":89,"neow_bonus":"RANDOM_COMMON_RELIC","is_prod":false,"is_daily":false,"chose_seed":false,"campfire_upgraded":0,"win_rate":0,"timestamp":1557026684,"path_taken":["M","$","?","M","?","E","M","M","T","?","?","M","R","?","R","BOSS","M","$","?","?","$","R","M","M","T","M"],"build_version":"2019-01-23","purchased_purges":2,"victory":false,"max_hp_per_floor":[75,75,80,80,80,80,80,80,80,80,80,80,80,80,80,80,80,80,80,80,80,80,80,80,80,80,80],"card_choices":[{"not_picked":["Heavy Blade","Armaments"],"picked":"Cleave","floor":1},{"not_picked":["Iron Wave","Ghostly Armor","Rage"],"picked":"SKIP","floor":4},{"not_picked":["Second Wind","Wild Strike","Pommel Strike"],"picked":"SKIP","floor":5},{"not_picked":["Juggernaut","Sword Boomerang"],"picked":"Anger","floor":6},{"not_picked":["Battle Trance","Fire Breathing"],"picked":"Flex","floor":7},{"not_picked":["Dual Wield","Sentinel"],"picked":"Clash","floor":8},{"not_picked":["Sword Boomerang","Sever Soul"],"picked":"Anger","floor":12},{"not_picked":["Searing Blow","Heavy Blade","Iron Wave+1"],"picked":"SKIP","floor":18},{"not_picked":["Reckless Charge","Perfected Strike","Combust"],"picked":"SKIP","floor":24},{"not_picked":["Sword Boomerang+1","Warcry","Twin Strike"],"picked":"SKIP","floor":25}],"player_experience":370780,"relics_obtained":[{"floor":6,"key":"Unceasing Top"},{"floor":9,"key":"Omamori"},{"floor":26,"key":"Art of War"}],"event_choices":[{"damage_healed":0,"gold_gain":0,"player_choice":"Got Potions","damage_taken":0,"max_hp_gain":0,"max_hp_loss":0,"event_name":"Lab","floor":3,"gold_loss":0},{"damage_healed":0,"gold_gain":0,"player_choice":"Searched \u00270\u0027 times","damage_taken":0,"max_hp_gain":0,"max_hp_loss":0,"event_name":"Dead Adventurer","floor":10,"gold_loss":0},{"damage_healed":0,"gold_gain":72,"player_choice":"Gained Gold","damage_taken":0,"max_hp_gain":0,"max_hp_loss":0,"event_name":"Golden Wing","floor":11,"gold_loss":0},{"damage_healed":0,"gold_gain":0,"player_choice":"Trade","damage_taken":0,"relics_obtained":["GremlinMask"],"max_hp_gain":0,"max_hp_loss":0,"event_name":"FaceTrader","floor":14,"gold_loss":0},{"damage_healed":0,"gold_gain":0,"player_choice":"Ignored","damage_taken":0,"max_hp_gain":0,"max_hp_loss":0,"event_name":"Vampires","floor":20,"gold_loss":0},{"damage_healed":0,"gold_gain":0,"player_choice":"Stole Relic","damage_taken":0,"relics_obtained":["Boot"],"max_hp_gain":0,"max_hp_loss":0,"event_name":"Addict","floor":21,"gold_loss":0,"cards_obtained":["Shame"]}],"is_beta":false,"boss_relics":[{"not_picked":["Velvet Choker","Astrolabe"],"picked":"Ectoplasm"}],"items_purged_floors":[19,22],"is_endless":false,"potions_floor_spawned":[5,8,12,18],"killed_by":"Snake Plant","ascension_level":14}