{"path_per_floor":["M","?","M","M","?","R","E","R","T","R","M","M","$","M","R","B",null,"M","?","$","?","?","R","E","R","T","M","$","M","R","?","R"],"character_chosen":"IRONCLAD","items_purchased":["Panache","Red Skull","Perfected Strike","Reaper"],"gold_per_floor":[412,377,396,409,409,409,437,437,486,486,504,521,46,63,63,160,160,145,145,70,70,70,70,105,105,105,119,5,18,18,18,18,18],"floor_reached":33,"campfire_rested":4,"playtime":1568,"item_purchase_floors":[13,13,28,28],"current_hp_per_floor":[26,46,52,52,57,82,65,65,65,65,64,61,61,51,76,35,85,70,70,70,70,70,70,32,58,58,47,47,49,49,49,75,0],"items_purged":["Strike_R"],"gold":18,"score":276,"play_id":"bebe6a9a-9edc-4612-9866-5ece96623253","local_time":"20180609115413","is_prod":false,"is_daily":false,"chose_seed":false,"is_ascension_mode":true,"campfire_upgraded":4,"win_rate":0,"timestamp":1528541653,"campfire_choices":[{"floor":6,"key":"REST"},{"data":"Heavy Blade","floor":8,"key":"SMITH"},{"data":"Inflame","floor":10,"key":"SMITH"},{"floor":15,"key":"REST"},{"data":"Panache","floor":23,"key":"SMITH"},{"floor":25,"key":"REST"},{"data":"Iron Wave","floor":30,"key":"SMITH"},{"floor":32,"key":"REST"}],"path_taken":["M","?","?","M","?","R","E","R","T","R","M","M","$","M","R","BOSS","M","?","$","?","?","R","E","R","T","M","$","M","R","?","R","BOSS"],"build_version":"2018-06-07v3","seed_source_timestamp":1023548956751341,"purchased_purges":1,"victory":false,"master_deck":["Strike_R","Strike_R","Strike_R","Strike_R","Defend_R","Defend_R","Defend_R","Defend_R+1","Bash","Cleave","Heavy Blade+1","Inflame+1","Pommel Strike","Dual Wield","Limit Break+1","Panache+1","Feed","Anger","Impervious","Perfected Strike","Reaper","Iron Wave+1","Shrug It Off"],"max_hp_per_floor":[80,80,80,80,85,85,85,85,85,85,85,85,85,85,85,85,85,85,85,85,85,85,85,88,88,88,88,88,88,88,88,88,88],"relics":["Black Blood","Old Coin","Juzu Bracelet","Bronze Scales","Red Skull","War Paint","Anchor","Dream Catcher"],"card_choices":[{"not_picked":["Body Slam","Thunderclap"],"picked":"Cleave","floor":1},{"not_picked":["Cleave","Rupture"],"picked":"Heavy Blade","floor":3},{"not_picked":["Flex","Shrug It Off"],"picked":"Inflame","floor":4},{"not_picked":["Iron Wave","Twin Strike"],"picked":"Pommel Strike","floor":7},{"not_picked":["Cleave","Body Slam"],"picked":"Dual Wield","floor":11},{"not_picked":["Feel No Pain","Cleave"],"picked":"Limit Break","floor":12},{"not_picked":["Pommel Strike","Warcry","Clothesline"],"picked":"SKIP","floor":14},{"not_picked":["Limit Break","Juggernaut"],"picked":"Feed","floor":16},{"not_picked":["Headbutt","Warcry+1"],"picked":"Anger","floor":18},{"not_picked":["Twin Strike","Bloodletting"],"picked":"Impervious","floor":24},{"not_picked":["Pommel Strike","Twin Strike","Havoc"],"picked":"SKIP","floor":27},{"not_picked":["Cleave","Power Through"],"picked":"Iron Wave","floor":29},{"not_picked":["Clash","Headbutt"],"picked":"Shrug It Off","floor":32}],"player_experience":267944,"potions_floor_usage":[16,16,33],"damage_taken":[{"damage":20,"enemies":"Jaw Worm","floor":1,"turns":4},{"damage":0,"enemies":"Small Slimes","floor":3,"turns":3},{"damage":6,"enemies":"Cultist","floor":4,"turns":3},{"damage":23,"enemies":"3 Sentries","floor":7,"turns":8},{"damage":7,"enemies":"3 Louse","floor":11,"turns":3},{"damage":9,"enemies":"Blue Slaver","floor":12,"turns":4},{"damage":16,"enemies":"Exordium Wildlife","floor":14,"turns":4},{"damage":47,"enemies":"The Guardian","floor":16,"turns":10},{"damage":25,"enemies":"2 Thieves","floor":18,"turns":4},{"damage":51,"enemies":"Slavers","floor":24,"turns":4},{"damage":21,"enemies":"Shell Parasite","floor":27,"turns":5},{"damage":14,"enemies":"Cultist and Chosen","floor":29,"turns":6},{"damage":108,"enemies":"Collector","floor":33,"turns":7}],"relics_obtained":[{"floor":7,"key":"Juzu Bracelet"},{"floor":9,"key":"Bronze Scales"},{"floor":24,"key":"Anchor"},{"floor":26,"key":"Dream Catcher"}],"event_choices":[{"event_name":"The Cleric","player_choice":"Healed","floor":2,"damage_taken":0},{"event_name":"Big Fish","player_choice":"Donut","floor":5,"damage_taken":0},{"event_name":"Ghosts","player_choice":"Ignored","floor":19,"damage_taken":0},{"event_name":"Beggar","player_choice":"Ignored","floor":21,"damage_taken":0},{"event_name":"The Mausoleum","player_choice":"Yes","floor":22,"damage_taken":0},{"event_name":"Drug Dealer","player_choice":"Ignored","floor":31,"damage_taken":0}],"boss_relics":[{"not_picked":["Tiny House","Philosopher\u0027s Stone"],"picked":"Black Blood"}],"items_purged_floors":[20],"potions_floor_spawned":[3,4,12,18,29],"seed_played":"6732040030700571341","killed_by":"Collector","ascension_level":1,"potions_obtained":[{"floor":3,"key":"GamblersBrew"},{"floor":4,"key":"Swift Potion"},{"floor":12,"key":"EssenceOfSteel"},{"floor":18,"key":"Weak Potion"},{"floor":29,"key":"SteroidPotion"}],"is_trial":false}