{"gold_per_floor":[109,109,119,119,179,207,207,238,261,272,91,91,241,251,251,348,348,363,18,168,242,255,255,284,297,322,372,422,472,472,153,153,153],"floor_reached":33,"playtime":1178,"items_purged":["Strike_G"],"score":385,"play_id":"955916ff-a3d4-4321-98f7-46db699cd60d","local_time":"20190313105154","is_ascension_mode":true,"campfire_choices":[{"floor":7,"key":"REST"},{"floor":12,"key":"REST"},{"floor":15,"key":"REST"},{"floor":23,"key":"REST"},{"floor":30,"key":"REST"},{"floor":32,"key":"REST"}],"neow_cost":"NONE","seed_source_timestamp":385514554123366,"circlet_count":0,"master_deck":["Defend_G","Defend_G","Defend_G","Defend_G+1","Defend_G","Strike_G","Strike_G","Strike_G","Survivor+1","Neutralize","Finisher","Dagger Spray","Prepared","Die Die Die","Poisoned Stab","Blade Dance","Infinite Blades","After Image","Poisoned Stab","Underhanded Strike","Deadly Poison"],"relics":["SsserpentHead","Snake Skull","Ancient Tea Set","War Paint","Juzu Bracelet","Busted Crown","Oddly Smooth Stone","ClockworkSouvenir","Bag of Preparation","Letter Opener","Lantern","Nloth\u0027s Gift","Unceasing Top","Shuriken"],"potions_floor_usage":[6,16,24,24],"damage_taken":[{"damage":1,"enemies":"Jaw Worm","floor":1,"turns":4},{"damage":0,"enemies":"Small Slimes","floor":3,"turns":3},{"damage":0,"enemies":"Cultist","floor":5,"turns":3},{"damage":24,"enemies":"3 Sentries","floor":6,"turns":11},{"damage":31,"enemies":"Lagavulin","floor":8,"turns":6},{"damage":0,"enemies":"3 Louse","floor":10,"turns":1},{"damage":0,"enemies":"Lots of Slimes","floor":14,"turns":2},{"damage":0,"enemies":"Slime Boss","floor":16,"turns":7},{"damage":15,"enemies":"2 Thieves","floor":18,"turns":5},{"damage":2,"enemies":"Chosen","floor":22,"turns":4},{"damage":32,"enemies":"Slavers","floor":24,"turns":6},{"damage":19,"enemies":"Snake Plant","floor":25,"turns":7},{"damage":62,"enemies":"Collector","floor":33,"turns":5}],"seed_played":"-5287463019987335537","potions_obtained":[{"floor":1,"key":"SkillPotion"},{"floor":8,"key":"PowerPotion"},{"floor":10,"key":"Weak Potion"},{"floor":18,"key":"Poison Potion"}],"is_trial":false,"path_per_floor":["M","?","M","?","M","E","R","E","T","M","$","R","?","M","R","B",null,"M","$","?","T","M","R","E","M","T","?","?","T","R","$","R","B"],"character_chosen":"THE_SILENT","items_purchased":["Infinite Blades","Juzu Bracelet","Oddly Smooth Stone","ClockworkSouvenir","Shuriken"],"campfire_rested":6,"item_purchase_floors":[11,11,19,19,31],"current_hp_per_floor":[69,69,69,69,69,45,66,35,35,35,35,56,56,56,70,70,70,55,55,55,55,53,70,38,19,19,19,6,6,28,28,50,0],"gold":153,"neow_bonus":"REMOVE_CARD","is_prod":false,"is_daily":false,"chose_seed":false,"campfire_upgraded":0,"win_rate":0,"timestamp":1552488714,"path_taken":["M","?","M","?","?","E","R","E","T","M","$","R","?","M","R","BOSS","M","$","?","?","M","R","E","M","T","?","?","?","R","$","R","BOSS"],"build_version":"2019-01-23","purchased_purges":1,"victory":false,"max_hp_per_floor":[70,70,70,70,70,70,70,70,70,70,70,70,70,70,70,70,70,70,70,70,70,70,70,70,70,70,70,75,75,75,75,75,75],"card_choices":[{"not_picked":["Dash","Dagger Throw"],"picked":"Finisher","floor":1},{"not_picked":["Concentrate","Well Laid Plans"],"picked":"Dagger Spray","floor":3},{"not_picked":["Acrobatics","Backflip"],"picked":"Prepared","floor":5},{"not_picked":["Blur","Riddle With Holes"],"picked":"Die Die Die","floor":6},{"not_picked":["Acrobatics","Reflex"],"picked":"Poisoned Stab","floor":8},{"not_picked":["Bane","Slice"],"picked":"Blade Dance","floor":10},{"not_picked":["Dagger Throw","Prepared","Outmaneuver"],"picked":"SKIP","floor":14},{"not_picked":["Tools of the Trade","Venomology"],"picked":"After Image","floor":16},{"not_picked":["Endless Agony+1"],"picked":"SKIP","floor":18},{"not_picked":[],"picked":"Poisoned Stab","floor":22},{"not_picked":[],"picked":"Underhanded Strike","floor":24},{"not_picked":[],"picked":"Deadly Poison","floor":25}],"player_experience":260100,"relics_obtained":[{"floor":6,"key":"Snake Skull"},{"floor":8,"key":"Ancient Tea Set"},{"floor":9,"key":"War Paint"},{"floor":21,"key":"Bag of Preparation"},{"floor":24,"key":"Letter Opener"},{"floor":26,"key":"Lantern"},{"floor":29,"key":"Unceasing Top"}],"event_choices":[{"damage_healed":0,"gold_gain":0,"player_choice":"Leave","damage_taken":0,"max_hp_gain":0,"max_hp_loss":0,"event_name":"The Cleric","floor":2,"gold_loss":0},{"damage_healed":0,"gold_gain":0,"player_choice":"Trade","damage_taken":0,"relics_obtained":["SsserpentHead"],"max_hp_gain":0,"max_hp_loss":0,"event_name":"FaceTrader","floor":4,"gold_loss":0},{"damage_healed":0,"gold_gain":100,"player_choice":"Pray","damage_taken":0,"max_hp_gain":0,"max_hp_loss":0,"event_name":"Golden Shrine","floor":13,"gold_loss":0},{"damage_healed":0,"gold_gain":100,"player_choice":"Pray","damage_taken":0,"max_hp_gain":0,"max_hp_loss":0,"event_name":"Golden Shrine","floor":20,"gold_loss":0},{"damage_healed":0,"gold_gain":0,"player_choice":"Traded Relic","damage_taken":0,"relics_obtained":["Nloth\u0027s Gift"],"max_hp_gain":0,"max_hp_loss":0,"event_name":"N\u0027loth","floor":27,"relics_lost":["Ring of the Snake"],"gold_loss":0},{"damage_healed":0,"gold_gain":0,"player_choice":"Shed Blood","damage_taken":18,"max_hp_gain":5,"max_hp_loss":0,"event_name":"Forgotten Altar","floor":28,"gold_loss":0}],"is_beta":false,"boss_relics":[{"not_picked":["Philosopher\u0027s Stone","Velvet Choker"],"picked":"Busted Crown"}],"items_purged_floors":[31],"is_endless":false,"potions_floor_spawned":[1,8,10,18],"killed_by":"Collector","ascension_level":4}