{"gold_per_floor":[119,129,22,22,41,70,70,98,177,177,212,222,222,255,255,353,353,365,365,365,381,381,381,32,42,42,42,76,0,0,19,19,19],"floor_reached":33,"playtime":3961,"items_purged":[],"score":360,"play_id":"aa207295-34fd-4497-b44a-37e01bb1e443","local_time":"20180805000526","is_ascension_mode":true,"campfire_choices":[{"floor":7,"key":"REST"},{"data":"Footwork","floor":10,"key":"SMITH"},{"floor":15,"key":"REST"},{"data":"Phantasmal Killer","floor":23,"key":"SMITH"},{"data":"Envenom","floor":27,"key":"SMITH"},{"floor":32,"key":"REST"}],"neow_cost":"NONE","seed_source_timestamp":99045323930599,"circlet_count":0,"master_deck":["Defend_G","Defend_G","Defend_G","Defend_G","Defend_G","Strike_G","Strike_G","Strike_G","Strike_G","Strike_G","Survivor","Neutralize+1","Dagger Spray","Footwork+1","Dash","Envenom+1","Poisoned Stab","Malaise","Outmaneuver","Dash","Adrenaline","Phantasmal Killer+1","Flying Knee","Writhe","Backstab","Panache","Backflip","Blur+1","PiercingWail"],"relics":["Ring of the Snake","Calipers","Orichalcum","Pear","Art of War","Du-Vu Doll","Eternal Feather","Question Card","FaceOfCleric","Vajra","Letter Opener","Juzu Bracelet"],"potions_floor_usage":[11,21,28,33,33,33],"damage_taken":[{"damage":17,"enemies":"Jaw Worm","floor":1,"turns":6},{"damage":0,"enemies":"Small Slimes","floor":2,"turns":3},{"damage":0,"enemies":"2 Louse","floor":5,"turns":3},{"damage":17,"enemies":"Lagavulin","floor":6,"turns":9},{"damage":8,"enemies":"3 Sentries","floor":8,"turns":10},{"damage":6,"enemies":"Lagavulin","floor":11,"turns":9},{"damage":10,"enemies":"Lots of Slimes","floor":12,"turns":4},{"damage":9,"enemies":"3 Sentries","floor":14,"turns":8},{"damage":15,"enemies":"Hexaghost","floor":16,"turns":11},{"damage":3,"enemies":"Shell Parasite","floor":18,"turns":9},{"damage":11,"enemies":"2 Thieves","floor":21,"turns":5},{"damage":10,"enemies":"Snake Plant","floor":25,"turns":5},{"damage":40,"enemies":"Book of Stabbing","floor":28,"turns":6},{"damage":7,"enemies":"Chosen and Byrds","floor":31,"turns":6},{"damage":94,"enemies":"Champ","floor":33,"turns":18}],"seed_played":"-5309177947954743805","potions_obtained":[{"floor":1,"key":"Ancient Potion"},{"floor":6,"key":"Ancient Potion"},{"floor":11,"key":"SteroidPotion"},{"floor":18,"key":"LiquidBronze"},{"floor":28,"key":"Poison Potion"},{"floor":31,"key":"EssenceOfSteel"}],"is_trial":false,"path_per_floor":["M","M","$","?","M","E","R","E","T","R","E","M","?","E","R","B",null,"M","?","?","M","?","R","$","M","T","R","E","?","?","M","R"],"character_chosen":"THE_SILENT","items_purchased":["Footwork","Dash","Panache","Vajra"],"campfire_rested":3,"item_purchase_floors":[3,3,24,24],"current_hp_per_floor":[60,60,60,60,60,43,66,58,68,68,62,52,52,43,69,54,87,84,84,84,73,73,87,87,78,78,88,49,49,49,43,85,0],"gold":19,"neow_bonus":"TEN_PERCENT_HP_BONUS","is_prod":false,"is_daily":false,"chose_seed":false,"campfire_upgraded":3,"win_rate":0,"timestamp":1533423926,"path_taken":["M","M","$","?","M","E","R","E","T","R","E","M","?","E","R","BOSS","M","?","?","M","?","R","$","M","T","R","E","?","?","M","R","BOSS"],"build_version":"2018-08-02","purchased_purges":0,"victory":false,"max_hp_per_floor":[77,77,77,77,77,77,77,77,87,87,87,87,87,87,87,87,87,87,87,87,87,87,87,87,88,88,88,89,89,89,90,90,90],"card_choices":[{"not_picked":["Crippling Poison","Outmaneuver"],"picked":"Dagger Spray","floor":1},{"not_picked":["Poisoned Stab","Accuracy","Blade Dance"],"picked":"SKIP","floor":2},{"not_picked":["Dodge and Roll","Catalyst"],"picked":"Envenom","floor":5},{"not_picked":["PiercingWail","Riddle With Holes"],"picked":"Poisoned Stab","floor":6},{"not_picked":["Finisher","Dagger Throw"],"picked":"Malaise","floor":8},{"not_picked":["Footwork","Escape Plan"],"picked":"Outmaneuver","floor":11},{"not_picked":["Finisher","Deflect"],"picked":"Dash","floor":12},{"not_picked":["Bane","Deflect"],"picked":"Adrenaline","floor":14},{"not_picked":["Malaise","Corpse Explosion"],"picked":"Phantasmal Killer","floor":16},{"not_picked":["Distraction","Deflect+1"],"picked":"Flying Knee","floor":18},{"not_picked":["Masterful Stab","Deflect","PiercingWail"],"picked":"Backstab","floor":21},{"not_picked":["Crippling Poison","Acrobatics","Slice+1"],"picked":"Backflip","floor":25},{"not_picked":["Bane+1","Crippling Poison","Concentrate"],"picked":"Blur+1","floor":28},{"not_picked":["Endless Agony","Bane","Dagger Spray"],"picked":"PiercingWail","floor":31}],"player_experience":542209,"relics_obtained":[{"floor":6,"key":"Calipers"},{"floor":8,"key":"Orichalcum"},{"floor":9,"key":"Pear"},{"floor":11,"key":"Art of War"},{"floor":14,"key":"Du-Vu Doll"},{"floor":26,"key":"Letter Opener"},{"floor":28,"key":"Juzu Bracelet"}],"event_choices":[{"event_name":"Shining Light","player_choice":"Ignored","floor":4,"damage_taken":0},{"event_name":"Upgrade Shrine","player_choice":"Upgraded","floor":13,"damage_taken":0},{"event_name":"The Mausoleum","player_choice":"Yes","floor":19,"damage_taken":0},{"event_name":"Ghosts","player_choice":"Ignored","floor":20,"damage_taken":0},{"event_name":"FaceTrader","player_choice":"Trade","floor":22,"damage_taken":0},{"event_name":"Masked Bandits","player_choice":"Paid Bandits 76 gold","floor":29,"damage_taken":0},{"event_name":"Beggar","player_choice":"Ignored","floor":30,"damage_taken":0}],"is_beta":false,"boss_relics":[{"not_picked":["Black Star","Calling Bell"],"picked":"Eternal Feather"}],"items_purged_floors":[],"is_endless":false,"potions_floor_spawned":[1,6,11,18,28,31],"killed_by":"Champ","ascension_level":3}