{"path_per_floor":["M","?","M","$","M","R","E","M","T","T","R","$","R","M","R","B",null,"M","M","$","?","M","R"],"character_chosen":"IRONCLAD","items_purchased":["Cleave","Metallicize","Double Tap"],"gold_per_floor":[109,109,127,3,18,18,56,76,160,207,207,139,139,162,162,285,285,310,331,172,206,222,222,222],"floor_reached":24,"campfire_rested":2,"playtime":2491,"current_hp_per_floor":[80,60,66,66,72,72,37,38,38,38,62,62,62,62,62,39,80,69,42,42,11,9,33,7],"items_purged":["Strike_R"],"gold":222,"score":196,"play_id":"65ac608a-7047-42e0-9898-fe7518df0566","local_time":"20180514191422","is_prod":false,"is_daily":false,"chose_seed":false,"is_ascension_mode":false,"campfire_upgraded":3,"timestamp":1526321662,"path_taken":["M","?","M","$","M","R","E","M","T","?","R","?","R","?","R","BOSS","M","M","$","?","M","R","?"],"build_version":"2018-05-10","seed_source_timestamp":83477868835478,"purchased_purges":1,"victory":false,"master_deck":["Strike_R","Strike_R","Strike_R","Strike_R","Defend_R","Defend_R","Defend_R","Defend_R+1","Bash+1","Clash","Cleave","Cleave","Metallicize+1","Rampage+1","Barricade","Shrug It Off+1","Double Tap","Inflame"],"max_hp_per_floor":[80,80,80,80,80,80,80,80,80,80,80,80,80,80,80,80,80,80,80,80,80,80,80,80],"relics":["Burning Blood","Golden Idol","Darkstone Periapt","Tiny Chest","Art of War","Lizard Tail","Red Mask"],"card_choices":[{"not_picked":["Warcry","Sword Boomerang"],"picked":"Clash","floor":3},{"not_picked":["Burning Pact","Anger"],"picked":"Cleave","floor":8},{"not_picked":["Power Through","Perfected Strike"],"picked":"Rampage","floor":14},{"not_picked":["Juggernaut","Immolate"],"picked":"Barricade","floor":16},{"not_picked":["Hemokinesis","Havoc"],"picked":"Shrug It Off","floor":18},{"not_picked":["Warcry","Anger"],"picked":"Inflame","floor":22}],"player_experience":139142,"potions_floor_usage":[14],"damage_taken":[{"damage":6,"enemies":"Jaw Worm","floor":1,"turns":4},{"damage":0,"enemies":"Small Slimes","floor":3,"turns":3},{"damage":0,"enemies":"Cultist","floor":5,"turns":3},{"damage":41,"enemies":"Lagavulin","floor":7,"turns":7},{"damage":5,"enemies":"Exordium Wildlife","floor":8,"turns":3},{"damage":6,"enemies":"Lots of Slimes","floor":14,"turns":2},{"damage":29,"enemies":"The Guardian","floor":16,"turns":16},{"damage":17,"enemies":"2 Thieves","floor":18,"turns":5},{"damage":33,"enemies":"3 Byrds","floor":19,"turns":9},{"damage":89,"enemies":"Masked Bandits","floor":21,"turns":6},{"damage":8,"enemies":"Centurion and Healer","floor":22,"turns":7},{"damage":26,"enemies":"Sentry and Sphere","floor":24,"turns":6}],"event_choices":[{"event_name":"Golden Idol","player_choice":"Take Damage","floor":2,"damage_taken":0},{"event_name":"Masked Bandits","player_choice":"Fought over 172 gold","floor":21,"damage_taken":0}],"boss_relics":[{"not_picked":["Eternal Feather","Ectoplasm"],"picked":"Lizard Tail"}],"potions_floor_spawned":[3,5,14,21,22],"seed_played":"-1425777387460518789","killed_by":"Sentry and Sphere","ascension_level":0,"is_trial":false}