{"gold_per_floor":[169,19,38,38,3,3,34,34,105,105,105,105,123,93,93,189,189,203,128,47,147,0,0,31,31,31,50,50,50,63,63,63,63],"floor_reached":33,"playtime":770,"items_purged":[],"score":420,"play_id":"3f8443b2-c18a-49cf-9629-6a87eda845d4","local_time":"20190629174641","is_ascension_mode":true,"campfire_choices":[{"data":"Bouncing Flask","floor":6,"key":"SMITH"},{"data":"Riddle With Holes","floor":10,"key":"SMITH"},{"floor":15,"key":"REST"},{"floor":23,"key":"REST"},{"floor":25,"key":"REST"},{"floor":29,"key":"REST"},{"floor":32,"key":"REST"}],"neow_cost":"NONE","seed_source_timestamp":260110846507521,"circlet_count":0,"master_deck":["Defend_G","Defend_G+1","Defend_G","Defend_G+1","Defend_G+1","Strike_G","Strike_G","Strike_G","Strike_G","Survivor","Neutralize","Bouncing Flask+1","Riddle With Holes+1","Heel Hook","Catalyst","Poisoned Stab","Burst","PiercingWail","Poisoned Stab","Poisoned Stab","Noxious Fumes","Bullet Time","Noxious Fumes","Dagger Spray+1","Backflip+1","PiercingWail","Backstab","Skewer+1"],"relics":["Tiny House","Juzu Bracelet","Strawberry","Kunai","Orrery","Prayer Wheel","Pear","Pantograph","Ornamental Fan"],"potions_floor_usage":[7,7,16,16,16,21,27,33],"damage_taken":[{"damage":0,"enemies":"2 Louse","floor":1,"turns":2},{"damage":7,"enemies":"Jaw Worm","floor":3,"turns":4},{"damage":0,"enemies":"Lagavulin","floor":7,"turns":7},{"damage":0,"enemies":"Cultist","floor":13,"turns":3},{"damage":28,"enemies":"Hexaghost","floor":16,"turns":8},{"damage":0,"enemies":"Spheric Guardian","floor":18,"turns":2},{"damage":20,"enemies":"Colosseum Slavers","floor":21,"turns":6},{"damage":54,"enemies":"Colosseum Nobs","floor":21,"turns":7},{"damage":38,"enemies":"Book of Stabbing","floor":24,"turns":5},{"damage":20,"enemies":"2 Thieves","floor":27,"turns":3},{"damage":31,"enemies":"Snake Plant","floor":30,"turns":5},{"damage":71,"enemies":"Champ","floor":33,"turns":9}],"seed_played":"-3413082078299225731","potions_obtained":[{"floor":0,"key":"AttackPotion"},{"floor":3,"key":"Poison Potion"},{"floor":13,"key":"AttackPotion"},{"floor":14,"key":"EssenceOfSteel"},{"floor":14,"key":"EssenceOfSteel"},{"floor":18,"key":"Fire Potion"},{"floor":21,"key":"Fruit Juice"},{"floor":24,"key":"Energy Potion"}],"is_trial":false,"path_per_floor":["M","$","M","?","?","R","E","$","T","R","?","$","M","?","R","B",null,"M","?","$","?","?","R","E","R","T","M","?","R","M","$","R","B"],"character_chosen":"THE_SILENT","items_purchased":["Juzu Bracelet","Noxious Fumes"],"campfire_rested":5,"item_purchase_floors":[2,20],"current_hp_per_floor":[68,68,61,46,64,64,71,71,71,71,71,71,71,71,82,54,75,75,75,75,16,16,45,7,36,36,16,16,45,14,14,43,0],"gold":63,"neow_bonus":"BOSS_RELIC","is_prod":false,"is_daily":false,"chose_seed":false,"campfire_upgraded":2,"win_rate":0,"timestamp":1561844801,"path_taken":["M","$","M","?","?","R","E","?","T","R","?","$","M","?","R","BOSS","M","?","$","?","?","R","E","R","T","M","?","R","M","$","R","BOSS"],"build_version":"2019-01-23","purchased_purges":0,"victory":false,"max_hp_per_floor":[75,75,75,75,75,75,82,82,82,82,82,82,82,82,82,82,82,82,82,82,97,97,97,97,97,97,97,97,97,97,97,97,97],"card_choices":[{"not_picked":["Slice","PiercingWail"],"picked":"Bouncing Flask","floor":0},{"not_picked":["Finisher","Predator"],"picked":"Riddle With Holes","floor":1},{"not_picked":["Riddle With Holes","Blade Dance"],"picked":"Heel Hook","floor":3},{"not_picked":["Slice","Endless Agony"],"picked":"Catalyst","floor":7},{"not_picked":["Expertise","Cloak And Dagger"],"picked":"Poisoned Stab","floor":13},{"not_picked":["Malaise","Doppelganger"],"picked":"Burst","floor":16},{"not_picked":["Dodge and Roll","Prepared"],"picked":"PiercingWail","floor":17},{"not_picked":["Dagger Throw","Flying Knee"],"picked":"Poisoned Stab","floor":17},{"not_picked":["Deflect","Outmaneuver"],"picked":"Poisoned Stab","floor":17},{"not_picked":["Prepared","Finisher"],"picked":"Noxious Fumes","floor":17},{"not_picked":["Deflect","Prepared"],"picked":"Bullet Time","floor":17},{"not_picked":["Flying Knee","Deflect","Calculated Gamble+1"],"picked":"SKIP","floor":18},{"not_picked":["Expertise","Cloak And Dagger"],"picked":"Dagger Spray+1","floor":24},{"not_picked":["Masterful Stab","Setup"],"picked":"Backflip+1","floor":27},{"not_picked":["Distraction","Calculated Gamble"],"picked":"PiercingWail","floor":27},{"not_picked":["Dodge and Roll+1","Skewer"],"picked":"Backstab","floor":30},{"not_picked":["Eviscerate","Outmaneuver"],"picked":"Skewer+1","floor":30}],"player_experience":506679,"relics_obtained":[{"floor":7,"key":"Strawberry"},{"floor":9,"key":"Kunai"},{"floor":21,"key":"Prayer Wheel"},{"floor":21,"key":"Pear"},{"floor":24,"key":"Pantograph"},{"floor":26,"key":"Ornamental Fan"}],"event_choices":[{"damage_healed":0,"gold_gain":0,"player_choice":"Entered Light","damage_taken":15,"max_hp_gain":0,"max_hp_loss":0,"event_name":"Shining Light","floor":4,"gold_loss":0,"cards_upgraded":["Defend_G","Defend_G"]},{"damage_healed":18,"gold_gain":0,"player_choice":"Healed","damage_taken":0,"max_hp_gain":0,"max_hp_loss":0,"event_name":"The Cleric","floor":5,"gold_loss":35},{"damage_healed":0,"gold_gain":0,"player_choice":"Ignored","damage_taken":0,"max_hp_gain":0,"max_hp_loss":0,"event_name":"Golden Wing","floor":11,"gold_loss":0},{"damage_healed":0,"gold_gain":0,"player_choice":"Bought 2 Potions","damage_taken":0,"max_hp_gain":0,"max_hp_loss":0,"event_name":"The Woman in Blue","floor":14,"gold_loss":0},{"cards_removed":["Strike_G"],"damage_healed":0,"gold_gain":0,"player_choice":"Gave Gold","damage_taken":0,"max_hp_gain":0,"max_hp_loss":0,"event_name":"Beggar","floor":19,"gold_loss":75},{"damage_healed":0,"gold_gain":0,"player_choice":"Fight","damage_taken":0,"max_hp_gain":0,"max_hp_loss":0,"event_name":"Colosseum","floor":21,"gold_loss":0},{"damage_healed":0,"gold_gain":0,"player_choice":"Fought Nobs","damage_taken":0,"max_hp_gain":0,"max_hp_loss":0,"event_name":"Colosseum","floor":21,"gold_loss":0},{"damage_healed":0,"gold_gain":0,"player_choice":"Paid Fearfully","damage_taken":0,"max_hp_gain":0,"max_hp_loss":0,"event_name":"Masked Bandits","floor":22,"gold_loss":147},{"damage_healed":0,"gold_gain":0,"player_choice":"Ignored","damage_taken":0,"max_hp_gain":0,"max_hp_loss":0,"event_name":"Ghosts","floor":28,"gold_loss":0}],"is_beta":false,"boss_relics":[{"not_picked":["Runic Pyramid","Snecko Eye"],"picked":"Orrery"}],"items_purged_floors":[],"is_endless":false,"potions_floor_spawned":[3,13,18,21,24],"killed_by":"Champ","ascension_level":8}