{"gold_per_floor":[118,118,118,134,53,88,88,115,115,137,174,206,218,262,274,286],"floor_reached":16,"playtime":841,"items_purged":[],"score":200,"play_id":"79da92e5-0261-498c-b012-d910bdbd8162","local_time":"20181024173936","is_ascension_mode":true,"campfire_choices":[{"data":"Enlightenment","floor":15,"key":"SMITH"}],"neow_cost":"NONE","seed_source_timestamp":429515083794513,"circlet_count":0,"master_deck":["Defend_G","Defend_G","Defend_G","Defend_G","Defend_G","Strike_G","Strike_G","Strike_G","Strike_G","Strike_G","Survivor","Neutralize+1","Blur","Quick Slash","Terror","Infinite Blades","Backflip","Enlightenment+1","Slice","Sucker Punch","PiercingWail"],"relics":["Ring of the Snake","NeowsBlessing","Singing Bowl","Meat on the Bone","MawBank","Omamori","Bag of Preparation"],"potions_floor_usage":[8,14],"damage_taken":[{"damage":0,"enemies":"Jaw Worm","floor":1,"turns":1},{"damage":0,"enemies":"Small Slimes","floor":4,"turns":1},{"damage":0,"enemies":"3 Sentries","floor":6,"turns":2},{"damage":7,"enemies":"Lagavulin","floor":8,"turns":6},{"damage":0,"enemies":"2 Louse","floor":10,"turns":3},{"damage":0,"enemies":"Blue Slaver","floor":12,"turns":4},{"damage":24,"enemies":"3 Sentries","floor":14,"turns":10},{"damage":49,"enemies":"Slime Boss","floor":16,"turns":8}],"seed_played":"3731626610127362289","potions_obtained":[{"floor":6,"key":"Poison Potion"},{"floor":8,"key":"Fire Potion"}],"is_trial":false,"path_per_floor":["M","?","?","M","$","E","?","E","T","M","T","M","?","E","R"],"character_chosen":"THE_SILENT","items_purchased":["Terror"],"campfire_rested":0,"item_purchase_floors":[5],"current_hp_per_floor":[63,63,63,63,63,63,63,56,56,56,56,56,70,48,48,0],"gold":286,"neow_bonus":"THREE_ENEMY_KILL","is_prod":false,"is_daily":false,"chose_seed":false,"campfire_upgraded":1,"win_rate":0,"timestamp":1540399176,"path_taken":["M","?","?","M","$","E","?","E","T","M","?","M","?","E","R","BOSS"],"build_version":"2018-10-18","purchased_purges":0,"victory":false,"max_hp_per_floor":[70,70,70,70,70,70,70,70,70,70,70,70,70,72,72,72],"card_choices":[{"not_picked":["PiercingWail","Blade Dance"],"picked":"Blur","floor":1},{"not_picked":["Eviscerate","Tactician"],"picked":"Quick Slash","floor":4},{"not_picked":["Quick Slash","Finisher"],"picked":"Infinite Blades","floor":6},{"not_picked":["Crippling Poison","Leg Sweep"],"picked":"Slice","floor":8},{"not_picked":["Dagger Throw","Expertise"],"picked":"Sucker Punch","floor":10},{"not_picked":["Tactician","Distraction"],"picked":"PiercingWail","floor":12},{"not_picked":["Catalyst","Phantasmal Killer","Sucker Punch"],"picked":"Singing Bowl","floor":14}],"player_experience":749643,"relics_obtained":[{"floor":6,"key":"Singing Bowl"},{"floor":8,"key":"Meat on the Bone"},{"floor":9,"key":"MawBank"},{"floor":11,"key":"Omamori"},{"floor":14,"key":"Bag of Preparation"}],"event_choices":[{"damage_healed":0,"gold_gain":0,"player_choice":"Ignored","damage_taken":0,"max_hp_gain":0,"max_hp_loss":0,"event_name":"Golden Idol","floor":2,"gold_loss":0},{"damage_healed":0,"gold_gain":0,"player_choice":"Grow","damage_taken":0,"max_hp_gain":0,"max_hp_loss":0,"event_name":"Living Wall","floor":3,"gold_loss":0,"cards_upgraded":["Neutralize"]},{"damage_healed":0,"gold_gain":0,"player_choice":"2 cards matched","damage_taken":0,"max_hp_gain":0,"max_hp_loss":0,"event_name":"Match and Keep!","floor":7,"gold_loss":0,"cards_obtained":["Backflip","Enlightenment"]},{"damage_healed":17,"gold_gain":0,"player_choice":"Healed and dodged fight","damage_taken":0,"max_hp_gain":0,"max_hp_loss":0,"event_name":"Mushrooms","floor":13,"gold_loss":0,"cards_obtained":["Parasite"]}],"is_beta":false,"boss_relics":[],"items_purged_floors":[],"is_endless":false,"potions_floor_spawned":[6,8],"killed_by":"Slime Boss","ascension_level":8}