{"gold_per_floor":[112,123,136,12,24,24,55,73,99,64,64,64,79,98,98,222,222,147,147,95,95,24,24,24,24,24,24,24,24,24,24,24,24,24,24,24,24,24,24,24,24,24,24,24,24,24,24,24,24,24],"floor_reached":51,"playtime":2351,"items_purged":[],"score":1088,"play_id":"e829c160-71ac-4b9c-b1a8-d17d094e4ae0","local_time":"20190607001642","is_ascension_mode":true,"campfire_choices":[{"floor":6,"key":"REST"},{"floor":15,"key":"REST"},{"data":"Infinite Blades","floor":23,"key":"SMITH"},{"floor":28,"key":"REST"},{"data":"Blade Dance","floor":30,"key":"SMITH"},{"floor":32,"key":"REST"},{"floor":40,"key":"REST"},{"floor":42,"key":"REST"},{"floor":44,"key":"REST"},{"floor":47,"key":"REST"},{"floor":49,"key":"RECALL"}],"neow_cost":"NONE","seed_source_timestamp":172948442451513,"circlet_count":0,"master_deck":["Defend_G","Defend_G","Defend_G","Defend_G","Defend_G","Strike_G","Strike_G","Survivor","Neutralize","Accuracy+1","Venomology+1","Prepared+1","Blade Dance+1","Footwork","Cloak And Dagger+1","Accuracy","Dash","Noxious Fumes","Injury","Accuracy","Cloak And Dagger","After Image","Blade Dance+1","Infinite Blades+1","Blade Dance+1","Dagger Throw","Finisher","After Image","After Image","Accuracy+1","Infinite Blades+1","Writhe","Blade Dance","Blade Dance","Phantasmal Killer"],"relics":["Astrolabe","Ornamental Fan","Dream Catcher","Golden Idol","CultistMask","Ectoplasm","MutagenicStrength","Lantern","Blue Candle","Potion Belt","Fusion Hammer","Dead Branch","Orichalcum","Frozen Egg 2","Pen Nib","War Paint"],"potions_floor_usage":[3,5,8,14,16,16,18,24,25,25,25,33,35,35,35,35,36,38,38,38,38,41,41,46,46,50,50],"damage_taken":[{"damage":10,"enemies":"Jaw Worm","floor":1,"turns":11},{"damage":0,"enemies":"2 Louse","floor":2,"turns":3},{"damage":0,"enemies":"Cultist","floor":3,"turns":4},{"damage":7,"enemies":"3 Louse","floor":5,"turns":3},{"damage":32,"enemies":"3 Sentries","floor":7,"turns":13},{"damage":14,"enemies":"Large Slime","floor":8,"turns":7},{"damage":10,"enemies":"Looter","floor":13,"turns":4},{"damage":16,"enemies":"Red Slaver","floor":14,"turns":5},{"damage":0,"enemies":"Slime Boss","floor":16,"turns":9},{"damage":13,"enemies":"2 Thieves","floor":18,"turns":5},{"damage":25,"enemies":"Gremlin Leader","floor":24,"turns":6},{"damage":0,"enemies":"3 Byrds","floor":25,"turns":3},{"damage":7,"enemies":"Book of Stabbing","floor":29,"turns":6},{"damage":22,"enemies":"Snake Plant","floor":31,"turns":5},{"damage":45,"enemies":"Collector","floor":33,"turns":8},{"damage":15,"enemies":"3 Darklings","floor":35,"turns":6},{"damage":1,"enemies":"3 Shapes","floor":36,"turns":4},{"damage":0,"enemies":"Jaw Worm Horde","floor":38,"turns":2},{"damage":2,"enemies":"Giant Head","floor":41,"turns":6},{"damage":9,"enemies":"Reptomancer","floor":46,"turns":4},{"damage":32,"enemies":"Awakened One","floor":50,"turns":8}],"seed_played":"3105678200055806239","potions_obtained":[{"floor":2,"key":"AttackPotion"},{"floor":3,"key":"LiquidBronze"},{"floor":16,"key":"SpeedPotion"},{"floor":24,"key":"PowerPotion"},{"floor":31,"key":"GhostInAJar"},{"floor":33,"key":"EntropicBrew"},{"floor":41,"key":"PowerPotion"}],"is_trial":false,"path_per_floor":["M","M","M","$","M","R","E","M","T","$","?","?","M","M","R","B",null,"M","?","$","?","$","R","E","M","T","?","R","E","R","M","R","B",null,"M","M","T","M","?","R","E","R","T","R","$","E","R","T","R","B",null],"character_chosen":"THE_SILENT","items_purchased":["Cloak And Dagger","Accuracy","Noxious Fumes","Blade Dance","Infinite Blades"],"campfire_rested":8,"item_purchase_floors":[4,4,10,20,22],"current_hp_per_floor":[53,53,53,53,46,67,35,36,36,36,36,36,26,10,31,31,60,47,47,47,70,70,70,45,45,45,45,66,59,59,37,58,13,56,41,40,40,40,58,70,68,70,70,70,70,61,70,70,70,38],"gold":24,"neow_bonus":"BOSS_RELIC","is_prod":false,"is_daily":false,"chose_seed":false,"campfire_upgraded":2,"win_rate":0,"timestamp":1559881002,"path_taken":["M","M","M","$","M","R","E","M","T","$","?","?","?","M","R","BOSS","M","?","$","?","$","R","E","M","T","?","R","E","R","M","R","BOSS","M","M","?","?","?","R","E","R","T","R","$","E","R","?","R","BOSS"],"build_version":"2019-01-23","purchased_purges":0,"victory":true,"max_hp_per_floor":[70,70,70,70,70,70,70,70,70,70,70,70,70,70,70,70,70,70,70,70,70,70,70,70,70,70,70,70,70,70,70,70,70,70,70,70,70,70,70,70,70,70,70,70,70,70,70,70,70,70],"card_choices":[{"not_picked":["Prepared","Outmaneuver"],"picked":"Blade Dance","floor":1},{"not_picked":["Dagger Throw","Slice"],"picked":"Footwork","floor":2},{"not_picked":["Tactician","Slice","Poisoned Stab"],"picked":"SKIP","floor":3},{"not_picked":["Choke","Deflect","Bane"],"picked":"SKIP","floor":5},{"not_picked":["Reflex","Bane","Tactician"],"picked":"SKIP","floor":7},{"not_picked":["Backflip","Prepared"],"picked":"Dash","floor":8},{"not_picked":["Dagger Spray","Crippling Poison"],"picked":"Accuracy","floor":13},{"not_picked":["Deadly Poison","Outmaneuver","PiercingWail"],"picked":"SKIP","floor":14},{"not_picked":["Venomology","Dodge and Roll"],"picked":"Cloak And Dagger","floor":15},{"not_picked":["Envenom","A Thousand Cuts"],"picked":"After Image","floor":16},{"not_picked":["Riddle With Holes","Acrobatics+1","Outmaneuver"],"picked":"SKIP","floor":18},{"not_picked":["Acrobatics","Catalyst","Flying Knee"],"picked":"SKIP","floor":24},{"not_picked":["Dodge and Roll","Catalyst","Reflex"],"picked":"SKIP","floor":25},{"not_picked":["Dodge and Roll","Riddle With Holes"],"picked":"Blade Dance","floor":28},{"not_picked":["Concentrate","Sucker Punch+1"],"picked":"Dagger Throw","floor":29},{"not_picked":["Endless Agony","Dagger Spray"],"picked":"Finisher","floor":31},{"not_picked":["Distraction+1","Crippling Poison"],"picked":"After Image","floor":32},{"not_picked":["Tools of the Trade","Storm of Steel"],"picked":"After Image","floor":33},{"not_picked":["Underhanded Strike+1","Eviscerate"],"picked":"Accuracy+1","floor":35},{"not_picked":["Prepared+1","Dagger Spray","Backflip"],"picked":"SKIP","floor":36},{"not_picked":["Cloak And Dagger","Deadly Poison"],"picked":"Infinite Blades+1","floor":38},{"not_picked":["Prepared","PiercingWail+1","Masterful Stab"],"picked":"SKIP","floor":41},{"not_picked":["Backflip","Flying Knee+1"],"picked":"Blade Dance","floor":44},{"not_picked":["Acrobatics+1","Dagger Spray+1"],"picked":"Blade Dance","floor":46},{"not_picked":["Concentrate+1","Dagger Spray+1"],"picked":"Phantasmal Killer","floor":47}],"player_experience":395815,"relics_obtained":[{"floor":7,"key":"Ornamental Fan"},{"floor":9,"key":"Dream Catcher"},{"floor":24,"key":"Lantern"},{"floor":26,"key":"Blue Candle"},{"floor":29,"key":"Potion Belt"},{"floor":37,"key":"Dead Branch"},{"floor":41,"key":"Orichalcum"},{"floor":43,"key":"Frozen Egg 2"},{"floor":46,"key":"Pen Nib"},{"floor":48,"key":"War Paint"}],"event_choices":[{"damage_healed":0,"gold_gain":0,"player_choice":"Take Wound","damage_taken":0,"relics_obtained":["Golden Idol"],"max_hp_gain":0,"max_hp_loss":0,"event_name":"Golden Idol","floor":11,"gold_loss":0,"cards_obtained":["Injury"]},{"damage_healed":0,"gold_gain":0,"player_choice":"Trade","damage_taken":0,"relics_obtained":["CultistMask"],"max_hp_gain":0,"max_hp_loss":0,"event_name":"FaceTrader","floor":12,"gold_loss":0},{"damage_healed":0,"gold_gain":0,"player_choice":"Inject Mutagens","damage_taken":0,"relics_obtained":["MutagenicStrength"],"max_hp_gain":0,"max_hp_loss":0,"event_name":"Drug Dealer","floor":19,"gold_loss":0},{"damage_healed":23,"gold_gain":0,"player_choice":"Heal","damage_taken":0,"max_hp_gain":0,"max_hp_loss":0,"event_name":"The Library","floor":21,"gold_loss":0},{"damage_healed":0,"gold_gain":0,"player_choice":"Upgraded","damage_taken":0,"max_hp_gain":0,"max_hp_loss":0,"event_name":"Upgrade Shrine","floor":27,"gold_loss":0,"cards_upgraded":["Blade Dance"]},{"damage_healed":18,"gold_gain":0,"player_choice":"Writhe","damage_taken":0,"max_hp_gain":0,"max_hp_loss":0,"event_name":"Winding Halls","floor":39,"gold_loss":0,"cards_obtained":["Writhe"]}],"is_beta":false,"boss_relics":[{"not_picked":["HoveringKite","Runic Pyramid"],"picked":"Ectoplasm"},{"not_picked":["Calling Bell","Runic Dome"],"picked":"Fusion Hammer"}],"items_purged_floors":[],"is_endless":false,"potions_floor_spawned":[2,3,5,16,24,31,33,35,38,41],"ascension_level":6}