{"gold_per_floor":[119,119,138,151,151,171,185,31,31,49,49,49,49,69,69,165,165,165,165,165,165,165,165,165,165,165,165,165,15,15,15,15,15,15,15,0,0,0,0,0,0,0,0,0,0,0,0,0,0,0],"floor_reached":50,"playtime":3998,"items_purged":["Strike_R","Injury"],"score":480,"play_id":"1eb49021-5774-44b7-9397-7ec11fab9b5a","local_time":"20180717192007","is_ascension_mode":false,"campfire_choices":[{"data":"Armaments","floor":12.0,"key":"SMITH"},{"data":"Body Slam","floor":15.0,"key":"SMITH"},{"floor":24,"key":"REST"},{"floor":27,"key":"REST"},{"floor":32,"key":"REST"},{"floor":40,"key":"REST"},{"floor":44,"key":"REST"},{"floor":46,"key":"REST"},{"floor":49,"key":"REST"}],"neow_cost":"NONE","seed_source_timestamp":0,"circlet_count":0,"master_deck":["Strike_R","Strike_R","Strike_R","Strike_R","Defend_R","Defend_R","Defend_R","Defend_R","Bash","Fire Breathing","Armaments+1","Body Slam+1","Anger","Ghostly Armor","Uppercut","Inflame+1","Juggernaut+1","Demon Form+1","Whirlwind+1","Rampage","Shrug It Off","Heavy Blade","Barricade+1","Iron Wave+1","Writhe","Good Instincts","Metallicize+1"],"special_seed":0,"relics":["Burning Blood","Happy Flower","Frozen Egg 2","Bird Faced Urn","Odd Mushroom","Ectoplasm","Potion Belt","Gambling Chip","Bag of Marbles","Runic Cube","Red Mask","Girya","Ornamental Fan","Boot"],"potions_floor_usage":[23,23,23,25,33,33,35,47],"damage_taken":[{"damage":1.0,"enemies":"Cultist","floor":1.0,"turns":3.0},{"damage":3.0,"enemies":"Small Slimes","floor":3.0,"turns":3.0},{"damage":1.0,"enemies":"2 Louse","floor":4.0,"turns":4.0},{"damage":16.0,"enemies":"Exordium Thugs","floor":6.0,"turns":5.0},{"damage":8.0,"enemies":"Exordium Wildlife","floor":7.0,"turns":3.0},{"damage":20.0,"enemies":"3 Louse","floor":10.0,"turns":4.0},{"damage":11.0,"floor":14.0,"turns":5.0},{"damage":41.0,"enemies":"The Guardian","floor":16.0,"turns":10.0},{"damage":27.0,"enemies":"Spheric Guardian","floor":18.0,"turns":5.0},{"damage":34.0,"enemies":"Chosen","floor":21.0,"turns":6.0},{"damage":23,"enemies":"Snecko","floor":22,"turns":6},{"damage":27,"enemies":"Gremlin Leader","floor":23,"turns":6},{"damage":7,"enemies":"Chosen and Byrds","floor":25,"turns":5},{"damage":33,"enemies":"Slaver and Parasite","floor":30,"turns":6},{"damage":39,"enemies":"Collector","floor":33,"turns":7},{"damage":42,"enemies":"Orb Walker","floor":35,"turns":5},{"damage":46,"floor":37,"turns":9},{"damage":44,"enemies":"Nemesis","floor":41,"turns":7},{"damage":37,"enemies":"3 Darklings","floor":42,"turns":5},{"damage":5,"enemies":"4 Shapes","floor":45,"turns":4},{"damage":12,"enemies":"Flame Bruiser 2 Orb","floor":47,"turns":5},{"damage":90,"enemies":"Time Eater","floor":50,"turns":10}],"seed_played":"6049740370695328728","potions_obtained":[{"floor":1.0,"key":"SteroidPotion"},{"floor":4.0,"key":"AttackPotion"},{"floor":6.0,"key":"SkillPotion"},{"floor":7.0,"key":"Strength Potion"},{"floor":21,"key":"Strength Potion"},{"floor":23,"key":"Poison Potion"},{"floor":25,"key":"Energy Potion"},{"floor":30,"key":"LiquidBronze"},{"floor":33,"key":"SpeedPotion"},{"floor":45,"key":"SkillPotion"}],"is_trial":false,"path_per_floor":["M","?","M","M","$","M","M","$","T","M","$","R","?","?","R","B",null,"M","?","T","M","M","E","R","M","T","R","?","$","M","?","R","B",null,"M","?","?","?","?","R","E","M","T","R","M","R","M","$","R"],"character_chosen":"IRONCLAD","items_purchased":["Uppercut","Shrug It Off"],"campfire_rested":7,"item_purchase_floors":[8,29],"current_hp_per_floor":[80,77,80,80,80,74,72,72,72,60,60,60,80,77,77,47,80,61,61,61,41,30,15,39,42,42,66,66,66,41,41,65,40,80,48,48,16,36,36,60,32,7,7,31,38,62,62,62,80,0],"gold":0,"neow_bonus":"RANDOM_COMMON_RELIC","is_prod":false,"is_daily":false,"chose_seed":false,"campfire_upgraded":2,"win_rate":0,"timestamp":1531851607,"path_taken":["M","?","M","M","$","M","M","$","T","M","$","R","?","?","R","BOSS","M","?","?","M","?","E","R","M","T","R","?","$","M","?","R","BOSS","M","?","?","?","?","R","E","M","T","R","?","R","M","$","R","BOSS"],"build_version":"2018-07-12","purchased_purges":2,"victory":false,"max_hp_per_floor":[80,80,80,80,80,80,80,80,80,80,80,80,80,80,80,80,80,80,80,80,80,80,80,80,80,80,80,80,80,80,80,80,80,80,80,80,80,80,80,80,80,80,80,80,80,80,80,80,80,80],"card_choices":[{"not_picked":["Uppercut","Corruption"],"picked":"Fire Breathing","floor":1.0},{"not_picked":["Flame Barrier","True Grit"],"picked":"Armaments","floor":3.0},{"not_picked":["Headbutt","Rage"],"picked":"Body Slam","floor":4.0},{"not_picked":["Body Slam","Entrench"],"picked":"Anger","floor":6.0},{"not_picked":["Wild Strike","Havoc"],"picked":"Ghostly Armor","floor":7.0},{"not_picked":["Second Wind","Havoc"],"picked":"Inflame+1","floor":10.0},{"not_picked":["True Grit","Iron Wave"],"picked":"Juggernaut+1","floor":14.0},{"not_picked":["Feed","Brutality+1"],"picked":"Demon Form+1","floor":16.0},{"not_picked":["Body Slam","Sever Soul+1"],"picked":"Whirlwind","floor":18.0},{"not_picked":["Headbutt","Thunderclap+1"],"picked":"Rampage","floor":21},{"not_picked":["Hemokinesis","Combust+1","Bloodletting"],"picked":"SKIP","floor":22},{"not_picked":["Exhume","Ghostly Armor","Pommel Strike"],"picked":"SKIP","floor":23},{"not_picked":["Twin Strike","Headbutt","Pommel Strike"],"picked":"SKIP","floor":25},{"not_picked":["Body Slam","Clothesline"],"picked":"Heavy Blade","floor":30},{"not_picked":["Juggernaut+1","Berserk+1"],"picked":"Barricade+1","floor":33},{"not_picked":["Perfected Strike","Warcry","Body Slam+1"],"picked":"SKIP","floor":35},{"not_picked":["Perfected Strike","Rupture+1"],"picked":"Iron Wave+1","floor":37},{"not_picked":["Swift Strike","Finesse"],"picked":"Good Instincts","floor":39},{"not_picked":["Anger","Warcry+1","True Grit"],"picked":"SKIP","floor":41},{"not_picked":["Twin Strike","Combust+1","Warcry+1"],"picked":"SKIP","floor":42},{"not_picked":["Warcry","Berserk+1"],"picked":"Metallicize+1","floor":45},{"not_picked":["Anger","Shrug It Off","Armaments"],"picked":"SKIP","floor":47}],"player_experience":373904,"relics_obtained":[{"floor":9.0,"key":"Bird Faced Urn"},{"floor":14.0,"key":"Odd Mushroom"},{"floor":20.0,"key":"Potion Belt"},{"floor":23,"key":"Gambling Chip"},{"floor":26,"key":"Bag of Marbles"},{"floor":37,"key":"Girya"},{"floor":41,"key":"Ornamental Fan"},{"floor":43,"key":"Boot"}],"event_choices":[{"event_name":"Scrap Ooze","player_choice":"success","floor":2.0,"damage_taken":3.0},{"event_name":"Big Fish","player_choice":"Banana","floor":13.0,"damage_taken":0.0},{"event_name":"Mushrooms","player_choice":"Fought Mushrooms","floor":14.0,"damage_taken":0.0},{"event_name":"Accursed Blacksmith","player_choice":"Forge","floor":19.0,"damage_taken":0.0},{"event_name":"Nest","player_choice":"Stole From Cult","floor":28,"damage_taken":0},{"event_name":"Addict","player_choice":"Ignored","floor":31,"damage_taken":0},{"event_name":"Tomb of Lord Red Mask","player_choice":"Paid","floor":36,"damage_taken":0},{"event_name":"Mysterious Sphere","player_choice":"Fight","floor":37,"damage_taken":0},{"event_name":"Winding Halls","player_choice":"Writhe","floor":38,"damage_taken":0},{"event_name":"SensoryStone","player_choice":"Memory 1","floor":39,"damage_taken":0}],"boss_relics":[{"not_picked":["Orrery","Eternal Feather"],"picked":"Ectoplasm"},{"not_picked":["Black Star","Coffee Dripper"],"picked":"Runic Cube"}],"items_purged_floors":[8,29],"is_endless":false,"potions_floor_spawned":[1,4,6,7,21,23,25,30,33,45],"killed_by":"Time Eater","ascension_level":0}