{"gold_per_floor":[109,15,15,15,15,43,67,86,112,140,154,79,94,110,110,212,212,224,224,224,224,242,242,262,262,262,279,34,48,48,66,66,166,166,186,186,186,92,102,129,145,168,193,193,193,203,203,105,105,105],"floor_reached":50,"playtime":3523,"items_purged":["Strike_R","Strike_R"],"score":505,"play_id":"ffc608fc-0398-4547-bee9-063ad1e976ee","local_time":"20180712171455","is_ascension_mode":false,"campfire_choices":[{"floor":15,"key":"REST"},{"data":"Armaments","floor":23,"key":"SMITH"},{"data":"Whirlwind","floor":25,"key":"SMITH"},{"floor":30,"key":"REST"},{"data":"Shrug It Off","floor":32,"key":"SMITH"},{"floor":45,"key":"REST"},{"floor":49,"key":"REST"}],"neow_cost":"NONE","seed_source_timestamp":154143925591300,"circlet_count":0,"master_deck":["Strike_R+1","Defend_R","Defend_R","Defend_R","Bash","Whirlwind+1","Blind","Pommel Strike","Cleave+1","Inflame","Shrug It Off+1","Armaments+1","Inflame","Dropkick","Rampage+1","Bludgeon","Entrench+1","Mind Blast","Body Slam+1","Fire Breathing+1","Panacea"],"relics":["Burning Blood","NeowsBlessing","Pen Nib","Happy Flower","Bronze Scales","Whetstone","Meat on the Bone","Velvet Choker","Bottled Lightning","Blood Vial","Fusion Hammer","Charon\u0027s Ashes","Bag of Marbles","Bag of Preparation","Juzu Bracelet"],"potions_floor_usage":[24,40,40,50,50],"damage_taken":[{"damage":0,"enemies":"Jaw Worm","floor":1,"turns":1},{"damage":0,"enemies":"Gremlin Nob","floor":6,"turns":1},{"damage":0,"enemies":"2 Louse","floor":8,"turns":1},{"damage":34,"enemies":"Lagavulin","floor":10,"turns":7},{"damage":1,"enemies":"Cultist","floor":11,"turns":3},{"damage":16,"enemies":"Large Slime","floor":13,"turns":5},{"damage":1,"enemies":"Exordium Wildlife","floor":14,"turns":4},{"damage":41,"enemies":"The Guardian","floor":16,"turns":11},{"damage":0,"enemies":"3 Byrds","floor":18,"turns":3},{"damage":2,"enemies":"Chosen","floor":22,"turns":4},{"damage":14,"enemies":"3 Cultists","floor":24,"turns":5},{"damage":2,"enemies":"Sentry and Sphere","floor":27,"turns":3},{"damage":21,"enemies":"Snake Plant","floor":29,"turns":3},{"damage":0,"enemies":"Cultist and Chosen","floor":31,"turns":4},{"damage":45,"enemies":"Automaton","floor":33,"turns":10},{"damage":18,"enemies":"3 Shapes","floor":35,"turns":7},{"damage":5,"enemies":"Orb Walker","floor":39,"turns":2},{"damage":47,"enemies":"2 Orb Walkers","floor":40,"turns":5},{"damage":19,"enemies":"4 Shapes","floor":41,"turns":6},{"damage":1,"enemies":"3 Darklings","floor":46,"turns":2},{"damage":103,"enemies":"Awakened One","floor":50,"turns":9}],"seed_played":"-5514682837467491286","potions_obtained":[{"floor":6,"key":"Swift Potion"},{"floor":11,"key":"Poison Potion"},{"floor":16,"key":"Dexterity Potion"},{"floor":18,"key":"LiquidBronze"},{"floor":24,"key":"BloodPotion"},{"floor":46,"key":"Regen Potion"}],"is_trial":false,"path_per_floor":["M","$","?","?","T","E","T","M","T","E","M","$","M","M","R","B",null,"M","?","?","?","M","R","M","R","T","M","$","M","R","M","R","B",null,"M","?","T","$","M","E","M","T","T","?","R","M","?","$","R"],"character_chosen":"IRONCLAD","items_purchased":["Blind","Blood Vial","Mind Blast","Panacea"],"campfire_rested":4,"item_purchase_floors":[2,28,38,48],"current_hp_per_floor":[80,80,80,80,80,80,80,80,80,52,57,57,47,52,76,53,80,80,80,80,80,80,80,72,72,72,76,76,63,80,80,80,53,80,68,68,68,68,71,52,53,53,53,53,77,80,80,80,80,0],"gold":105,"neow_bonus":"THREE_ENEMY_KILL","is_prod":false,"is_daily":false,"chose_seed":false,"campfire_upgraded":3,"win_rate":0,"timestamp":1531412095,"path_taken":["M","$","?","?","?","E","?","M","T","E","M","$","M","M","R","BOSS","M","?","?","?","M","R","M","R","T","?","$","M","R","M","R","BOSS","M","?","?","?","M","E","M","?","T","?","R","M","?","$","R","BOSS"],"build_version":"2018-07-05","purchased_purges":2,"victory":false,"max_hp_per_floor":[80,80,80,80,80,80,80,80,80,80,80,80,80,80,80,80,80,80,80,80,80,80,80,80,80,80,80,80,80,80,80,80,80,80,80,80,80,80,80,80,80,80,80,80,80,80,80,80,80,80],"card_choices":[{"not_picked":["Flex","Shrug It Off"],"picked":"Whirlwind","floor":1},{"not_picked":["Corruption","Rage"],"picked":"Pommel Strike","floor":6},{"not_picked":["Infernal Blade","Havoc"],"picked":"Cleave","floor":8},{"not_picked":["Battle Trance","Anger"],"picked":"Inflame","floor":10},{"not_picked":["Brutality","Dual Wield"],"picked":"Shrug It Off","floor":11},{"not_picked":["Flex","Ghostly Armor","Perfected Strike"],"picked":"SKIP","floor":13},{"not_picked":["Wild Strike","Pommel Strike"],"picked":"Armaments","floor":14},{"not_picked":["Flex+1","Power Through+1"],"picked":"Inflame","floor":18},{"not_picked":["Second Wind","Headbutt"],"picked":"Rampage+1","floor":22},{"not_picked":["Havoc","Pummel","Pommel Strike+1"],"picked":"SKIP","floor":24},{"not_picked":["Ghostly Armor","Sword Boomerang","Brutality"],"picked":"SKIP","floor":27},{"not_picked":["Shrug It Off+1","Perfected Strike","Wild Strike+1"],"picked":"SKIP","floor":29},{"not_picked":["True Grit","Reckless Charge+1","Whirlwind"],"picked":"SKIP","floor":31},{"not_picked":["Berserk","Juggernaut"],"picked":"Bludgeon","floor":33},{"not_picked":["Anger","Armaments"],"picked":"Entrench+1","floor":35},{"not_picked":["Infernal Blade+1","Inflame+1","Battle Trance"],"picked":"SKIP","floor":39},{"not_picked":["Combust+1","Reckless Charge+1"],"picked":"Body Slam+1","floor":40},{"not_picked":["Disarm+1","Warcry","Pummel+1"],"picked":"SKIP","floor":41},{"not_picked":["Havoc","Twin Strike+1"],"picked":"Fire Breathing+1","floor":46}],"player_experience":295468,"relics_obtained":[{"floor":5,"key":"Pen Nib"},{"floor":6,"key":"Happy Flower"},{"floor":7,"key":"Bronze Scales"},{"floor":9,"key":"Whetstone"},{"floor":10,"key":"Meat on the Bone"},{"floor":26,"key":"Bottled Lightning"},{"floor":37,"key":"Charon\u0027s Ashes"},{"floor":40,"key":"Bag of Marbles"},{"floor":42,"key":"Bag of Preparation"},{"floor":43,"key":"Juzu Bracelet"}],"event_choices":[{"event_name":"The Cleric","player_choice":"Leave","floor":3,"damage_taken":0},{"event_name":"Liars Game","player_choice":"disagreed","floor":4,"damage_taken":0},{"event_name":"Bonfire Elementals","player_choice":"BASIC","floor":19,"damage_taken":0},{"event_name":"Ghosts","player_choice":"Ignored","floor":20,"damage_taken":0},{"event_name":"The Library","player_choice":"Read","floor":21,"damage_taken":0},{"event_name":"Falling","player_choice":"Removed Skill","floor":36,"damage_taken":0},{"event_name":"Mysterious Sphere","player_choice":"Ignore","floor":44,"damage_taken":0},{"event_name":"Purifier","player_choice":"One Purge","floor":47,"damage_taken":0}],"boss_relics":[{"not_picked":["Runic Dome","Calling Bell"],"picked":"Velvet Choker"},{"not_picked":["Philosopher\u0027s Stone","Runic Pyramid"],"picked":"Fusion Hammer"}],"items_purged_floors":[12,28],"is_endless":false,"potions_floor_spawned":[6,11,16,18,24,31,35,46],"killed_by":"Awakened One","ascension_level":0}