{"path_per_floor":["M","?","M","$","M","E","?","R","T","M","M","?","R","M","R","B",null,"M","?","M","$","M","R","M","?","T"],"character_chosen":"IRONCLAD","items_purchased":["Searing Blow","Deep Breath","Transmutation","Thunderclap"],"gold_per_floor":[118,118,136,3,13,48,105,105,150,168,180,180,180,192,192,287,287,297,220,237,35,53,53,73,73,99,99],"floor_reached":27,"campfire_rested":4,"playtime":2512,"current_hp_per_floor":[75,75,70,70,64,47,25,49,49,31,22,22,46,44,68,58,80,60,60,32,32,11,35,17,17,17,0],"items_purged":[],"gold":99,"score":215,"play_id":"eb57f914-9391-4544-bbee-c868d86f6579","local_time":"20180507160446","is_prod":false,"is_daily":false,"chose_seed":false,"is_ascension_mode":false,"campfire_upgraded":0,"timestamp":1525705486,"path_taken":["M","?","M","$","M","E","?","R","T","M","?","?","R","M","R","BOSS","M","?","M","$","M","R","M","?","T","M"],"build_version":"2018-05-03","seed_source_timestamp":0,"purchased_purges":0,"victory":false,"master_deck":["Strike_R","Strike_R","Strike_R+1","Strike_R","Defend_R","Defend_R","Defend_R","Bash","Heavy Blade","Rampage+1","Searing Blow","Deep Breath+1","Barricade","Entrench","Cleave","Clash","Headbutt","Juggernaut","Offering+1","Spot Weakness+1","Disarm+1","Heavy Blade+1","J.A.X.","Iron Wave+1","Transmutation+1","Thunderclap","Body Slam","Armaments","Decay"],"max_hp_per_floor":[80,80,80,80,80,80,80,80,80,80,80,80,80,80,80,80,80,80,80,80,80,80,80,80,80,80,80],"relics":["Runic Dome","Whetstone","Bag of Marbles","Oddly Smooth Stone","Astrolabe","War Paint"],"card_choices":[{"not_picked":["Perfected Strike","Twin Strike"],"picked":"Heavy Blade","floor":1.0},{"not_picked":["Twin Strike","Searing Blow"],"picked":"Rampage","floor":3.0},{"not_picked":["Warcry","Shockwave"],"picked":"Thunderclap","floor":5.0},{"not_picked":["Combust","Iron Wave"],"picked":"Barricade","floor":6.0},{"not_picked":["Shrug It Off","Headbutt"],"picked":"Entrench","floor":7.0},{"not_picked":["Thunderclap","Heavy Blade"],"picked":"Cleave","floor":10.0},{"not_picked":["Searing Blow","Burning Pact"],"picked":"Clash","floor":11.0},{"not_picked":["Burning Pact","Clothesline"],"picked":"Headbutt","floor":14},{"not_picked":["Dark Embrace","Feed"],"picked":"Juggernaut","floor":16},{"not_picked":["Clothesline","Armaments"],"picked":"Heavy Blade","floor":18},{"not_picked":["Intimidate","Clothesline"],"picked":"Iron Wave","floor":20},{"not_picked":["Iron Wave","Uppercut"],"picked":"Body Slam","floor":22},{"not_picked":["Anger","Clash"],"picked":"Armaments","floor":24}],"player_experience":14674,"potions_floor_usage":[],"damage_taken":[{"damage":5.0,"enemies":"2 Louse","floor":1.0,"turns":3.0},{"damage":5.0,"enemies":"Small Slimes","floor":3.0,"turns":3.0},{"damage":6.0,"enemies":"Jaw Worm","floor":5.0,"turns":3.0},{"damage":17.0,"enemies":"3 Sentries","floor":6.0,"turns":6.0},{"damage":22.0,"enemies":"3 Sentries","floor":7.0,"turns":8.0},{"damage":18.0,"enemies":"Large Slime","floor":10.0,"turns":6.0},{"damage":9.0,"enemies":"Exordium Thugs","floor":11.0,"turns":4.0},{"damage":2,"enemies":"3 Louse","floor":14,"turns":3},{"damage":10,"enemies":"Slime Boss","floor":16,"turns":7},{"damage":20,"enemies":"Shell Parasite","floor":18,"turns":4},{"damage":28,"enemies":"3 Byrds","floor":20,"turns":5},{"damage":21,"enemies":"Snake Plant","floor":22,"turns":2},{"damage":18,"enemies":"Snecko","floor":24,"turns":3},{"damage":17,"enemies":"3 Cultists","floor":27,"turns":3}],"event_choices":[{"event_name":"The Cleric","player_choice":"Leave","floor":2.0,"damage_taken":0.0},{"event_name":"Dead Adventurer","player_choice":"Searched \u00271\u0027 times","floor":7.0,"damage_taken":0.0},{"event_name":"Liars Game","player_choice":"disagreed","floor":12.0,"damage_taken":0.0},{"event_name":"Drug Dealer","player_choice":"Got JAXXED","floor":19,"damage_taken":0},{"event_name":"Forgotten Altar","player_choice":"Smashed Altar","floor":25,"damage_taken":0}],"boss_relics":[{"not_picked":["Calling Bell","Tiny House"],"picked":"Astrolabe"}],"potions_floor_spawned":[3,5,7,10,20,22],"seed_played":"-4663856066443599316","killed_by":"3 Cultists","ascension_level":0,"is_trial":false}