{"gold_per_floor":[109,184,184,208,208,208,95,114,114,128,28,28,48,88,88,216,216,229,154,179,203,73,73,86,86,109,109,109,149,169,185,185,316,316,336,216,241,316,335,335,348,348,348,348],"floor_reached":44,"playtime":4980,"items_purged":["Strike_B","Strike_B","Defend_B","Defend_B"],"score":480,"play_id":"f87aaea2-99bb-4ec1-8dbc-90c0816b5a83","local_time":"20190207131027","is_ascension_mode":false,"campfire_choices":[{"data":"Cold Snap","floor":6.0,"key":"SMITH"},{"data":"All For One","floor":15.0,"key":"SMITH"},{"data":"Ball Lightning","floor":23.0,"key":"SMITH"},{"data":"Capacitor","floor":25.0,"key":"SMITH"},{"data":"Defragment","floor":28.0,"key":"SMITH"},{"floor":32.0,"key":"REST"},{"data":"Aggregate","floor":40,"key":"SMITH"},{"data":"Cold Snap","floor":42,"key":"SMITH"}],"neow_cost":"NONE","seed_source_timestamp":0,"circlet_count":0,"master_deck":["Defend_B","Defend_B","Zap","Dualcast","Hologram","Cold Snap+1","Defragment+1","Redo","Go for the Eyes","Cold Snap+1","All For One+1","Seek","Go for the Eyes","Chill","Ball Lightning+1","Capacitor+1","BootSequence+1","Consume+1","Echo Form","Barrage+1","Chaos+1","Aggregate+1","Parasite"],"special_seed":0,"relics":["Cracked Core","Orichalcum","Golden Idol","Bottled Tornado","The Courier","Inserter","PreservedInsect","Boot","Runic Pyramid","Toxic Egg 2"],"potions_floor_usage":[37,44],"damage_taken":[{"damage":1.0,"enemies":"Jaw Worm","floor":1.0,"turns":3.0},{"damage":0.0,"enemies":"Small Slimes","floor":4.0,"turns":3.0},{"damage":0.0,"enemies":"2 Louse","floor":8.0,"turns":2.0},{"damage":5.0,"enemies":"Large Slime","floor":10.0,"turns":6.0},{"damage":12.0,"enemies":"Blue Slaver","floor":13.0,"turns":3.0},{"damage":4.0,"enemies":"Lagavulin","floor":14.0,"turns":8.0},{"damage":21.0,"enemies":"The Guardian","floor":16.0,"turns":14.0},{"damage":4.0,"enemies":"Shell Parasite","floor":18.0,"turns":6.0},{"damage":5.0,"enemies":"Spheric Guardian","floor":20.0,"turns":5.0},{"damage":10.0,"enemies":"Shelled Parasite and Fungi","floor":21.0,"turns":9.0},{"damage":9.0,"enemies":"Centurion and Healer","floor":24.0,"turns":8.0},{"damage":12.0,"enemies":"Gremlin Leader","floor":29.0,"turns":6.0},{"damage":4.0,"enemies":"Snake Plant","floor":30.0,"turns":4.0},{"damage":3.0,"enemies":"Snecko","floor":31.0,"turns":5.0},{"damage":0.0,"enemies":"Collector","floor":33.0,"turns":10.0},{"damage":10.0,"enemies":"3 Shapes","floor":35.0,"turns":4.0},{"damage":0,"enemies":"Orb Walker","floor":37,"turns":4},{"damage":8,"enemies":"Maw","floor":39,"turns":7},{"damage":0,"enemies":"Writhing Mass","floor":41,"turns":8},{"damage":45,"enemies":"Nemesis","floor":44,"turns":4}],"seed_played":"6553521808466293881","potions_obtained":[{"floor":4.0,"key":"SpeedPotion"},{"floor":8.0,"key":"Strength Potion"},{"floor":29.0,"key":"EssenceOfSteel"},{"floor":30.0,"key":"Swift Potion"},{"floor":31.0,"key":"EssenceOfSteel"},{"floor":37,"key":"SkillPotion"}],"is_trial":false,"path_per_floor":["M","?","?","M","?","R","$","M","T","M","$","?","M","E","R","B",null,"M","?","M","M","$","R","M","R","T","?","R","E","M","M","R","B",null,"M","$","M","?","M","R","M","R","T","E"],"character_chosen":"DEFECT","items_purchased":["Defragment","Capacitor"],"campfire_rested":1,"item_purchase_floors":[7,22],"current_hp_per_floor":[74,63,63,63,56,56,56,56,56,51,51,51,39,35,35,14,69,65,65,60,50,50,50,41,41,41,25,25,13,9,6,26,26,69,59,59,59,53,45,45,45,45,45,0],"gold":348,"neow_bonus":"RANDOM_COMMON_RELIC","is_prod":false,"is_daily":false,"chose_seed":false,"campfire_upgraded":7,"win_rate":0.0,"timestamp":1549573827,"path_taken":["M","?","?","M","?","R","$","M","T","M","?","?","M","E","R","BOSS","M","?","M","M","$","R","M","R","T","?","R","E","M","M","R","BOSS","M","$","M","?","?","R","M","R","T","E"],"build_version":"2019-01-23","purchased_purges":4,"victory":false,"max_hp_per_floor":[75,75,69,69,69,69,69,69,69,69,69,69,69,69,69,69,69,69,69,69,69,69,69,69,69,69,69,69,69,69,69,69,69,69,69,69,69,69,69,69,69,69,69,69],"card_choices":[{"not_picked":["Fusion","Stack"],"picked":"Hologram","floor":1.0},{"not_picked":["Stack","Consume"],"picked":"Cold Snap","floor":4.0},{"not_picked":["Steam","Gash"],"picked":"Redo","floor":8.0},{"not_picked":["Gash","Compile Driver"],"picked":"Go for the Eyes","floor":10.0},{"not_picked":["Steam Power","Hologram"],"picked":"Cold Snap","floor":13.0},{"not_picked":["Force Field","Hologram"],"picked":"All For One","floor":14.0},{"not_picked":["Rainbow","Fission"],"picked":"Seek","floor":16.0},{"not_picked":["Compile Driver","Doom and Gloom"],"picked":"Go for the Eyes","floor":18.0},{"not_picked":["Cold Snap","Leap"],"picked":"Chill","floor":20.0},{"not_picked":["Go for the Eyes","Streamline+1"],"picked":"Ball Lightning","floor":21.0},{"not_picked":["Redo","Amplify","Undo"],"picked":"SKIP","floor":24.0},{"not_picked":["Redo","Capacitor+1","Skim"],"picked":"SKIP","floor":29.0},{"not_picked":["Blizzard+1","Hologram+1"],"picked":"BootSequence+1","floor":30.0},{"not_picked":["Defragment","Streamline"],"picked":"Consume+1","floor":31.0},{"not_picked":["Reboot","Buffer"],"picked":"Echo Form","floor":33.0},{"not_picked":["Redo+1","Sweeping Beam+1"],"picked":"Barrage+1","floor":35.0},{"not_picked":["Gash+1","Reinforced Body"],"picked":"Chaos+1","floor":37},{"not_picked":["FTL+1","Fusion+1"],"picked":"Aggregate","floor":39},{"not_picked":["Go for the Eyes","Steam+1","Blizzard"],"picked":"SKIP","floor":41}],"player_experience":71604,"relics_obtained":[{"floor":9.0,"key":"Bottled Tornado"},{"floor":14.0,"key":"The Courier"},{"floor":26.0,"key":"PreservedInsect"},{"floor":29.0,"key":"Boot"},{"floor":43,"key":"Toxic Egg 2"}],"event_choices":[{"damage_healed":0.0,"max_hp_gain":0.0,"max_hp_loss":0.0,"gold_gain":75.0,"event_name":"World of Goop","player_choice":"Gather Gold","floor":2.0,"gold_loss":0.0,"damage_taken":11.0},{"damage_healed":0.0,"max_hp_gain":0.0,"max_hp_loss":6.0,"gold_gain":0.0,"event_name":"Golden Idol","player_choice":"Lose Max HP","floor":3.0,"gold_loss":0.0,"damage_taken":0.0,"relics_obtained":["Golden Idol"]},{"cards_removed":["Strike_B"],"damage_healed":0.0,"max_hp_gain":0.0,"max_hp_loss":0.0,"gold_gain":0.0,"event_name":"Golden Wing","player_choice":"Card Removal","floor":5.0,"gold_loss":0.0,"damage_taken":7.0},{"damage_healed":0.0,"max_hp_gain":0.0,"max_hp_loss":0.0,"gold_gain":0.0,"event_name":"The Cleric","player_choice":"Leave","floor":12.0,"gold_loss":0.0,"damage_taken":0.0},{"cards_removed":["Strike_B"],"damage_healed":0.0,"max_hp_gain":0.0,"max_hp_loss":0.0,"gold_gain":0.0,"event_name":"Beggar","player_choice":"Gave Gold","floor":19.0,"gold_loss":75.0,"damage_taken":0.0},{"damage_healed":0.0,"max_hp_gain":0.0,"max_hp_loss":0.0,"gold_gain":0.0,"event_name":"Cursed Tome","player_choice":"Obtained Book","floor":27.0,"gold_loss":0.0,"damage_taken":16.0},{"damage_healed":0,"gold_gain":75,"player_choice":"Touch","damage_taken":6,"max_hp_gain":0,"max_hp_loss":0,"event_name":"FaceTrader","floor":38,"gold_loss":0}],"is_beta":false,"boss_relics":[{"not_picked":["Calling Bell","FrozenCore"],"picked":"Inserter"},{"not_picked":["Fusion Hammer","Philosopher\u0027s Stone"],"picked":"Runic Pyramid"}],"items_purged_floors":[7,11,22,36],"is_endless":false,"potions_floor_spawned":[4,8,29,30,31,37],"killed_by":"Nemesis","ascension_level":0}