{"gold_per_floor":[115,115,65,65,80,80,5,22,22,22,42,62,62,7,7,7],"floor_reached":16,"playtime":481,"items_purged":["Strike_R"],"score":171,"play_id":"0086cdc3-180b-40ac-bed9-a753d0f2fdff","local_time":"20190518225005","is_ascension_mode":true,"campfire_choices":[{"data":"Madness","floor":6.0,"key":"SMITH"},{"data":"Bash","floor":10.0,"key":"SMITH"},{"data":"Heavy Blade","floor":13,"key":"SMITH"},{"floor":15,"key":"REST"}],"neow_cost":"NONE","seed_source_timestamp":0,"circlet_count":0,"master_deck":["AscendersBane","Strike_R","Strike_R","Strike_R","Strike_R","Defend_R","Defend_R","Defend_R","Defend_R","Bash+1","Madness+1","Twin Strike","Flex+1","Battle Trance","Heavy Blade+1","Flex"],"special_seed":0,"relics":["Burning Blood","Calipers"],"potions_floor_usage":[16],"damage_taken":[{"damage":12.0,"enemies":"Jaw Worm","floor":1.0,"turns":4.0},{"damage":1.0,"enemies":"Cultist","floor":5.0,"turns":3.0},{"damage":0.0,"enemies":"2 Louse","floor":8.0,"turns":2.0},{"damage":35,"enemies":"Exordium Thugs","floor":11,"turns":5},{"damage":11,"enemies":"Blue Slaver","floor":12,"turns":3},{"damage":79,"enemies":"Hexaghost","floor":16,"turns":10}],"seed_played":"-3443542719406906440","potions_obtained":[{"floor":1.0,"key":"SmokeBomb"},{"floor":11,"key":"EssenceOfSteel"},{"floor":12,"key":"Regen Potion"}],"is_trial":false,"path_per_floor":["M","?","$","?","M","R","$","M","T","R","M","M","R","$","R","B"],"character_chosen":"IRONCLAD","items_purchased":["Flex","Flex"],"campfire_rested":1,"item_purchase_floors":[3,14],"current_hp_per_floor":[62,62,62,62,67,67,67,73,73,73,44,39,39,39,61,0],"gold":7,"neow_bonus":"RANDOM_COLORLESS","is_prod":false,"is_daily":false,"chose_seed":false,"campfire_upgraded":3,"win_rate":0,"timestamp":1558245005,"path_taken":["M","?","$","?","?","R","$","M","T","R","?","M","R","$","R","BOSS"],"build_version":"2019-01-23","purchased_purges":1,"victory":false,"max_hp_per_floor":[75,75,75,75,75,75,75,75,75,75,75,75,75,75,75,75],"card_choices":[{"not_picked":["Perfected Strike","Rage"],"picked":"Twin Strike","floor":1.0},{"not_picked":["Heavy Blade","Body Slam"],"picked":"Battle Trance","floor":5.0},{"not_picked":["Havoc","Perfected Strike","Rupture"],"picked":"SKIP","floor":8.0},{"not_picked":["Cleave","Anger"],"picked":"Heavy Blade","floor":11},{"not_picked":["Sentinel","Clash","Cleave"],"picked":"SKIP","floor":12}],"player_experience":396871,"relics_obtained":[{"floor":9.0,"key":"Calipers"}],"event_choices":[{"damage_healed":0.0,"max_hp_gain":0.0,"max_hp_loss":0.0,"gold_gain":0.0,"event_name":"Shining Light","player_choice":"Ignored","floor":2.0,"gold_loss":0.0,"damage_taken":0.0},{"damage_healed":0.0,"max_hp_gain":0.0,"max_hp_loss":0.0,"gold_gain":0.0,"event_name":"Upgrade Shrine","player_choice":"Upgraded","floor":4.0,"gold_loss":0.0,"damage_taken":0.0,"cards_upgraded":["Flex"]}],"is_beta":false,"boss_relics":[],"items_purged_floors":[7],"is_endless":false,"potions_floor_spawned":[1,11,12],"killed_by":"Hexaghost","ascension_level":18}