{"gold_per_floor":[116,116,135,135,33,66,66,96,145,156,172,172,199,227,239,353,365,391,224,224,23,23,56,56,71,71,89,188,188,188,188,188,288,288,308,308,9,57,57,57,73,73,73,73,73,92,110,110,110,110],"floor_reached":51,"playtime":4448,"items_purged":["Shame","Strike_G","Writhe","Clumsy"],"score":818,"play_id":"f97de3b7-948a-4526-8bdb-fea747200d80","local_time":"20180930004629","is_ascension_mode":true,"campfire_choices":[{"floor":7,"key":"REST"},{"data":"Terror","floor":12,"key":"SMITH"},{"data":"Tools of the Trade","floor":15,"key":"SMITH"},{"floor":29,"key":"REST"},{"data":"Caltrops","floor":32,"key":"SMITH"},{"floor":40,"key":"REST"},{"data":"After Image","floor":42,"key":"SMITH"},{"data":"Malaise","floor":44,"key":"SMITH"},{"floor":49,"key":"REST"}],"neow_cost":"CURSE","seed_source_timestamp":1314967146957092,"circlet_count":0,"master_deck":["Defend_G","Defend_G","Defend_G","Defend_G","Defend_G","Strike_G","Strike_G","Strike_G","Strike_G","Survivor","Neutralize","Terror+1","Poisoned Stab","Poisoned Stab","Tools of the Trade+1","Cloak And Dagger","Leg Sweep","Infinite Blades","Footwork","Cloak And Dagger","Malaise+1","Caltrops+1","Noxious Fumes","Footwork","Calculated Gamble","Noxious Fumes","Quick Slash+1","After Image+1","Accuracy+1","Masterful Stab+1","Noxious Fumes","Caltrops+1","Finesse"],"relics":["Ring of the Snake","FossilizedHelix","Bronze Scales","Dead Branch","Happy Flower","MawBank","Cursed Key","Snake Skull","Juzu Bracelet","Gremlin Horn","GremlinMask","Busted Crown","Tingsha","Pen Nib","Du-Vu Doll"],"potions_floor_usage":[35,41,46,47],"damage_taken":[{"damage":0,"enemies":"Small Slimes","floor":1,"turns":5},{"damage":0,"enemies":"Jaw Worm","floor":3,"turns":5},{"damage":27,"enemies":"3 Sentries","floor":6,"turns":12},{"damage":5,"enemies":"Lagavulin","floor":8,"turns":6},{"damage":0,"enemies":"Cultist","floor":10,"turns":3},{"damage":0,"enemies":"Exordium Wildlife","floor":11,"turns":4},{"damage":0,"enemies":"Gremlin Nob","floor":13,"turns":4},{"damage":0,"enemies":"Blue Slaver","floor":14,"turns":3},{"damage":18,"enemies":"Hexaghost","floor":16,"turns":8},{"damage":0,"enemies":"Chosen","floor":18,"turns":5},{"damage":28,"enemies":"Slavers","floor":23,"turns":5},{"damage":0,"enemies":"3 Byrds","floor":25,"turns":2},{"damage":0,"enemies":"Centurion and Healer","floor":27,"turns":6},{"damage":25,"enemies":"Automaton","floor":33,"turns":10},{"damage":0,"enemies":"3 Darklings","floor":35,"turns":6},{"damage":0,"enemies":"Mind Bloom Boss Battle","floor":36,"turns":4},{"damage":11,"enemies":"Mysterious Sphere","floor":38,"turns":5},{"damage":6,"enemies":"3 Shapes","floor":41,"turns":6},{"damage":0,"enemies":"Maw","floor":46,"turns":6},{"damage":5,"enemies":"Transient","floor":47,"turns":5},{"damage":45,"enemies":"Time Eater","floor":50,"turns":12}],"seed_played":"-1978346613869309641","potions_obtained":[{"floor":11,"key":"SkillPotion"},{"floor":13,"key":"Weak Potion"},{"floor":16,"key":"GhostInAJar"},{"floor":18,"key":"Fire Potion"},{"floor":35,"key":"FearPotion"}],"is_trial":false,"path_per_floor":["M","?","M","?","$","E","R","E","T","M","M","R","E","M","R","B",null,"M","$","?","$","T","E","?","M","T","M","?","R","?","?","R","B",null,"M","?","$","?","$","R","M","R","T","R","?","M","M","?","R","B"],"character_chosen":"THE_SILENT","items_purchased":["Poisoned Stab","Noxious Fumes","Footwork","Pen Nib"],"campfire_rested":4,"item_purchase_floors":[5,19,21,37],"current_hp_per_floor":[70,75,75,75,75,48,70,65,65,65,65,65,65,65,65,47,68,68,68,68,68,68,40,40,40,40,40,40,62,62,62,62,37,66,66,66,66,55,55,75,69,69,69,69,69,69,64,64,75,30],"gold":110,"neow_bonus":"ONE_RARE_RELIC","is_prod":false,"is_daily":false,"chose_seed":false,"campfire_upgraded":5,"win_rate":0,"timestamp":1538264789,"path_taken":["M","?","M","?","$","E","R","E","T","M","M","R","E","M","R","BOSS","M","$","?","?","?","E","?","M","T","M","?","R","?","?","R","BOSS","M","?","$","?","$","R","M","R","T","R","?","M","M","?","R","BOSS"],"build_version":"2018-09-27","purchased_purges":4,"victory":true,"max_hp_per_floor":[70,75,75,75,75,75,75,75,75,75,75,75,75,75,75,75,75,75,75,75,75,75,75,75,75,75,75,75,75,75,75,75,75,75,75,75,75,75,75,75,75,75,75,75,75,75,75,75,75,75],"card_choices":[{"not_picked":["Quick Slash","Backflip"],"picked":"Terror","floor":1},{"not_picked":["Deadly Poison","Flechettes"],"picked":"Poisoned Stab","floor":3},{"not_picked":["Sucker Punch","PiercingWail"],"picked":"Tools of the Trade","floor":6},{"not_picked":["Eviscerate","Heel Hook"],"picked":"Cloak And Dagger","floor":8},{"not_picked":["Quick Slash","Dagger Throw"],"picked":"Leg Sweep","floor":10},{"not_picked":["Finisher","Outmaneuver"],"picked":"Infinite Blades","floor":11},{"not_picked":["Distraction","Backstab"],"picked":"Footwork","floor":13},{"not_picked":["Concentrate","Acrobatics"],"picked":"Cloak And Dagger","floor":14},{"not_picked":["Wraith Form v2","Venomology"],"picked":"Malaise","floor":16},{"not_picked":["Dodge and Roll","Blade Dance"],"picked":"Caltrops","floor":18},{"not_picked":["Acrobatics","Reflex+1"],"picked":"Calculated Gamble","floor":23},{"not_picked":["PiercingWail","Deadly Poison"],"picked":"Quick Slash+1","floor":25},{"not_picked":["Acrobatics+1","Cloak And Dagger","Infinite Blades+1"],"picked":"SKIP","floor":27},{"not_picked":["Grand Finale","Unload"],"picked":"After Image","floor":33},{"not_picked":[],"picked":"Accuracy+1","floor":35},{"not_picked":[],"picked":"Masterful Stab+1","floor":36},{"not_picked":[],"picked":"Noxious Fumes","floor":38},{"not_picked":[],"picked":"Caltrops+1","floor":41},{"not_picked":[],"picked":"Finesse","floor":45},{"not_picked":["Distraction"],"picked":"SKIP","floor":46},{"not_picked":["Flying Knee+1"],"picked":"SKIP","floor":47}],"player_experience":674565,"relics_obtained":[{"floor":6,"key":"Bronze Scales"},{"floor":8,"key":"Dead Branch"},{"floor":9,"key":"Happy Flower"},{"floor":13,"key":"MawBank"},{"floor":22,"key":"Juzu Bracelet"},{"floor":23,"key":"Gremlin Horn"},{"floor":36,"key":"Tingsha"},{"floor":38,"key":"Du-Vu Doll"}],"event_choices":[{"event_name":"Big Fish","player_choice":"Donut","floor":2,"damage_taken":0},{"event_name":"Shining Light","player_choice":"Ignored","floor":4,"damage_taken":0},{"event_name":"The Mausoleum","player_choice":"Yes","floor":20,"damage_taken":0},{"event_name":"Duplicator","player_choice":"One dupe","floor":24,"damage_taken":0},{"event_name":"Nest","player_choice":"Stole From Cult","floor":28,"damage_taken":0},{"event_name":"FaceTrader","player_choice":"Trade","floor":30,"damage_taken":0},{"event_name":"The Library","player_choice":"Read","floor":31,"damage_taken":0},{"event_name":"MindBloom","player_choice":"Fight","floor":36,"damage_taken":0},{"event_name":"Mysterious Sphere","player_choice":"Fight","floor":38,"damage_taken":0},{"event_name":"SensoryStone","player_choice":"Memory 1","floor":45,"damage_taken":0},{"event_name":"Falling","player_choice":"Removed Power","floor":48,"damage_taken":0}],"is_beta":false,"boss_relics":[{"not_picked":["Black Star","Calling Bell"],"picked":"Cursed Key"},{"not_picked":["Orrery","Philosopher\u0027s Stone"],"picked":"Busted Crown"}],"items_purged_floors":[5,19,21,37],"is_endless":false,"potions_floor_spawned":[11,13,16,18,23,25,35],"ascension_level":5}