{"gold_per_floor":[115,133,146,146,146,146,146,146,171,211,211,229,250,97,97,97],"floor_reached":16,"playtime":222,"items_purged":["Strike_R"],"score":185,"play_id":"2da6ff66-77c6-4a50-b76c-137f39cd363c","local_time":"20190516200516","is_ascension_mode":true,"campfire_choices":[{"data":"Cleave","floor":6.0,"key":"SMITH"},{"data":"Bash","floor":8.0,"key":"SMITH"},{"data":"Sword Boomerang","floor":11.0,"key":"SMITH"},{"data":"Whirlwind","floor":15.0,"key":"SMITH"}],"neow_cost":"NONE","seed_source_timestamp":0,"circlet_count":0,"master_deck":["AscendersBane","Strike_R","Strike_R","Strike_R","Strike_R","Defend_R","Defend_R","Defend_R","Defend_R","Bash+1","Cleave+1","Sword Boomerang+1","Whirlwind+1"],"special_seed":0,"relics":["Burning Blood","NeowsBlessing","Golden Idol","NlothsMask","Orichalcum"],"potions_floor_usage":[],"damage_taken":[{"damage":0.0,"enemies":"Jaw Worm","floor":1.0,"turns":1.0},{"damage":0.0,"enemies":"Cultist","floor":2.0,"turns":1.0},{"damage":0.0,"enemies":"2 Louse","floor":3.0,"turns":1.0},{"damage":25.0,"enemies":"3 Sentries","floor":10.0,"turns":7.0},{"damage":0.0,"enemies":"Large Slime","floor":12.0,"turns":4.0},{"damage":9.0,"enemies":"3 Louse","floor":13.0,"turns":2.0},{"damage":0,"enemies":"Hexaghost","floor":16,"turns":1}],"seed_played":"-8955234562826653967","potions_obtained":[{"floor":3.0,"key":"Explosive Potion"}],"is_trial":false,"path_per_floor":["M","M","M","?","?","R","$","R","T","E","R","M","M","$","R","B"],"character_chosen":"IRONCLAD","items_purchased":["Whirlwind"],"campfire_rested":0,"item_purchase_floors":[14],"current_hp_per_floor":[74,75,75,68,68,68,68,68,68,49,49,55,52,52,52,52],"gold":97,"neow_bonus":"THREE_ENEMY_KILL","is_prod":false,"is_daily":false,"chose_seed":false,"campfire_upgraded":4,"win_rate":0,"timestamp":1558062316,"path_taken":["M","M","M","?","?","R","$","R","T","E","R","M","?","$","R","BOSS"],"build_version":"2019-01-23","purchased_purges":1,"victory":false,"max_hp_per_floor":[75,75,75,68,68,68,68,68,68,68,68,68,68,68,68,68],"card_choices":[{"not_picked":["Shrug It Off","Blood for Blood"],"picked":"Cleave","floor":1.0},{"not_picked":["Power Through","Headbutt","Cleave"],"picked":"SKIP","floor":2.0},{"not_picked":["Twin Strike","Evolve","Searing Blow"],"picked":"SKIP","floor":3.0},{"not_picked":["True Grit","Pommel Strike"],"picked":"Sword Boomerang","floor":10.0},{"not_picked":["Warcry","Pommel Strike","Fiend Fire"],"picked":"SKIP","floor":12.0},{"not_picked":["Seeing Red","Twin Strike","Pommel Strike"],"picked":"SKIP","floor":13.0}],"player_experience":392672,"relics_obtained":[{"floor":10.0,"key":"Orichalcum"}],"event_choices":[{"damage_healed":0.0,"max_hp_gain":0.0,"max_hp_loss":7.0,"gold_gain":0.0,"event_name":"Golden Idol","player_choice":"Lose Max HP","floor":4.0,"gold_loss":0.0,"damage_taken":0.0,"relics_obtained":["Golden Idol"]},{"damage_healed":0.0,"max_hp_gain":0.0,"max_hp_loss":0.0,"gold_gain":0.0,"event_name":"FaceTrader","player_choice":"Trade","floor":5.0,"gold_loss":0.0,"damage_taken":0.0,"relics_obtained":["NlothsMask"]}],"is_beta":false,"boss_relics":[],"items_purged_floors":[14],"is_endless":false,"potions_floor_spawned":[3],"killed_by":"Hexaghost","ascension_level":17}