{"gold_per_floor":[414,429,429,444,459,474,489,489,564,579,579,158,158,173,173,273,273,288,303,403,48,48,48,63,108,108,108,123,123,138,66,66,166,166,181,208,235,247,359,401,413,440,452,464,476,3,3,18,18,18],"floor_reached":50,"playtime":4772,"items_purged":[],"score":543,"play_id":"4b095788-05b9-4e3b-889d-d53f6b035455","local_time":"20190629085737","daily_mods":["Heirloom","Vintage","Terminal"],"is_ascension_mode":false,"campfire_choices":[{"data":"Strike_R","floor":8,"key":"SMITH"},{"data":"Shrug It Off","floor":13,"key":"SMITH"},{"data":"Perfected Strike","floor":15,"key":"SMITH"},{"data":"Immolate","floor":23,"key":"SMITH"},{"data":"Immolate","floor":29,"key":"SMITH"},{"data":"Cleave","floor":32,"key":"SMITH"},{"floor":41,"key":"REST"},{"data":"Madness","floor":45,"key":"SMITH"},{"data":"Uppercut","floor":47,"key":"SMITH"},{"data":"Headbutt","floor":49,"key":"SMITH"}],"neow_cost":"","seed_source_timestamp":0,"circlet_count":0,"master_deck":["Strike_R+1","Strike_R","Strike_R+1","Strike_R+1","Strike_R","Defend_R","Defend_R","Defend_R","Defend_R","Bash+1","Perfected Strike+1","Shrug It Off+1","Battle Trance","Bandage Up","Immolate+1","Armaments+1","Immolate+1","RitualDagger","Cleave+1","Headbutt+1","Normality","Madness+1","Uppercut+1"],"special_seed":18076,"relics":["Burning Blood","Old Coin","Ornamental Fan","Oddly Smooth Stone","Meat on the Bone","Letter Opener","Omamori","Anchor","Pantograph","Magic Flower","Medical Kit","Vajra","Mark of Pain","Strawberry","Sundial","StoneCalendar","Darkstone Periapt","Toolbox","Regal Pillow","Tiny Chest","Singing Bowl","Happy Flower","Whetstone","Calling Bell","PreservedInsect","Question Card","FossilizedHelix","MawBank","Juzu Bracelet","Blood Vial","Peace Pipe","Centennial Puzzle","Self Forming Clay","Blue Candle","Mercury Hourglass","Lee\u0027s Waffle","Shuriken"],"potions_floor_usage":[16,42,50],"damage_taken":[{"damage":0,"enemies":"2 Louse","floor":1,"turns":4},{"damage":0,"enemies":"Cultist","floor":2,"turns":5},{"damage":0,"enemies":"Jaw Worm","floor":4,"turns":3},{"damage":2,"enemies":"Exordium Thugs","floor":5,"turns":7},{"damage":0,"enemies":"Red Slaver","floor":6,"turns":5},{"damage":0,"enemies":"Large Slime","floor":7,"turns":7},{"damage":0,"enemies":"Exordium Wildlife","floor":10,"turns":6},{"damage":0,"enemies":"Looter","floor":14,"turns":2},{"damage":44,"enemies":"Hexaghost","floor":16,"turns":15},{"damage":0,"enemies":"Shell Parasite","floor":18,"turns":4},{"damage":0,"enemies":"Chosen","floor":19,"turns":3},{"damage":10,"enemies":"Colosseum Slavers","floor":20,"turns":4},{"damage":17,"enemies":"Colosseum Nobs","floor":20,"turns":5},{"damage":0,"enemies":"Shelled Parasite and Fungi","floor":24,"turns":4},{"damage":0,"enemies":"Centurion and Healer","floor":25,"turns":4},{"damage":0,"enemies":"Snake Plant","floor":28,"turns":3},{"damage":0,"enemies":"Cultist and Chosen","floor":30,"turns":3},{"damage":6,"enemies":"Champ","floor":33,"turns":10},{"damage":7,"enemies":"Orb Walker","floor":35,"turns":4},{"damage":0,"enemies":"3 Shapes","floor":36,"turns":1},{"damage":33,"enemies":"Spire Growth","floor":37,"turns":5},{"damage":5,"enemies":"Mind Bloom Boss Battle","floor":39,"turns":7},{"damage":25,"enemies":"Reptomancer","floor":40,"turns":7},{"damage":0,"enemies":"Jaw Worm Horde","floor":42,"turns":2},{"damage":0,"enemies":"3 Darklings","floor":48,"turns":2},{"damage":70,"enemies":"Donu and Deca","floor":50,"turns":6}],"seed_played":"3787465507851504461","potions_obtained":[{"floor":2,"key":"Dexterity Potion"},{"floor":5,"key":"Swift Potion"},{"floor":7,"key":"Energy Potion"},{"floor":14,"key":"Strength Potion"},{"floor":18,"key":"Poison Potion"},{"floor":39,"key":"Regen Potion"},{"floor":42,"key":"Fruit Juice"}],"is_trial":false,"path_per_floor":["M","M","?","M","M","M","M","R","T","M","?","$","R","M","R","B",null,"M","M","?","$","?","R","M","M","T","?","M","R","M","$","R","B",null,"M","M","M","?","?","E","R","M","T","?","R","$","R","M","R","B"],"character_chosen":"IRONCLAD","items_purchased":["Medical Kit","Perfected Strike","Shrug It Off","Battle Trance","Bandage Up","Immolate","Toolbox","Cleave","Headbutt","Mercury Hourglass","Lee\u0027s Waffle","Uppercut"],"campfire_rested":1,"item_purchase_floors":[12,12,12,12,12,21,21,31,31,46,46,46],"current_hp_per_floor":[78,77,76,75,74,73,72,71,70,69,68,67,66,65,64,53,62,68,67,60,60,54,54,62,61,60,59,58,57,56,55,54,55,60,59,58,52,45,57,43,57,61,60,59,58,64,63,62,61,0],"gold":18,"neow_bonus":"","is_prod":false,"is_daily":true,"chose_seed":false,"campfire_upgraded":9,"win_rate":0.0,"timestamp":1561820257,"path_taken":["M","M","?","M","M","M","M","R","T","?","?","?","R","M","R","BOSS","M","M","?","$","?","R","M","?","T","?","M","R","M","?","R","BOSS","M","M","M","?","?","E","R","M","T","?","R","$","R","M","R","BOSS"],"build_version":"2019-01-23","purchased_purges":0,"victory":false,"max_hp_per_floor":[78,77,76,75,74,73,72,71,70,69,68,67,66,65,64,63,62,68,67,66,65,64,63,62,61,60,59,58,57,56,55,54,55,60,59,58,57,56,57,58,57,61,60,59,58,64,63,62,61,61],"card_choices":[{"not_picked":["Brutality","Offering"],"picked":"Immolate","floor":16},{"not_picked":["Twin Strike+1","Ghostly Armor"],"picked":"Armaments","floor":20},{"not_picked":["Juggernaut","Dark Embrace","Exhume"],"picked":"Singing Bowl","floor":33},{"not_picked":["Reckless Charge+1","True Grit+1","Entrench+1","Armaments"],"picked":"Singing Bowl","floor":39},{"not_picked":["Perfected Strike","Spot Weakness","Rage","Havoc+1"],"picked":"Singing Bowl","floor":40}],"player_experience":2959,"relics_obtained":[{"floor":1,"key":"Ornamental Fan"},{"floor":2,"key":"Oddly Smooth Stone"},{"floor":4,"key":"Meat on the Bone"},{"floor":5,"key":"Letter Opener"},{"floor":6,"key":"Omamori"},{"floor":7,"key":"Anchor"},{"floor":9,"key":"Pantograph"},{"floor":10,"key":"Magic Flower"},{"floor":14,"key":"Vajra"},{"floor":18,"key":"Strawberry"},{"floor":19,"key":"Sundial"},{"floor":20,"key":"StoneCalendar"},{"floor":20,"key":"Darkstone Periapt"},{"floor":24,"key":"Regal Pillow"},{"floor":25,"key":"Tiny Chest"},{"floor":26,"key":"Singing Bowl"},{"floor":28,"key":"Happy Flower"},{"floor":30,"key":"Whetstone"},{"floor":34,"key":"PreservedInsect"},{"floor":34,"key":"Question Card"},{"floor":34,"key":"FossilizedHelix"},{"floor":35,"key":"MawBank"},{"floor":36,"key":"Juzu Bracelet"},{"floor":37,"key":"Blood Vial"},{"floor":39,"key":"Peace Pipe"},{"floor":40,"key":"Centennial Puzzle"},{"floor":42,"key":"Self Forming Clay"},{"floor":43,"key":"Blue Candle"},{"floor":48,"key":"Shuriken"}],"event_choices":[{"damage_healed":0,"gold_gain":0,"player_choice":"Upgraded","damage_taken":0,"max_hp_gain":0,"max_hp_loss":0,"event_name":"Upgrade Shrine","floor":3,"gold_loss":0,"cards_upgraded":["Bash"]},{"damage_healed":0,"gold_gain":0,"player_choice":"Ignored","damage_taken":0,"max_hp_gain":0,"max_hp_loss":0,"event_name":"Purifier","floor":11,"gold_loss":0},{"damage_healed":0,"gold_gain":0,"player_choice":"Fight","damage_taken":0,"max_hp_gain":0,"max_hp_loss":0,"event_name":"Colosseum","floor":20,"gold_loss":0},{"damage_healed":0,"gold_gain":0,"player_choice":"Fought Nobs","damage_taken":0,"max_hp_gain":0,"max_hp_loss":0,"event_name":"Colosseum","floor":20,"gold_loss":0},{"damage_healed":0,"gold_gain":0,"player_choice":"Joined the Cult","damage_taken":6,"max_hp_gain":0,"max_hp_loss":0,"event_name":"Nest","floor":22,"gold_loss":0,"cards_obtained":["RitualDagger"]},{"damage_healed":0,"gold_gain":0,"player_choice":"Upgraded","damage_taken":0,"max_hp_gain":0,"max_hp_loss":0,"event_name":"Upgrade Shrine","floor":27,"gold_loss":0,"cards_upgraded":["Armaments"]},{"damage_healed":0,"gold_gain":0,"player_choice":"Embrace Madness","damage_taken":7,"max_hp_gain":0,"max_hp_loss":0,"event_name":"Winding Halls","floor":38,"gold_loss":0,"cards_obtained":["Madness","Madness"]},{"damage_healed":0,"gold_gain":0,"player_choice":"Fight","damage_taken":0,"max_hp_gain":0,"max_hp_loss":0,"event_name":"MindBloom","floor":39,"gold_loss":0},{"cards_removed":["Madness"],"damage_healed":0,"gold_gain":0,"player_choice":"Removed Skill","damage_taken":0,"max_hp_gain":0,"max_hp_loss":0,"event_name":"Falling","floor":44,"gold_loss":0}],"is_beta":false,"boss_relics":[{"not_picked":["Black Blood","Runic Cube"],"picked":"Mark of Pain"},{"not_picked":["Black Star","Empty Cage"],"picked":"Calling Bell"}],"items_purged_floors":[],"is_endless":false,"potions_floor_spawned":[2,5,7,10,14,18,20,25,28,30,36,39,42],"killed_by":"Donu and Deca","ascension_level":0}