{"gold_per_floor":[113,113,193,205,225,252,252,252,252,252,6,40,40,40,40,143,143,156,167,178,178],"floor_reached":21,"playtime":1815,"items_purged":[],"score":187,"play_id":"bc64ed7d-a2cb-4cff-b20c-a012aa8c213a","local_time":"20190206113320","is_ascension_mode":false,"campfire_choices":[{"floor":7,"key":"REST"},{"floor":15,"key":"REST"}],"neow_cost":"TEN_PERCENT_HP_LOSS","seed_source_timestamp":294862919844929,"circlet_count":0,"master_deck":["Strike_R","Strike_R","Strike_R","Defend_R","Defend_R","Defend_R","Bash","Barricade","Body Slam","Rampage","Cleave","Iron Wave","Demon Form","Armaments","Flex+1"],"relics":["Burning Blood","Tiny Chest","Blood Vial","Regal Pillow","Pantograph","Shuriken","Red Skull","Question Card","Philosopher\u0027s Stone"],"potions_floor_usage":[6,12,18,18,18,20],"damage_taken":[{"damage":12,"enemies":"Cultist","floor":1,"turns":6},{"damage":0,"enemies":"Jaw Worm","floor":4,"turns":3},{"damage":7,"enemies":"Small Slimes","floor":5,"turns":4},{"damage":55,"enemies":"3 Sentries","floor":6,"turns":11},{"damage":20,"enemies":"Gremlin Nob","floor":12,"turns":4},{"damage":70,"enemies":"The Guardian","floor":16,"turns":12},{"damage":3,"enemies":"3 Byrds","floor":18,"turns":4},{"damage":39,"enemies":"Spheric Guardian","floor":19,"turns":6},{"damage":26,"enemies":"Snake Plant","floor":20,"turns":3},{"damage":31,"enemies":"Centurion and Healer","floor":21,"turns":3}],"seed_played":"6491342729135617283","potions_obtained":[{"floor":5,"key":"Energy Potion"},{"floor":6,"key":"FearPotion"},{"floor":16,"key":"EntropicBrew"}],"is_trial":false,"path_per_floor":["M","?","T","M","M","E","R","?","T","T","$","E","T","$","R","B",null,"M","M","M","M"],"character_chosen":"IRONCLAD","items_purchased":["Shuriken"],"campfire_rested":2,"item_purchase_floors":[11],"current_hp_per_floor":[66,59,59,65,64,15,36,36,36,36,36,24,24,24,60,8,72,72,39,21,0],"gold":178,"neow_bonus":"TRANSFORM_TWO_CARDS","is_prod":false,"is_daily":false,"chose_seed":false,"campfire_upgraded":0,"win_rate":0.0,"timestamp":1549481600,"path_taken":["M","?","?","M","M","E","R","?","T","?","$","E","?","$","R","BOSS","M","?","?","M"],"build_version":"2019-01-23","purchased_purges":0,"victory":false,"max_hp_per_floor":[72,72,72,72,72,72,72,72,72,72,72,72,72,72,72,72,72,72,72,72,72],"card_choices":[{"not_picked":["Iron Wave","Burning Pact"],"picked":"Body Slam","floor":1},{"not_picked":["True Grit","Clash"],"picked":"Rampage","floor":4},{"not_picked":["Twin Strike","Body Slam","Clothesline"],"picked":"SKIP","floor":5},{"not_picked":["Sword Boomerang","Iron Wave"],"picked":"Cleave","floor":6},{"not_picked":["Cleave","Inflame"],"picked":"Iron Wave","floor":12},{"not_picked":["Feed","Juggernaut","Bludgeon"],"picked":"Demon Form","floor":16},{"not_picked":["Heavy Blade","Pommel Strike","Body Slam+1"],"picked":"Armaments","floor":18},{"not_picked":["Armaments","Warcry","Feel No Pain"],"picked":"Flex+1","floor":19},{"not_picked":["True Grit","Iron Wave","Second Wind","Thunderclap"],"picked":"SKIP","floor":20}],"player_experience":45078,"relics_obtained":[{"floor":3,"key":"Tiny Chest"},{"floor":6,"key":"Blood Vial"},{"floor":9,"key":"Regal Pillow"},{"floor":10,"key":"Pantograph"},{"floor":12,"key":"Red Skull"},{"floor":13,"key":"Question Card"}],"event_choices":[{"cards_removed":["Strike_R"],"damage_healed":0,"gold_gain":0,"player_choice":"Card Removal","damage_taken":7,"max_hp_gain":0,"max_hp_loss":0,"event_name":"Golden Wing","floor":2,"gold_loss":0},{"cards_removed":["Wild Strike"],"damage_healed":0,"gold_gain":0,"player_choice":"Forget","damage_taken":0,"max_hp_gain":0,"max_hp_loss":0,"event_name":"Living Wall","floor":8,"gold_loss":0}],"is_beta":false,"boss_relics":[{"not_picked":["Cursed Key","Pandora\u0027s Box"],"picked":"Philosopher\u0027s Stone"}],"items_purged_floors":[],"is_endless":false,"potions_floor_spawned":[5,6,16],"killed_by":"Centurion and Healer","ascension_level":0}