{"gold_per_floor":[113,113,113,125,144,144,173,173,173,99,131,144,144,160,160,265,265,277,192,192,210,66,66,78,103,103,122,139,139,139,139],"floor_reached":31,"playtime":1230,"items_purged":[],"score":383,"play_id":"28580b85-5daa-44d6-aff7-d71daef779e7","local_time":"20190608085502","is_ascension_mode":true,"campfire_choices":[{"floor":6,"key":"REST"},{"floor":8,"key":"REST"},{"floor":15,"key":"REST"},{"floor":23,"key":"REST"}],"neow_cost":"NONE","seed_source_timestamp":92176284068311,"circlet_count":0,"master_deck":["Defend_G","Defend_G","Defend_G","Defend_G","Defend_G","Strike_G","Strike_G","Strike_G","Strike_G","Strike_G","Survivor","Neutralize","Deadly Poison","Bane","Escape Plan","Crippling Poison+1","Deadly Poison","Dagger Spray","Night Terror","Footwork","Dash","Corpse Explosion","Bane+1","Noxious Fumes","Bouncing Flask","Parasite","Bouncing Flask","Catalyst"],"relics":["Orrery","Pear","Dodecahedron","Shuriken","Smiling Mask","Cursed Key","Ornamental Fan","Snake Skull","Mango","Matryoshka"],"potions_floor_usage":[7,12,25,31],"damage_taken":[{"damage":0,"enemies":"Small Slimes","floor":1,"turns":2},{"damage":2,"enemies":"2 Louse","floor":4,"turns":2},{"damage":1,"enemies":"Jaw Worm","floor":5,"turns":3},{"damage":21,"enemies":"3 Sentries","floor":7,"turns":7},{"damage":23,"enemies":"Lagavulin","floor":11,"turns":6},{"damage":14,"enemies":"Lots of Slimes","floor":12,"turns":3},{"damage":0,"enemies":"Large Slime","floor":14,"turns":5},{"damage":39,"enemies":"Hexaghost","floor":16,"turns":11},{"damage":19,"enemies":"Shell Parasite","floor":18,"turns":6},{"damage":0,"enemies":"3 Byrds","floor":21,"turns":3},{"damage":21,"enemies":"Cultist and Chosen","floor":24,"turns":5},{"damage":21,"enemies":"Gremlin Leader","floor":25,"turns":7},{"damage":26,"enemies":"Snake Plant","floor":27,"turns":4},{"damage":22,"enemies":"Centurion and Healer","floor":28,"turns":4},{"damage":27,"enemies":"Snecko","floor":31,"turns":3}],"seed_played":"-5102276426326554256","potions_obtained":[{"floor":4,"key":"PowerPotion"},{"floor":11,"key":"Fire Potion"},{"floor":18,"key":"FearPotion"},{"floor":20,"key":"GhostInAJar"},{"floor":20,"key":"FairyPotion"},{"floor":27,"key":"FearPotion"}],"is_trial":false,"path_per_floor":["M","?","?","M","M","R","E","R","T","$","E","M","?","M","R","B",null,"M","?","?","M","$","R","M","E","T","M","M","?","$","M"],"character_chosen":"THE_SILENT","items_purchased":["Footwork","Snake Skull"],"campfire_rested":4,"item_purchase_floors":[10,22],"current_hp_per_floor":[63,55,55,53,52,76,55,79,79,79,56,42,42,42,66,27,67,48,48,48,48,48,72,51,44,44,18,9,9,9,0],"gold":139,"neow_bonus":"BOSS_RELIC","is_prod":false,"is_daily":false,"chose_seed":false,"campfire_upgraded":0,"win_rate":0,"timestamp":1559998502,"path_taken":["M","?","?","M","M","R","E","R","T","$","E","M","?","M","R","BOSS","M","?","?","M","$","R","M","E","T","M","?","?","$","M"],"build_version":"2019-01-23","purchased_purges":0,"victory":false,"max_hp_per_floor":[70,80,80,80,80,80,80,80,80,80,80,80,80,80,80,80,80,80,80,80,80,80,80,80,94,94,94,94,94,94,94],"card_choices":[{"not_picked":["Sucker Punch","PiercingWail"],"picked":"Deadly Poison","floor":0},{"not_picked":["Quick Slash","Acrobatics"],"picked":"Bane","floor":0},{"not_picked":["Prepared","Backflip"],"picked":"Escape Plan","floor":0},{"not_picked":["Slice","Outmaneuver"],"picked":"Crippling Poison","floor":0},{"not_picked":["Poisoned Stab","Dagger Throw"],"picked":"Deadly Poison","floor":0},{"not_picked":["Predator","Dodge and Roll"],"picked":"Dagger Spray","floor":1},{"not_picked":["Prepared","Concentrate"],"picked":"Night Terror","floor":4},{"not_picked":["Accuracy","Infinite Blades","Acrobatics"],"picked":"SKIP","floor":5},{"not_picked":["Masterful Stab","Dodge and Roll","Expertise"],"picked":"SKIP","floor":7},{"not_picked":["Deflect","Blur"],"picked":"Dash","floor":11},{"not_picked":["Dash","Dodge and Roll","Malaise"],"picked":"SKIP","floor":12},{"not_picked":["Slice","Deflect","Flying Knee"],"picked":"SKIP","floor":14},{"not_picked":["Grand Finale","Die Die Die"],"picked":"Corpse Explosion","floor":16},{"not_picked":["Calculated Gamble","Eviscerate","Cloak And Dagger+1"],"picked":"SKIP","floor":18},{"not_picked":["Caltrops","Deadly Poison"],"picked":"Bane+1","floor":21},{"not_picked":["PiercingWail+1","Quick Slash"],"picked":"Noxious Fumes","floor":24},{"not_picked":["Die Die Die","Blur"],"picked":"Bouncing Flask","floor":25},{"not_picked":["Well Laid Plans","Blur"],"picked":"Bouncing Flask","floor":27},{"not_picked":["Blade Dance","Setup"],"picked":"Catalyst","floor":28}],"player_experience":414884,"relics_obtained":[{"floor":7,"key":"Dodecahedron"},{"floor":9,"key":"Shuriken"},{"floor":11,"key":"Smiling Mask"},{"floor":25,"key":"Mango"},{"floor":26,"key":"Matryoshka"}],"event_choices":[{"damage_healed":0,"gold_gain":0,"player_choice":"Success","damage_taken":18,"relics_obtained":["Pear"],"max_hp_gain":0,"max_hp_loss":0,"event_name":"Scrap Ooze","floor":2,"gold_loss":0},{"damage_healed":0,"gold_gain":0,"player_choice":"Grow","damage_taken":0,"max_hp_gain":0,"max_hp_loss":0,"event_name":"Living Wall","floor":3,"gold_loss":0,"cards_upgraded":["Crippling Poison"]},{"damage_healed":0,"gold_gain":0,"player_choice":"Ignored","damage_taken":0,"max_hp_gain":0,"max_hp_loss":0,"event_name":"Liars Game","floor":13,"gold_loss":0},{"damage_healed":0,"gold_gain":0,"player_choice":"Obtained Relic","damage_taken":0,"relics_obtained":["Ornamental Fan"],"max_hp_gain":0,"max_hp_loss":0,"event_name":"Addict","floor":19,"gold_loss":85},{"damage_healed":0,"gold_gain":0,"player_choice":"Got Potions","damage_taken":0,"max_hp_gain":0,"max_hp_loss":0,"event_name":"Lab","floor":20,"gold_loss":0},{"damage_healed":0,"gold_gain":0,"player_choice":"Ignored","damage_taken":0,"max_hp_gain":0,"max_hp_loss":0,"event_name":"Vampires","floor":29,"gold_loss":0}],"is_beta":false,"boss_relics":[{"not_picked":["Ectoplasm","HoveringKite"],"picked":"Cursed Key"}],"items_purged_floors":[],"is_endless":false,"potions_floor_spawned":[4,11,18,27],"killed_by":"Snecko","ascension_level":7}