{"gold_per_floor":[113,38,113,13,33,33,61,61,61,74,74,93,93,93,93,190,190,205,205,205,218,235,235,249,249],"floor_reached":25,"playtime":853,"items_purged":["Strike_R","Strike_R"],"score":294,"play_id":"3b7ffde0-dbfa-47c4-b335-41b1a0002018","local_time":"20190303214332","is_ascension_mode":true,"campfire_choices":[{"data":"Bash","floor":6,"key":"SMITH"},{"data":"Anger","floor":13,"key":"SMITH"},{"data":"Iron Wave","floor":15,"key":"SMITH"},{"floor":23,"key":"REST"}],"neow_cost":"NONE","seed_source_timestamp":90115867749000,"circlet_count":0,"master_deck":["Strike_R","Strike_R","Strike_R","Defend_R","Defend_R","Defend_R","Defend_R","Bash+1","Iron Wave+1","Anger+1","Flex+1","Flex+1","Flex+1"],"relics":["Burning Blood","NeowsBlessing","Unceasing Top","Ice Cream","Prayer Wheel","Sozu","Toxic Egg 2"],"potions_floor_usage":[16,25],"damage_taken":[{"damage":0,"enemies":"Cultist","floor":1,"turns":1},{"damage":0,"enemies":"Jaw Worm","floor":5,"turns":1},{"damage":0,"enemies":"Gremlin Nob","floor":7,"turns":1},{"damage":9,"enemies":"2 Louse","floor":10,"turns":3},{"damage":12,"enemies":"Exordium Wildlife","floor":12,"turns":4},{"damage":62,"enemies":"Hexaghost","floor":16,"turns":9},{"damage":19,"enemies":"2 Thieves","floor":18,"turns":4},{"damage":20,"enemies":"Colosseum Slavers","floor":20,"turns":4},{"damage":12,"enemies":"Shell Parasite","floor":21,"turns":6},{"damage":36,"enemies":"Centurion and Healer","floor":22,"turns":5},{"damage":21,"enemies":"3 Cultists","floor":24,"turns":6},{"damage":48,"enemies":"Snecko","floor":25,"turns":6}],"seed_played":"6144380661284237318","potions_obtained":[{"floor":5,"key":"FairyPotion"},{"floor":7,"key":"SneckoOil"},{"floor":10,"key":"AttackPotion"}],"is_trial":false,"path_per_floor":["M","$","?","$","M","R","E","T","T","M","?","M","R","$","R","B",null,"M","T","?","M","M","R","M","M"],"character_chosen":"IRONCLAD","items_purchased":[],"campfire_rested":1,"item_purchase_floors":[],"current_hp_per_floor":[78,78,67,67,73,73,79,79,79,76,76,70,70,70,70,14,64,51,51,37,31,14,38,23,0],"gold":249,"neow_bonus":"THREE_ENEMY_KILL","is_prod":false,"is_daily":false,"chose_seed":false,"campfire_upgraded":3,"win_rate":0,"timestamp":1551678212,"path_taken":["M","$","?","$","M","R","E","?","T","?","?","M","R","?","R","BOSS","M","?","?","M","M","R","M","M"],"build_version":"2019-01-23","purchased_purges":2,"victory":false,"max_hp_per_floor":[80,80,80,80,80,80,80,80,80,80,80,80,80,80,80,80,80,80,80,80,80,80,80,80,80],"card_choices":[{"not_picked":["Iron Wave","Headbutt","Perfected Strike"],"picked":"SKIP","floor":1},{"not_picked":["Headbutt","Perfected Strike"],"picked":"Iron Wave","floor":1},{"not_picked":["Entrench","Warcry","Shockwave"],"picked":"SKIP","floor":5},{"not_picked":["Combust","Wild Strike","Bloodletting"],"picked":"SKIP","floor":7},{"not_picked":["Warcry","Flex"],"picked":"Anger","floor":10},{"not_picked":["Cleave","Thunderclap","Pommel Strike"],"picked":"SKIP","floor":10},{"not_picked":["Infernal Blade","Sword Boomerang","Shrug It Off"],"picked":"SKIP","floor":12},{"not_picked":["Disarm","Metallicize","Iron Wave"],"picked":"SKIP","floor":12},{"not_picked":["Flex","Second Wind+1","Headbutt"],"picked":"SKIP","floor":18},{"not_picked":["Uppercut","Armaments+1","Headbutt+1"],"picked":"SKIP","floor":18},{"not_picked":["Warcry+1","Pommel Strike"],"picked":"Flex+1","floor":21},{"not_picked":["Spot Weakness+1","Cleave"],"picked":"Flex+1","floor":21},{"not_picked":["Pommel Strike","Uppercut","Heavy Blade"],"picked":"SKIP","floor":22},{"not_picked":["Body Slam","Pommel Strike","Combust"],"picked":"SKIP","floor":22},{"not_picked":["Body Slam","Demon Form"],"picked":"Flex+1","floor":24},{"not_picked":["Perfected Strike","Sword Boomerang","Thunderclap"],"picked":"SKIP","floor":24}],"player_experience":251019,"relics_obtained":[{"floor":7,"key":"Unceasing Top"},{"floor":8,"key":"Ice Cream"},{"floor":9,"key":"Prayer Wheel"},{"floor":19,"key":"Toxic Egg 2"}],"event_choices":[{"damage_healed":0,"gold_gain":75,"player_choice":"Gather Gold","damage_taken":11,"max_hp_gain":0,"max_hp_loss":0,"event_name":"World of Goop","floor":3,"gold_loss":0},{"damage_healed":0,"gold_gain":0,"player_choice":"Ignored","damage_taken":0,"max_hp_gain":0,"max_hp_loss":0,"event_name":"Liars Game","floor":11,"gold_loss":0},{"damage_healed":0,"gold_gain":0,"player_choice":"Fight","damage_taken":0,"max_hp_gain":0,"max_hp_loss":0,"event_name":"Colosseum","floor":20,"gold_loss":0},{"damage_healed":0,"gold_gain":0,"player_choice":"Fled From Nobs","damage_taken":0,"max_hp_gain":0,"max_hp_loss":0,"event_name":"Colosseum","floor":20,"gold_loss":0}],"is_beta":false,"boss_relics":[{"not_picked":["Eternal Feather","Runic Dome"],"picked":"Sozu"}],"items_purged_floors":[2,4],"is_endless":false,"potions_floor_spawned":[5,7,10,22],"killed_by":"Snecko","ascension_level":6}