{"gold_per_floor":[110,122,132,29,49,49,59,59,86,86,103,103,55,33,33,136,136,150,164,179,193,193,193,204,222,246,246,246,246,256,256,256,256],"floor_reached":33,"playtime":1715,"items_purged":[],"score":253,"play_id":"265988e4-485c-43b9-bc79-fa8cc3c94575","local_time":"20190728224523","is_ascension_mode":true,"campfire_choices":[{"data":"Inflame","floor":6,"key":"SMITH"},{"data":"Juggernaut","floor":8,"key":"SMITH"},{"data":"Clothesline","floor":12,"key":"SMITH"},{"data":"True Grit","floor":15,"key":"SMITH"},{"data":"Spot Weakness","floor":23,"key":"SMITH"},{"floor":28,"key":"REST"},{"data":"Uppercut","floor":32,"key":"SMITH"}],"neow_cost":"NONE","seed_source_timestamp":20084390856000,"circlet_count":0,"master_deck":["Strike_R","Strike_R","Strike_R","Strike_R","Defend_R","Defend_R","Defend_R+1","Defend_R+1","Bash","Iron Wave","Inflame+1","Iron Wave","Juggernaut+1","Clothesline+1","True Grit+1","Bludgeon","Whirlwind+1","Uppercut+1","Disarm","Spot Weakness+1","Whirlwind"],"relics":["Burning Blood","Oddly Smooth Stone","Vajra","War Paint","Velvet Choker","Regal Pillow","Happy Flower"],"potions_floor_usage":[33],"damage_taken":[{"damage":8,"enemies":"Jaw Worm","floor":1,"turns":5},{"damage":3,"enemies":"Cultist","floor":2,"turns":4},{"damage":0,"enemies":"2 Louse","floor":3,"turns":3},{"damage":0,"enemies":"Exordium Wildlife","floor":5,"turns":5},{"damage":0,"enemies":"3 Louse","floor":7,"turns":5},{"damage":9,"enemies":"Lots of Slimes","floor":11,"turns":4},{"damage":20,"enemies":"Slime Boss","floor":16,"turns":10},{"damage":10,"enemies":"3 Byrds","floor":18,"turns":4},{"damage":0,"enemies":"Spheric Guardian","floor":19,"turns":3},{"damage":11,"enemies":"Centurion and Healer","floor":20,"turns":4},{"damage":14,"enemies":"Shelled Parasite and Fungi","floor":21,"turns":4},{"damage":30,"enemies":"Sentry and Sphere","floor":24,"turns":4},{"damage":4,"enemies":"Snake Plant","floor":25,"turns":4},{"damage":20,"enemies":"Centurion and Healer","floor":30,"turns":4},{"damage":72,"enemies":"Automaton","floor":33,"turns":6}],"seed_played":"5257475407914464562","potions_obtained":[{"floor":7,"key":"Block Potion"},{"floor":16,"key":"Dexterity Potion"},{"floor":20,"key":"Fire Potion"}],"is_trial":false,"path_per_floor":["M","M","M","?","M","R","M","R","T","?","M","R","$","?","R","B",null,"M","M","M","M","?","R","M","M","T","?","R","$","M","?","R","B"],"character_chosen":"IRONCLAD","items_purchased":["True Grit"],"campfire_rested":1,"item_purchase_floors":[13],"current_hp_per_floor":[78,80,80,80,80,80,80,80,80,85,82,82,82,82,82,68,85,81,85,80,72,72,72,48,50,50,50,85,85,71,71,71,0],"gold":256,"neow_bonus":"RANDOM_COMMON_RELIC","is_prod":false,"is_daily":false,"chose_seed":false,"campfire_upgraded":6,"win_rate":0,"timestamp":1564375523,"path_taken":["M","M","M","?","M","R","?","R","T","?","M","R","$","?","R","BOSS","M","M","M","M","?","R","M","M","T","?","R","$","?","?","R","BOSS"],"build_version":"2019-07-17","purchased_purges":0,"victory":false,"max_hp_per_floor":[80,80,80,80,80,80,80,80,80,85,85,85,85,85,85,85,85,85,85,85,85,85,85,85,85,85,85,85,85,85,85,85,85],"card_choices":[{"not_picked":["Twin Strike","Flex"],"picked":"Iron Wave","floor":1},{"not_picked":["Headbutt","Flex"],"picked":"Inflame","floor":2},{"not_picked":["Twin Strike","Sentinel"],"picked":"Iron Wave","floor":3},{"not_picked":["Infernal Blade","Body Slam","Clash"],"picked":"SKIP","floor":5},{"not_picked":["Ghostly Armor","Clash"],"picked":"Juggernaut","floor":7},{"not_picked":["Flex","Warcry"],"picked":"Clothesline","floor":11},{"not_picked":["Impervious","Exhume"],"picked":"Bludgeon","floor":16},{"not_picked":["Headbutt+1","Wild Strike"],"picked":"Whirlwind+1","floor":18},{"not_picked":["Cleave","Iron Wave"],"picked":"Uppercut","floor":19},{"not_picked":["Heavy Blade","Corruption"],"picked":"Disarm","floor":20},{"not_picked":["Sentinel","Dual Wield","Perfected Strike"],"picked":"SKIP","floor":21},{"not_picked":["Anger","Heavy Blade","Perfected Strike+1"],"picked":"SKIP","floor":24},{"not_picked":["Burning Pact","Warcry"],"picked":"Whirlwind","floor":25},{"not_picked":["Carnage","Twin Strike","Feel No Pain"],"picked":"SKIP","floor":30}],"player_experience":82900,"relics_obtained":[{"floor":9,"key":"War Paint"},{"floor":26,"key":"Regal Pillow"}],"event_choices":[{"damage_healed":0,"gold_gain":0,"player_choice":"Paid Gold","damage_taken":0,"relics_obtained":["Vajra"],"max_hp_gain":0,"max_hp_loss":0,"event_name":"WeMeetAgain","floor":4,"gold_loss":103},{"damage_healed":0,"gold_gain":0,"player_choice":"Donut","damage_taken":0,"max_hp_gain":5,"max_hp_loss":0,"event_name":"Big Fish","floor":10,"gold_loss":0},{"damage_healed":0,"gold_gain":0,"player_choice":"Left Gold","damage_taken":0,"max_hp_gain":0,"max_hp_loss":0,"event_name":"World of Goop","floor":14,"gold_loss":22},{"damage_healed":0,"gold_gain":0,"player_choice":"Read","damage_taken":0,"max_hp_gain":0,"max_hp_loss":0,"event_name":"The Library","floor":22,"gold_loss":0,"cards_obtained":["Spot Weakness"]},{"cards_removed":["Strike_R"],"damage_healed":0,"gold_gain":0,"player_choice":"Card Removal","damage_taken":0,"max_hp_gain":0,"max_hp_loss":0,"event_name":"Wheel of Change","floor":27,"gold_loss":0},{"damage_healed":0,"gold_gain":0,"player_choice":"Opened","damage_taken":0,"relics_obtained":["Happy Flower"],"max_hp_gain":0,"max_hp_loss":0,"event_name":"The Mausoleum","floor":31,"gold_loss":0}],"is_beta":false,"boss_relics":[{"not_picked":["Eternal Feather","Orrery"],"picked":"Velvet Choker"}],"items_purged_floors":[],"is_endless":false,"potions_floor_spawned":[7,16,20,25],"killed_by":"Automaton","ascension_level":1}