{"gold_per_floor":[211,222,222,297,20,20,39,39,63,28,69,93,108,142,142,272,272,293,293,293,218,230,230,230,230,260,33,33,33,33,59,59,59],"floor_reached":33,"playtime":954,"items_purged":["Strike_G"],"score":361,"play_id":"b3b97d39-3a0f-4183-bc95-803c8ad3850b","local_time":"20190604235802","is_ascension_mode":true,"campfire_choices":[{"data":"Blade Dance","floor":6,"key":"SMITH"},{"data":"Skewer","floor":8,"key":"SMITH"},{"floor":15,"key":"REST"},{"floor":24,"key":"REST"},{"data":"Accuracy","floor":28,"key":"SMITH"},{"data":"Cloak And Dagger","floor":30,"key":"SMITH"},{"floor":32,"key":"REST"}],"neow_cost":"NONE","seed_source_timestamp":133763619969800,"circlet_count":0,"master_deck":["Defend_G","Defend_G","Defend_G","Defend_G","Defend_G","Strike_G","Strike_G","Strike_G","Survivor","Neutralize","Blade Dance+1","Skewer+1","Cloak And Dagger","Catalyst","Cloak And Dagger+1","Accuracy+1","Poisoned Stab","Bullet Time","Finisher","Well Laid Plans","Venomology"],"relics":["Ring of the Serpent","Bloody Idol","Bag of Marbles","Snake Skull","Tough Bandages","Orichalcum","Tiny Chest","Chemical X","Dream Catcher"],"potions_floor_usage":[14,14,16,33,33],"damage_taken":[{"damage":7,"enemies":"Jaw Worm","floor":1,"turns":6},{"damage":0,"enemies":"Small Slimes","floor":2,"turns":5},{"damage":0,"enemies":"2 Louse","floor":7,"turns":2},{"damage":21,"enemies":"Gremlin Nob","floor":11,"turns":4},{"damage":0,"enemies":"Large Slime","floor":12,"turns":4},{"damage":0,"enemies":"2 Fungi Beasts","floor":13,"turns":3},{"damage":23,"enemies":"Lagavulin","floor":14,"turns":7},{"damage":32,"enemies":"Hexaghost","floor":16,"turns":10},{"damage":14,"enemies":"2 Thieves","floor":18,"turns":4},{"damage":2,"enemies":"3 Byrds","floor":22,"turns":6},{"damage":24,"enemies":"Colosseum Slavers","floor":23,"turns":5},{"damage":63,"enemies":"Champ","floor":33,"turns":9}],"seed_played":"-3112577200696203448","potions_obtained":[{"floor":7,"key":"Block Potion"},{"floor":11,"key":"Strength Potion"},{"floor":12,"key":"Regen Potion"},{"floor":22,"key":"FearPotion"}],"is_trial":false,"path_per_floor":["M","M","?","?","$","R","M","R","T","$","E","M","M","E","R","B",null,"M","?","?","?","M","?","R","?","T","$","R","$","R","T","R","B"],"character_chosen":"THE_SILENT","items_purchased":["Bag of Marbles","Cloak And Dagger","Catalyst","Chemical X","Well Laid Plans"],"campfire_rested":3,"item_purchase_floors":[5,5,10,27,27],"current_hp_per_floor":[56,56,56,45,45,45,45,45,45,45,24,24,24,16,35,3,50,36,36,36,36,39,15,34,34,39,39,39,39,39,44,63,0],"gold":59,"neow_bonus":"HUNDRED_GOLD","is_prod":false,"is_daily":false,"chose_seed":false,"campfire_upgraded":4,"win_rate":0,"timestamp":1559717882,"path_taken":["M","M","?","?","?","R","M","R","T","$","E","M","?","E","R","BOSS","M","?","?","?","M","?","R","?","T","$","R","?","R","?","R","BOSS"],"build_version":"2019-01-23","purchased_purges":1,"victory":false,"max_hp_per_floor":[70,70,65,65,65,65,65,65,65,65,65,65,65,65,65,65,65,65,65,65,65,65,65,65,65,65,65,65,65,65,65,65,65],"card_choices":[{"not_picked":["Poisoned Stab","Deflect"],"picked":"Blade Dance","floor":1},{"not_picked":["Bane","Unload"],"picked":"Skewer","floor":2},{"not_picked":["Acrobatics","Tactician","Well Laid Plans"],"picked":"SKIP","floor":7},{"not_picked":["Calculated Gamble","Dodge and Roll"],"picked":"Cloak And Dagger","floor":11},{"not_picked":["Dagger Throw","All Out Attack"],"picked":"Accuracy","floor":12},{"not_picked":["Expertise","Calculated Gamble","Sucker Punch"],"picked":"SKIP","floor":13},{"not_picked":["Choke","Slice"],"picked":"Poisoned Stab","floor":14},{"not_picked":["Venomology","Glass Knife"],"picked":"Bullet Time","floor":16},{"not_picked":["Dodge and Roll","Reflex","PiercingWail"],"picked":"SKIP","floor":18},{"not_picked":["Slice","Blade Dance"],"picked":"Finisher","floor":22},{"not_picked":["Quick Slash","Dash"],"picked":"Venomology","floor":32}],"player_experience":434510,"relics_obtained":[{"floor":9,"key":"Snake Skull"},{"floor":11,"key":"Tough Bandages"},{"floor":14,"key":"Orichalcum"},{"floor":26,"key":"Tiny Chest"},{"floor":31,"key":"Dream Catcher"}],"event_choices":[{"damage_healed":0,"gold_gain":0,"player_choice":"Lose Max HP","damage_taken":0,"relics_obtained":["Golden Idol"],"max_hp_gain":0,"max_hp_loss":5,"event_name":"Golden Idol","floor":3,"gold_loss":0},{"damage_healed":0,"gold_gain":75,"player_choice":"Gather Gold","damage_taken":11,"max_hp_gain":0,"max_hp_loss":0,"event_name":"World of Goop","floor":4,"gold_loss":0},{"damage_healed":0,"gold_gain":0,"player_choice":"Gave Idol","damage_taken":0,"relics_obtained":["Bloody Idol"],"max_hp_gain":0,"max_hp_loss":0,"event_name":"Forgotten Altar","floor":19,"relics_lost":["Golden Idol"],"gold_loss":0},{"damage_healed":0,"gold_gain":0,"player_choice":"Ignored","damage_taken":0,"max_hp_gain":0,"max_hp_loss":0,"event_name":"Ghosts","floor":20,"gold_loss":0},{"cards_removed":["Strike_G"],"damage_healed":0,"gold_gain":0,"player_choice":"Gave Gold","damage_taken":0,"max_hp_gain":0,"max_hp_loss":0,"event_name":"Beggar","floor":21,"gold_loss":75},{"damage_healed":0,"gold_gain":0,"player_choice":"Fight","damage_taken":0,"max_hp_gain":0,"max_hp_loss":0,"event_name":"Colosseum","floor":23,"gold_loss":0},{"damage_healed":0,"gold_gain":0,"player_choice":"Fled From Nobs","damage_taken":0,"max_hp_gain":0,"max_hp_loss":0,"event_name":"Colosseum","floor":23,"gold_loss":0}],"is_beta":false,"boss_relics":[{"not_picked":["Coffee Dripper","HoveringKite"],"picked":"Ring of the Serpent"}],"items_purged_floors":[5],"is_endless":false,"potions_floor_spawned":[7,11,12,13,22],"killed_by":"Champ","ascension_level":9}