{"gold_per_floor":[113,113,74,74,88,88,123,143,195,195,212,212,223,238,238,341,341,356,455,455,48,48,48,75,86,156,156,170,184,184,204,204,306,306,324,341,16,33,49,49,124,2,79,91,103,103,103,118,118,118],"floor_reached":50,"playtime":12473,"items_purged":[],"score":543,"play_id":"85778f2e-2137-436c-8814-0377704477d1","local_time":"20190718044442","is_ascension_mode":false,"campfire_choices":[{"floor":6,"key":"REST"},{"floor":10,"key":"RECALL"},{"floor":15,"key":"REST"},{"floor":23,"key":"REST"},{"floor":30,"key":"REST"},{"floor":32,"key":"REST"},{"floor":40,"key":"REST"},{"data":"Caltrops","floor":46,"key":"SMITH"},{"floor":49,"key":"REST"}],"neow_cost":"NONE","seed_source_timestamp":39438382378034,"circlet_count":0,"master_deck":["Strike_G+1","Strike_G+1","Strike_G+1","Strike_G+1","Strike_G+1","Defend_G+1","Defend_G+1","Defend_G+1","Defend_G+1","Defend_G+1","Survivor+1","Neutralize+1","Prepared+1","Infinite Blades+1","Sucker Punch+1","Flying Knee+1","Acrobatics+1","Infinite Blades+1","PiercingWail+1","PiercingWail+1","After Image+1","Sucker Punch+1","Flying Knee+1","Infinite Blades+1","Endless Agony+1","Dagger Throw+1","Dagger Spray+1","Slice+1","Underhanded Strike+1","After Image+1","Terror+1","Prepared+1","Caltrops+1","Distraction+1","Blade Dance+1","Infinite Blades+1","Deflect+1","Bullet Time+1","Leg Sweep+1","Outmaneuver+1"],"relics":["Ring of the Snake","Blood Vial","Matryoshka","Omamori","Regal Pillow","WristBlade","Nunchaku","Mango","Centennial Puzzle","Lizard Tail","Letter Opener","Bottled Tornado","Mark of the Bloom"],"potions_floor_usage":[7,13,20,25,33,33,38,48,50,50],"damage_taken":[{"damage":1,"enemies":"Cultist","floor":1,"turns":4},{"damage":0,"enemies":"Jaw Worm","floor":5,"turns":4},{"damage":16,"enemies":"Lagavulin","floor":7,"turns":8},{"damage":0,"enemies":"Small Slimes","floor":8,"turns":2},{"damage":5,"enemies":"Exordium Thugs","floor":11,"turns":6},{"damage":1,"enemies":"3 Louse","floor":13,"turns":3},{"damage":2,"enemies":"Large Slime","floor":14,"turns":5},{"damage":67,"enemies":"Hexaghost","floor":16,"turns":16},{"damage":20,"enemies":"Spheric Guardian","floor":18,"turns":6},{"damage":0,"enemies":"2 Thieves","floor":20,"turns":1},{"damage":53,"enemies":"Book of Stabbing","floor":24,"turns":9},{"damage":8,"enemies":"Centurion and Healer","floor":25,"turns":9},{"damage":7,"enemies":"Snake Plant","floor":28,"turns":6},{"damage":8,"enemies":"Shelled Parasite and Fungi","floor":29,"turns":6},{"damage":7,"enemies":"3 Cultists","floor":31,"turns":5},{"damage":12,"enemies":"Collector","floor":33,"turns":12},{"damage":13,"enemies":"Orb Walker","floor":35,"turns":5},{"damage":2,"enemies":"3 Darklings","floor":36,"turns":6},{"damage":12,"enemies":"Sphere and 2 Shapes","floor":38,"turns":5},{"damage":0,"enemies":"Maw","floor":39,"turns":7},{"damage":1,"enemies":"3 Darklings","floor":44,"turns":6},{"damage":6,"enemies":"Writhing Mass","floor":45,"turns":9},{"damage":7,"enemies":"Transient","floor":48,"turns":5},{"damage":87,"enemies":"Donu and Deca","floor":50,"turns":9}],"seed_played":"6589972997555168015","potions_obtained":[{"floor":1,"key":"Block Potion"},{"floor":5,"key":"LiquidBronze"},{"floor":14,"key":"Ancient Potion"},{"floor":16,"key":"SmokeBomb"},{"floor":18,"key":"Regen Potion"},{"floor":28,"key":"PowerPotion"},{"floor":31,"key":"LiquidBronze"},{"floor":35,"key":"GamblersBrew"},{"floor":38,"key":"Block Potion"},{"floor":39,"key":"Fire Potion"}],"is_trial":false,"path_per_floor":["M","?","$","?","M","R","E","M","T","R","M","?","M","M","R","B",null,"M","?","M","$","?","R","E","M","T","?","M","M","R","M","R","B",null,"M","M","$","M","M","R","?","$","T","M","M","R","?","M","R","B"],"character_chosen":"THE_SILENT","items_purchased":["Infinite Blades","Nunchaku","Flying Knee","Infinite Blades","Letter Opener","Caltrops","Infinite Blades","Deflect"],"campfire_rested":7,"item_purchase_floors":[3,21,21,21,37,37,42,42],"current_hp_per_floor":[76,61,61,43,45,68,54,56,56,56,53,53,54,54,77,10,77,57,57,59,59,45,82,43,52,52,52,47,41,84,79,96,84,96,83,83,83,73,75,96,87,87,87,88,84,84,84,77,77,0],"gold":118,"neow_bonus":"TEN_PERCENT_HP_BONUS","is_prod":false,"is_daily":false,"chose_seed":false,"campfire_upgraded":1,"win_rate":0,"timestamp":1563439482,"path_taken":["M","?","$","?","M","R","E","M","T","R","M","?","M","?","R","BOSS","M","?","M","$","?","R","E","M","T","?","M","M","R","?","R","BOSS","M","M","$","M","M","R","?","?","T","M","M","R","?","M","R","BOSS"],"build_version":"2019-07-17","purchased_purges":0,"victory":false,"max_hp_per_floor":[77,77,77,77,77,77,77,77,77,77,77,77,77,77,77,77,77,77,77,77,77,82,82,96,96,96,96,96,96,96,96,96,96,96,96,96,96,96,96,96,96,96,96,96,96,96,96,96,96,96],"card_choices":[{"not_picked":["Escape Plan","Underhanded Strike"],"picked":"Prepared","floor":1},{"not_picked":["Bane","Dagger Throw"],"picked":"Sucker Punch","floor":5},{"not_picked":["Acrobatics","Bane"],"picked":"Flying Knee","floor":7},{"not_picked":["Underhanded Strike","Slice"],"picked":"Acrobatics","floor":8},{"not_picked":["Quick Slash","Skewer"],"picked":"Infinite Blades","floor":11},{"not_picked":["Dodge and Roll","Expertise"],"picked":"PiercingWail","floor":13},{"not_picked":["Masterful Stab","Sucker Punch"],"picked":"PiercingWail","floor":14},{"not_picked":["Bullet Time","Malaise"],"picked":"After Image","floor":16},{"not_picked":["Distraction+1","Quick Slash"],"picked":"Sucker Punch+1","floor":18},{"not_picked":["Expertise","Slice"],"picked":"Endless Agony+1","floor":24},{"not_picked":["Masterful Stab","Slice"],"picked":"Dagger Throw+1","floor":25},{"not_picked":["Backflip","Acrobatics+1"],"picked":"Dagger Spray+1","floor":28},{"not_picked":["Blur","Deadly Poison"],"picked":"Slice+1","floor":29},{"not_picked":["Quick Slash","Deadly Poison"],"picked":"Underhanded Strike","floor":31},{"not_picked":["Night Terror","Adrenaline"],"picked":"After Image","floor":33},{"not_picked":["Skewer","Flechettes"],"picked":"Terror+1","floor":35},{"not_picked":["Riddle With Holes+1","Bane+1"],"picked":"Prepared+1","floor":36},{"not_picked":["Deflect","Quick Slash+1"],"picked":"Distraction","floor":38},{"not_picked":["Bane","Dagger Spray+1"],"picked":"Blade Dance+1","floor":39},{"not_picked":["Flechettes","Deflect+1"],"picked":"Bullet Time","floor":44},{"not_picked":["Dagger Throw","Noxious Fumes"],"picked":"Leg Sweep+1","floor":45},{"not_picked":["Quick Slash+1","Dash+1"],"picked":"Outmaneuver+1","floor":48}],"player_experience":72140,"relics_obtained":[{"floor":7,"key":"Matryoshka"},{"floor":9,"key":"Omamori"},{"floor":9,"key":"Regal Pillow"},{"floor":24,"key":"Mango"},{"floor":26,"key":"Centennial Puzzle"},{"floor":43,"key":"Bottled Tornado"}],"event_choices":[{"damage_healed":0,"gold_gain":0,"player_choice":"Entered Light","damage_taken":15,"max_hp_gain":0,"max_hp_loss":0,"event_name":"Shining Light","floor":2,"gold_loss":0,"cards_upgraded":["Defend_G","Strike_G"]},{"damage_healed":0,"gold_gain":0,"player_choice":"Success","damage_taken":18,"relics_obtained":["Blood Vial"],"max_hp_gain":0,"max_hp_loss":0,"event_name":"Scrap Ooze","floor":4,"gold_loss":0},{"damage_healed":0,"gold_gain":0,"player_choice":"Ignored","damage_taken":0,"max_hp_gain":0,"max_hp_loss":0,"event_name":"Golden Wing","floor":12,"gold_loss":0},{"damage_healed":0,"gold_gain":99,"player_choice":"Stole From Cult","damage_taken":0,"max_hp_gain":0,"max_hp_loss":0,"event_name":"Nest","floor":19,"gold_loss":0},{"damage_healed":0,"gold_gain":0,"player_choice":"Shed Blood","damage_taken":19,"max_hp_gain":5,"max_hp_loss":0,"event_name":"Forgotten Altar","floor":22,"gold_loss":0},{"damage_healed":0,"gold_gain":0,"player_choice":"Simplicity","damage_taken":0,"max_hp_gain":0,"max_hp_loss":0,"event_name":"Back to Basics","floor":27,"gold_loss":0,"cards_upgraded":["Strike_G","Strike_G","Strike_G","Strike_G","Defend_G","Defend_G","Defend_G","Defend_G"]},{"damage_healed":0,"gold_gain":75,"player_choice":"Touch","damage_taken":9,"max_hp_gain":0,"max_hp_loss":0,"event_name":"FaceTrader","floor":41,"gold_loss":0},{"damage_healed":0,"gold_gain":0,"player_choice":"Upgrade","damage_taken":0,"relics_obtained":["Mark of the Bloom"],"max_hp_gain":0,"max_hp_loss":0,"event_name":"MindBloom","floor":47,"gold_loss":0,"cards_upgraded":["Survivor","Neutralize","Prepared","Infinite Blades","Sucker Punch","Flying Knee","Acrobatics","Infinite Blades","PiercingWail","PiercingWail","After Image","Flying Knee","Infinite Blades","Underhanded Strike","After Image","Distraction","Infinite Blades","Deflect","Bullet Time"]}],"is_beta":false,"boss_relics":[{"not_picked":["Snecko Eye","Black Star"],"picked":"WristBlade"},{"not_picked":["Runic Pyramid","HoveringKite"],"picked":"Lizard Tail"}],"items_purged_floors":[],"is_endless":false,"potions_floor_spawned":[1,5,14,16,18,20,28,31,35,38,39],"killed_by":"Donu and Deca","ascension_level":0}