{"gold_per_floor":[111,123,123,139,152,185,185,212,212,212,225,235,84,102,102,200,200,190,201,201,211,24,24,24,24,24,39,68,84,84,98,98,98],"floor_reached":33,"playtime":1263,"items_purged":[],"score":393,"play_id":"a73e51ac-c337-4e26-b861-b80587f0d84b","local_time":"20190629172305","is_ascension_mode":true,"campfire_choices":[{"floor":7,"key":"REST"},{"floor":10,"key":"REST"},{"floor":15,"key":"REST"},{"floor":23,"key":"REST"},{"floor":32,"key":"REST"}],"neow_cost":"NONE","seed_source_timestamp":258200859764429,"circlet_count":0,"master_deck":["Defend_G","Defend_G","Defend_G","Defend_G","Defend_G","Strike_G","Strike_G","Strike_G","Strike_G","Strike_G","Survivor","Neutralize","Sucker Punch","Dagger Spray","Heel Hook","Cloak And Dagger","Wraith Form v2","Deadly Poison","Sucker Punch","Poisoned Stab","A Thousand Cuts+1","Deadly Poison","Wraith Form v2+1","Writhe","Clumsy","Injury","Escape Plan","Quick Slash","Poisoned Stab+1","Bouncing Flask","Escape Plan+1","Burst","Cloak And Dagger+1"],"relics":["Fusion Hammer","Vajra","Frozen Egg 2","Calling Bell","Regal Pillow","Meat on the Bone","StoneCalendar","Tiny Chest","Ice Cream","Bottled Flame","Mercury Hourglass","Nloth\u0027s Gift"],"potions_floor_usage":[18,21,28,31],"damage_taken":[{"damage":0,"enemies":"2 Louse","floor":1,"turns":4},{"damage":0,"enemies":"Cultist","floor":2,"turns":3},{"damage":0,"enemies":"Jaw Worm","floor":4,"turns":4},{"damage":9,"enemies":"3 Louse","floor":5,"turns":3},{"damage":31,"enemies":"Lagavulin","floor":6,"turns":9},{"damage":13,"enemies":"3 Sentries","floor":8,"turns":8},{"damage":3,"enemies":"Looter","floor":11,"turns":3},{"damage":0,"enemies":"Exordium Wildlife","floor":12,"turns":3},{"damage":21,"enemies":"Large Slime","floor":14,"turns":4},{"damage":6,"enemies":"Slime Boss","floor":16,"turns":8},{"damage":11,"enemies":"2 Thieves","floor":18,"turns":4},{"damage":7,"enemies":"Shell Parasite","floor":19,"turns":7},{"damage":16,"enemies":"3 Cultists","floor":21,"turns":6},{"damage":19,"enemies":"Centurion and Healer","floor":27,"turns":6},{"damage":23,"enemies":"Gremlin Leader","floor":28,"turns":7},{"damage":44,"enemies":"Shelled Parasite and Fungi","floor":29,"turns":7},{"damage":2,"enemies":"3 Cultists","floor":31,"turns":3},{"damage":84,"enemies":"Collector","floor":33,"turns":10}],"seed_played":"7711997522178614255","potions_obtained":[{"floor":2,"key":"GhostInAJar"},{"floor":11,"key":"SpeedPotion"},{"floor":12,"key":"Swift Potion"},{"floor":14,"key":"Regen Potion"},{"floor":18,"key":"Weak Potion"},{"floor":21,"key":"Strength Potion"}],"is_trial":false,"path_per_floor":["M","M","?","M","M","E","R","E","T","R","M","M","$","M","R","B",null,"M","M","?","M","$","R","?","$","T","M","E","M","?","M","R","B"],"character_chosen":"THE_SILENT","items_purchased":["A Thousand Cuts+1","Tiny Chest","Bouncing Flask"],"campfire_rested":5,"item_purchase_floors":[13,22,22],"current_hp_per_floor":[63,63,68,68,59,28,50,37,37,59,56,56,56,35,57,51,69,58,51,51,50,50,75,75,75,75,56,45,13,13,23,60,0],"gold":98,"neow_bonus":"BOSS_RELIC","is_prod":false,"is_daily":false,"chose_seed":false,"campfire_upgraded":0,"win_rate":0,"timestamp":1561843385,"path_taken":["M","M","?","M","M","E","R","E","T","R","M","M","$","M","R","BOSS","M","M","?","M","$","R","?","$","T","?","E","M","?","M","R","BOSS"],"build_version":"2019-01-23","purchased_purges":0,"victory":false,"max_hp_per_floor":[70,70,75,75,75,75,75,75,75,75,75,75,75,75,75,75,75,75,75,75,75,75,75,75,75,75,75,75,75,75,75,75,75],"card_choices":[{"not_picked":["Backflip","Prepared"],"picked":"Sucker Punch","floor":1},{"not_picked":["Acrobatics","Slice"],"picked":"Dagger Spray","floor":2},{"not_picked":["Flying Knee","Dagger Spray"],"picked":"Heel Hook","floor":4},{"not_picked":["Blade Dance","Expertise"],"picked":"Cloak And Dagger","floor":5},{"not_picked":["Tactician","Catalyst"],"picked":"Wraith Form v2","floor":6},{"not_picked":["Quick Slash","Prepared"],"picked":"Deadly Poison","floor":8},{"not_picked":["Prepared","Dodge and Roll"],"picked":"Sucker Punch","floor":11},{"not_picked":["Prepared","Expertise"],"picked":"Poisoned Stab","floor":12},{"not_picked":["Blur","Phantasmal Killer"],"picked":"Deadly Poison","floor":14},{"not_picked":["Corpse Explosion","Malaise"],"picked":"Wraith Form v2+1","floor":16},{"not_picked":["Sucker Punch","Accuracy+1"],"picked":"Escape Plan","floor":18},{"not_picked":["Outmaneuver","Slice"],"picked":"Quick Slash","floor":19},{"not_picked":["Backflip","Quick Slash+1"],"picked":"Poisoned Stab+1","floor":21},{"not_picked":["Choke+1","Dodge and Roll"],"picked":"Escape Plan+1","floor":27},{"not_picked":["Dagger Throw","Prepared"],"picked":"Burst","floor":28},{"not_picked":["Eviscerate","Sucker Punch","Outmaneuver"],"picked":"SKIP","floor":29},{"not_picked":["Finisher+1","Infinite Blades+1"],"picked":"Cloak And Dagger+1","floor":31}],"player_experience":504790,"relics_obtained":[{"floor":6,"key":"Vajra"},{"floor":8,"key":"Art of War"},{"floor":9,"key":"Frozen Egg 2"},{"floor":17,"key":"Regal Pillow"},{"floor":17,"key":"Meat on the Bone"},{"floor":17,"key":"StoneCalendar"},{"floor":26,"key":"Bottled Flame"},{"floor":28,"key":"Mercury Hourglass"}],"event_choices":[{"damage_healed":0,"gold_gain":0,"player_choice":"Donut","damage_taken":0,"max_hp_gain":5,"max_hp_loss":0,"event_name":"Big Fish","floor":3,"gold_loss":0},{"damage_healed":0,"gold_gain":0,"player_choice":"Ignored","damage_taken":0,"max_hp_gain":0,"max_hp_loss":0,"event_name":"Cursed Tome","floor":20,"gold_loss":0},{"damage_healed":0,"gold_gain":0,"player_choice":"Gave Potion","damage_taken":0,"relics_obtained":["Ice Cream"],"max_hp_gain":0,"max_hp_loss":0,"event_name":"WeMeetAgain","floor":24,"gold_loss":0},{"damage_healed":0,"gold_gain":0,"player_choice":"Traded Relic","damage_taken":0,"relics_obtained":["Nloth\u0027s Gift"],"max_hp_gain":0,"max_hp_loss":0,"event_name":"N\u0027loth","floor":30,"relics_lost":["Art of War"],"gold_loss":0}],"is_beta":false,"boss_relics":[{"not_picked":["Empty Cage","Coffee Dripper"],"picked":"Calling Bell"}],"items_purged_floors":[],"is_endless":false,"potions_floor_spawned":[2,11,12,14,16,18,21],"killed_by":"Collector","ascension_level":8}