{"gold_per_floor":[117,127,202,202,26,26,26,26,26,42,60,92,111,35,35,140,140,154,164,264,120,120,120,153,68,68,85,114,114,131,131,131,131],"floor_reached":33,"playtime":2997,"items_purged":[],"score":283,"play_id":"fe48d27c-1ae6-44ba-a1e7-a1a93a744617","local_time":"20190204194549","is_ascension_mode":false,"campfire_choices":[{"data":"Strike_R","floor":6.0,"key":"SMITH"},{"data":"Bash","floor":8.0,"key":"SMITH"},{"floor":15.0,"key":"REST"},{"floor":23,"key":"REST"},{"floor":32,"key":"REST"}],"neow_cost":"NONE","seed_source_timestamp":148946649784791,"circlet_count":0,"master_deck":["Strike_R+1","Strike_R","Strike_R","Strike_R","Strike_R","Defend_R","Defend_R","Defend_R","Defend_R","Bash+1","Inflame","Inflame","Shrug It Off","Cleave","Second Wind","Carnage","Carnage","Anger","Thunderclap","Juggernaut","Dropkick","Perfected Strike","Twin Strike+1","Flex+1","Good Instincts","Infernal Blade+1","Anger","Seeing Red","Rampage","Carnage"],"special_seed":0,"relics":["White Beast Statue","Orichalcum","Pantograph","Blood Vial","Mark of Pain","Nunchaku","Mercury Hourglass","Gremlin Horn","Happy Flower","Vajra","War Paint"],"potions_floor_usage":[24,27,28,30],"damage_taken":[{"damage":7.0,"enemies":"Cultist","floor":1.0,"turns":5.0},{"damage":7.0,"enemies":"2 Louse","floor":2.0,"turns":4.0},{"damage":5.0,"enemies":"Jaw Worm","floor":10.0,"turns":2.0},{"damage":14.0,"enemies":"Gremlin Gang","floor":11.0,"turns":5.0},{"damage":20.0,"enemies":"Lagavulin","floor":12.0,"turns":5.0},{"damage":2.0,"enemies":"3 Louse","floor":13.0,"turns":3.0},{"damage":52.0,"enemies":"Hexaghost","floor":16.0,"turns":8.0},{"damage":14.0,"enemies":"Spheric Guardian","floor":18.0,"turns":4.0},{"damage":4.0,"enemies":"Chosen","floor":19.0,"turns":3.0},{"damage":14.0,"enemies":"Colosseum Slavers","floor":20.0,"turns":4.0},{"damage":26.0,"enemies":"Colosseum Nobs","floor":20.0,"turns":4.0},{"damage":15,"enemies":"Book of Stabbing","floor":24,"turns":4},{"damage":9,"enemies":"Snake Plant","floor":27,"turns":3},{"damage":17,"enemies":"Slavers","floor":28,"turns":3},{"damage":12,"enemies":"Shelled Parasite and Fungi","floor":30,"turns":3},{"damage":89,"enemies":"Automaton","floor":33,"turns":6}],"seed_played":"714777792538009565","potions_obtained":[{"floor":1.0,"key":"Dexterity Potion"},{"floor":2.0,"key":"SteroidPotion"},{"floor":10.0,"key":"SmokeBomb"},{"floor":11.0,"key":"Energy Potion"},{"floor":12.0,"key":"Weak Potion"},{"floor":13.0,"key":"Poison Potion"},{"floor":16.0,"key":"Fire Potion"},{"floor":18.0,"key":"FearPotion"},{"floor":19.0,"key":"FairyPotion"},{"floor":20.0,"key":"Block Potion"},{"floor":24,"key":"SpeedPotion"},{"floor":27,"key":"Regen Potion"},{"floor":28,"key":"Dexterity Potion"},{"floor":30,"key":"GamblersBrew"}],"is_trial":false,"path_per_floor":["M","M","?","?","$","R","$","R","T","M","M","E","M","$","R","B",null,"M","M","?","$","?","R","E","?","T","M","E","?","M","?","R","B"],"character_chosen":"IRONCLAD","items_purchased":["Shrug It Off","Orichalcum","Anger","Thunderclap","Flex","Good Instincts"],"campfire_rested":3,"item_purchase_floors":[5,5,14,14,21,21],"current_hp_per_floor":[73,66,55,80,80,80,80,80,80,75,61,41,41,41,65,28,80,66,64,28,28,54,78,65,65,65,58,52,52,42,42,66,0],"gold":131,"neow_bonus":"BOSS_RELIC","is_prod":false,"is_daily":false,"chose_seed":false,"campfire_upgraded":2,"win_rate":0.0,"timestamp":1549338349,"path_taken":["M","?","?","?","$","R","$","R","T","M","M","E","M","?","R","BOSS","M","?","?","$","?","R","E","?","T","M","E","?","?","?","R","BOSS"],"build_version":"2019-01-23","purchased_purges":0,"victory":false,"max_hp_per_floor":[80,80,80,80,80,80,80,80,80,80,80,80,80,80,80,80,80,80,80,80,80,80,80,80,80,80,80,80,80,80,80,80,80],"card_choices":[{"not_picked":["Body Slam","Feel No Pain"],"picked":"Inflame","floor":1.0},{"not_picked":["Fire Breathing","Rupture"],"picked":"Inflame","floor":2.0},{"not_picked":["Thunderclap","Shrug It Off"],"picked":"Cleave","floor":10.0},{"not_picked":["Sword Boomerang","Twin Strike"],"picked":"Second Wind","floor":11.0},{"not_picked":["Warcry","Corruption"],"picked":"Carnage","floor":12.0},{"not_picked":["Sword Boomerang","Iron Wave"],"picked":"Carnage","floor":13.0},{"not_picked":["Reaper","Dark Embrace"],"picked":"Juggernaut","floor":16.0},{"not_picked":["Warcry","Cleave"],"picked":"Dropkick","floor":18.0},{"not_picked":["Clothesline","Uppercut"],"picked":"Perfected Strike","floor":19.0},{"not_picked":["Iron Wave","Sword Boomerang"],"picked":"Twin Strike+1","floor":20.0},{"not_picked":["Feel No Pain+1","Searing Blow"],"picked":"Infernal Blade","floor":24},{"not_picked":["Uppercut","Sword Boomerang"],"picked":"Anger","floor":27},{"not_picked":["Power Through","Body Slam"],"picked":"Seeing Red","floor":28},{"not_picked":["Shockwave","Burning Pact"],"picked":"Rampage","floor":30}],"player_experience":4574,"relics_obtained":[{"floor":9.0,"key":"Pantograph"},{"floor":12.0,"key":"Blood Vial"},{"floor":20.0,"key":"Nunchaku"},{"floor":20.0,"key":"Mercury Hourglass"},{"floor":24,"key":"Gremlin Horn"},{"floor":26,"key":"Vajra"},{"floor":28,"key":"War Paint"}],"event_choices":[{"damage_healed":0.0,"max_hp_gain":0.0,"max_hp_loss":0.0,"gold_gain":75.0,"event_name":"World of Goop","player_choice":"Gather Gold","floor":3.0,"gold_loss":0.0,"damage_taken":11.0},{"damage_healed":26.0,"max_hp_gain":0.0,"max_hp_loss":0.0,"gold_gain":0.0,"event_name":"Big Fish","player_choice":"Banana","floor":4.0,"gold_loss":0.0,"damage_taken":0.0},{"damage_healed":0.0,"max_hp_gain":0.0,"max_hp_loss":0.0,"gold_gain":0.0,"event_name":"Colosseum","player_choice":"Fight","floor":20.0,"gold_loss":0.0,"damage_taken":0.0},{"damage_healed":0.0,"max_hp_gain":0.0,"max_hp_loss":0.0,"gold_gain":0.0,"event_name":"Colosseum","player_choice":"Fought Nobs","floor":20.0,"gold_loss":0.0,"damage_taken":0.0},{"damage_healed":26,"gold_gain":0,"player_choice":"Heal","damage_taken":0,"max_hp_gain":0,"max_hp_loss":0,"event_name":"The Library","floor":22,"gold_loss":0},{"damage_healed":0,"gold_gain":0,"player_choice":"Obtained Relic","damage_taken":0,"relics_obtained":["Happy Flower"],"max_hp_gain":0,"max_hp_loss":0,"event_name":"Addict","floor":25,"gold_loss":85},{"damage_healed":0,"gold_gain":0,"player_choice":"Ignored","damage_taken":0,"max_hp_gain":0,"max_hp_loss":0,"event_name":"Ghosts","floor":29,"gold_loss":0},{"damage_healed":0,"gold_gain":0,"player_choice":"Copied","damage_taken":0,"max_hp_gain":0,"max_hp_loss":0,"event_name":"Duplicator","floor":31,"gold_loss":0,"cards_obtained":["Carnage"]}],"is_beta":false,"boss_relics":[{"not_picked":["Busted Crown","Calling Bell"],"picked":"Mark of Pain"}],"items_purged_floors":[],"is_endless":false,"potions_floor_spawned":[1,2,10,11,12,13,16,18,19,20,20,24,27,28,30],"killed_by":"Automaton","ascension_level":0}