{"gold_per_floor":[115,40,40,40,40,52,52,68,68,68,88,99,156,166,166,166],"floor_reached":16,"playtime":632,"items_purged":[],"score":140,"play_id":"27ba4808-2d16-4293-b99f-6a828b505e8f","local_time":"20190226203824","is_ascension_mode":true,"campfire_choices":[{"data":"Thunderclap","floor":7,"key":"SMITH"},{"data":"Cleave","floor":10,"key":"SMITH"},{"floor":15,"key":"REST"}],"neow_cost":"NONE","seed_source_timestamp":0,"circlet_count":0,"master_deck":["Strike_R+1","Strike_R","Strike_R+1","Strike_R","Strike_R","Defend_R","Defend_R","Defend_R","Bash","Feed+1","Infernal Blade","Thunderclap+1","Cleave+1","Shrug It Off","Battle Trance","Sword Boomerang"],"special_seed":0,"relics":["Burning Blood","Whetstone","Pantograph","Centennial Puzzle"],"potions_floor_usage":[16],"damage_taken":[{"damage":1,"enemies":"2 Louse","floor":1,"turns":2},{"damage":1,"enemies":"Cultist","floor":6,"turns":3},{"damage":0,"enemies":"Small Slimes","floor":8,"turns":3},{"damage":9,"enemies":"Blue Slaver","floor":11,"turns":2},{"damage":0,"enemies":"2 Fungi Beasts","floor":12,"turns":2},{"damage":49,"enemies":"Lagavulin Event","floor":13,"turns":6},{"damage":0,"enemies":"Looter","floor":14,"turns":2},{"damage":96,"enemies":"Hexaghost","floor":16,"turns":12}],"seed_played":"-1240448403194658804","potions_obtained":[{"floor":1,"key":"SkillPotion"},{"floor":11,"key":"Ancient Potion"},{"floor":13,"key":"Ancient Potion"}],"is_trial":false,"path_per_floor":["M","$","?","$","?","M","R","M","T","R","M","M","?","M","R","B"],"character_chosen":"IRONCLAD","items_purchased":["Feed"],"campfire_rested":1,"item_purchase_floors":[2],"current_hp_per_floor":[80,80,80,80,80,84,84,88,88,88,89,92,53,59,87,0],"gold":166,"neow_bonus":"RANDOM_COMMON_RELIC","is_prod":false,"is_daily":false,"chose_seed":false,"campfire_upgraded":2,"win_rate":0,"timestamp":1551242304,"path_taken":["M","$","?","$","?","M","R","M","T","R","M","?","?","M","R","BOSS"],"build_version":"2019-01-23","purchased_purges":0,"victory":false,"max_hp_per_floor":[80,80,80,80,80,84,84,88,88,88,92,92,96,96,96,96],"card_choices":[{"not_picked":["Hemokinesis","Wild Strike","Warcry"],"picked":"SKIP","floor":1},{"not_picked":["Rampage","Body Slam"],"picked":"Thunderclap","floor":6},{"not_picked":["Rage","True Grit"],"picked":"Cleave","floor":8},{"not_picked":["Havoc","Twin Strike"],"picked":"Shrug It Off","floor":11},{"not_picked":["Hemokinesis","Twin Strike","Warcry"],"picked":"SKIP","floor":12},{"not_picked":["Searing Blow","Warcry"],"picked":"Battle Trance","floor":13},{"not_picked":["Pummel","Cleave"],"picked":"Sword Boomerang","floor":14}],"player_experience":225827,"relics_obtained":[{"floor":9,"key":"Pantograph"},{"floor":13,"key":"Centennial Puzzle"}],"event_choices":[{"damage_healed":0,"gold_gain":0,"player_choice":"Grow","damage_taken":0,"max_hp_gain":0,"max_hp_loss":0,"event_name":"Living Wall","floor":3,"gold_loss":0,"cards_upgraded":["Feed"]},{"damage_healed":0,"gold_gain":0,"cards_transformed":["Defend_R"],"player_choice":"Transformed","damage_taken":0,"max_hp_gain":0,"max_hp_loss":0,"event_name":"Transmorgrifier","floor":5,"gold_loss":0,"cards_obtained":["Infernal Blade"]},{"damage_healed":0,"gold_gain":30,"player_choice":"Searched \u00272\u0027 times","damage_taken":0,"max_hp_gain":0,"max_hp_loss":0,"event_name":"Dead Adventurer","floor":13,"gold_loss":0}],"is_beta":false,"boss_relics":[],"items_purged_floors":[],"is_endless":false,"potions_floor_spawned":[1,11,13,14],"killed_by":"Hexaghost","ascension_level":5}