{"gold_per_floor":[111,36,36,36,57,88,88,127,150,170,186,186,186,211,211,336,336,359,359,359,374,387,422,422,451,451,469,469,569,569,169,169,270,270,286,161,176,176,194,194,220,238,317,417,417,429,429,125,125,125],"floor_reached":51,"playtime":4910,"items_purged":["Strike_R","Defend_R","Corruption+1","Writhe"],"score":907,"play_id":"09906b48-f0d4-4170-a959-4ce6c47b319b","local_time":"20190303234805","is_ascension_mode":true,"campfire_choices":[{"floor":7,"key":"REST"},{"floor":12,"key":"REST"},{"floor":15,"key":"REST"},{"floor":24,"key":"REST"},{"data":"Limit Break","floor":28,"key":"SMITH"},{"data":"Flex","floor":30,"key":"SMITH"},{"data":"Rage","floor":32,"key":"SMITH"},{"floor":40,"key":"REST"},{"data":"Battle Trance","floor":45,"key":"SMITH"},{"data":"Sword Boomerang","floor":47,"key":"SMITH"},{"data":"Sword Boomerang","floor":49,"key":"SMITH"}],"neow_cost":"NONE","seed_source_timestamp":93493584504700,"circlet_count":0,"master_deck":["Defend_R","Defend_R","Bash","Flex+1","Sword Boomerang+1","Pummel","Rage+1","Limit Break+1","Sword Boomerang+1","Battle Trance+1","Searing Blow+1","Reckless Charge+1","Flame Barrier+1","Flex+1"],"relics":["Burning Blood","Bloody Idol","WarpedTongs","Vajra","PreservedInsect","Bag of Marbles","Empty Cage","Dodecahedron","Red Skull","Oddly Smooth Stone","Ginger","Paper Frog","Pantograph","Astrolabe","Dead Branch","Gremlin Horn","Gambling Chip","Pen Nib"],"potions_floor_usage":[16,16,21,23,33,42,50,50],"damage_taken":[{"damage":0,"enemies":"2 Louse","floor":1,"turns":3},{"damage":16,"enemies":"Jaw Worm","floor":5,"turns":3},{"damage":60,"enemies":"3 Sentries","floor":6,"turns":9},{"damage":28,"enemies":"Lagavulin","floor":8,"turns":5},{"damage":0,"enemies":"Cultist","floor":10,"turns":1},{"damage":8,"enemies":"3 Louse","floor":11,"turns":2},{"damage":24,"enemies":"Exordium Wildlife","floor":14,"turns":4},{"damage":16,"enemies":"Hexaghost","floor":16,"turns":5},{"damage":15,"enemies":"3 Byrds","floor":18,"turns":7},{"damage":28,"enemies":"Chosen","floor":21,"turns":5},{"damage":37,"enemies":"Shelled Parasite and Fungi","floor":22,"turns":4},{"damage":24,"enemies":"Book of Stabbing","floor":23,"turns":3},{"damage":0,"enemies":"Gremlin Leader","floor":25,"turns":3},{"damage":12,"enemies":"Cultist and Chosen","floor":27,"turns":4},{"damage":19,"enemies":"Colosseum Slavers","floor":29,"turns":3},{"damage":0,"enemies":"Colosseum Nobs","floor":29,"turns":2},{"damage":21,"enemies":"Automaton","floor":33,"turns":6},{"damage":65,"enemies":"3 Darklings","floor":35,"turns":5},{"damage":15,"enemies":"3 Shapes","floor":37,"turns":2},{"damage":16,"enemies":"Writhing Mass","floor":39,"turns":3},{"damage":34,"enemies":"Giant Head","floor":41,"turns":6},{"damage":18,"enemies":"4 Shapes","floor":42,"turns":2},{"damage":0,"enemies":"Mind Bloom Boss Battle","floor":44,"turns":3},{"damage":4,"enemies":"Sphere and 2 Shapes","floor":46,"turns":1},{"damage":60,"enemies":"Time Eater","floor":50,"turns":5}],"seed_played":"-3518363630047153086","potions_obtained":[{"floor":5,"key":"SneckoOil"},{"floor":6,"key":"PowerPotion"},{"floor":11,"key":"Ancient Potion"},{"floor":16,"key":"AttackPotion"},{"floor":21,"key":"Explosive Potion"},{"floor":23,"key":"Block Potion"},{"floor":29,"key":"FairyPotion"},{"floor":33,"key":"LiquidBronze"},{"floor":44,"key":"Block Potion"}],"is_trial":false,"path_per_floor":["M","$","?","?","M","E","R","E","T","M","M","R","?","M","R","B",null,"M","?","?","M","M","E","R","E","T","M","R","?","R","$","R","B",null,"M","$","M","?","M","R","E","M","T","?","R","M","R","$","R","B",null],"character_chosen":"IRONCLAD","items_purchased":["Strength Potion","Pantograph","Pen Nib"],"campfire_rested":5,"item_purchase_floors":[31,31,48],"current_hp_per_floor":[78,78,74,74,64,10,32,10,10,16,14,36,36,18,40,30,63,54,54,74,57,31,18,40,51,51,50,50,48,48,48,48,63,71,17,17,13,32,27,49,26,19,24,60,60,67,67,67,67,20],"gold":125,"neow_bonus":"REMOVE_CARD","is_prod":false,"is_daily":false,"chose_seed":false,"campfire_upgraded":6,"win_rate":0,"timestamp":1551685685,"path_taken":["M","$","?","?","M","E","R","E","T","M","?","R","?","M","R","BOSS","M","?","?","?","M","E","R","E","T","M","R","?","R","$","R","BOSS","M","$","M","?","M","R","E","M","T","?","R","M","R","?","R","BOSS"],"build_version":"2019-01-23","purchased_purges":4,"victory":true,"max_hp_per_floor":[80,80,74,74,74,74,74,74,74,74,74,74,74,74,74,74,74,74,74,74,74,74,74,74,74,74,74,74,74,74,74,74,74,74,74,74,74,74,74,74,74,74,74,74,74,74,74,74,74,74],"card_choices":[{"not_picked":["Perfected Strike","Headbutt"],"picked":"Rampage","floor":1},{"not_picked":["Shockwave","Intimidate"],"picked":"Flex","floor":5},{"not_picked":["Iron Wave","Power Through"],"picked":"Sword Boomerang","floor":6},{"not_picked":["Bloodletting","Thunderclap"],"picked":"Pummel","floor":8},{"not_picked":["Shrug It Off","Evolve"],"picked":"Rage","floor":10},{"not_picked":["Cleave","Body Slam","True Grit"],"picked":"SKIP","floor":11},{"not_picked":["Hemokinesis","Shrug It Off","Body Slam"],"picked":"SKIP","floor":14},{"not_picked":["Brutality","Exhume"],"picked":"Limit Break","floor":16},{"not_picked":["Clash","Warcry+1","Headbutt"],"picked":"SKIP","floor":18},{"not_picked":["Shrug It Off","Thunderclap"],"picked":"Sword Boomerang","floor":21},{"not_picked":["Heavy Blade+1","True Grit"],"picked":"Battle Trance","floor":22},{"not_picked":["Twin Strike","Shockwave","Metallicize"],"picked":"SKIP","floor":23},{"not_picked":["Iron Wave","Flame Barrier","Reckless Charge"],"picked":"SKIP","floor":25},{"not_picked":["Twin Strike","Sentinel","Reaper"],"picked":"SKIP","floor":27},{"not_picked":["Body Slam","True Grit","Entrench"],"picked":"SKIP","floor":35},{"not_picked":["Dual Wield","Rampage+1","Perfected Strike+1"],"picked":"SKIP","floor":37},{"not_picked":["Combust","Spot Weakness+1","Havoc"],"picked":"SKIP","floor":39},{"not_picked":["Immolate","Carnage+1","Searing Blow"],"picked":"SKIP","floor":41},{"not_picked":["Entrench+1","True Grit"],"picked":"Flame Barrier+1","floor":42},{"not_picked":["Iron Wave+1","Rage"],"picked":"Flex+1","floor":44},{"not_picked":["Battle Trance+1","Blood for Blood","Anger+1"],"picked":"SKIP","floor":46}],"player_experience":254323,"relics_obtained":[{"floor":6,"key":"Vajra"},{"floor":8,"key":"PreservedInsect"},{"floor":9,"key":"Bag of Marbles"},{"floor":23,"key":"Dodecahedron"},{"floor":25,"key":"Red Skull"},{"floor":26,"key":"Oddly Smooth Stone"},{"floor":29,"key":"Ginger"},{"floor":29,"key":"Paper Frog"},{"floor":41,"key":"Dead Branch"},{"floor":43,"key":"Gremlin Horn"},{"floor":44,"key":"Gambling Chip"}],"event_choices":[{"damage_healed":0,"gold_gain":0,"player_choice":"Lose Max HP","damage_taken":0,"relics_obtained":["Golden Idol"],"max_hp_gain":0,"max_hp_loss":6,"event_name":"Golden Idol","floor":3,"gold_loss":0},{"damage_healed":0,"gold_gain":0,"player_choice":"Rummage","damage_taken":0,"relics_obtained":["WarpedTongs"],"max_hp_gain":0,"max_hp_loss":0,"event_name":"Accursed Blacksmith","floor":4,"gold_loss":0,"cards_obtained":["Pain"]},{"damage_healed":0,"gold_gain":0,"player_choice":"Ignored","damage_taken":0,"max_hp_gain":0,"max_hp_loss":0,"event_name":"Liars Game","floor":13,"gold_loss":0},{"damage_healed":0,"gold_gain":0,"player_choice":"Gave Idol","damage_taken":0,"relics_obtained":["Bloody Idol"],"max_hp_gain":0,"max_hp_loss":0,"event_name":"Forgotten Altar","floor":19,"relics_lost":["Golden Idol"],"gold_loss":0},{"cards_removed":["Rampage"],"damage_healed":20,"gold_gain":0,"player_choice":"Offered Uncommon","damage_taken":0,"max_hp_gain":0,"max_hp_loss":0,"event_name":"Bonfire Elementals","floor":20,"gold_loss":0},{"damage_healed":0,"gold_gain":0,"player_choice":"Fight","damage_taken":0,"max_hp_gain":0,"max_hp_loss":0,"event_name":"Colosseum","floor":29,"gold_loss":0},{"damage_healed":0,"gold_gain":0,"player_choice":"Fought Nobs","damage_taken":0,"max_hp_gain":0,"max_hp_loss":0,"event_name":"Colosseum","floor":29,"gold_loss":0},{"damage_healed":19,"gold_gain":0,"player_choice":"Writhe","damage_taken":0,"max_hp_gain":0,"max_hp_loss":0,"event_name":"Winding Halls","floor":38,"gold_loss":0,"cards_obtained":["Writhe"]},{"damage_healed":0,"gold_gain":0,"player_choice":"Fight","damage_taken":0,"max_hp_gain":0,"max_hp_loss":0,"event_name":"MindBloom","floor":44,"gold_loss":0}],"is_beta":false,"boss_relics":[{"not_picked":["Pandora\u0027s Box","Fusion Hammer"],"picked":"Empty Cage"},{"not_picked":["Orrery","Runic Dome"],"picked":"Astrolabe"}],"items_purged_floors":[2,31,36,48],"is_endless":false,"potions_floor_spawned":[5,6,11,16,21,23,29,33,35,41,44,46],"ascension_level":6}