{"gold_per_floor":[118,118,133,13,29,29,46,57,111,111,111,142,142,142,142,142],"floor_reached":16,"playtime":911,"items_purged":["Strike_R"],"score":100,"play_id":"668f31a2-8966-4fa8-a632-e0ae7ab47b8a","local_time":"20190206021021","is_ascension_mode":false,"campfire_choices":[{"data":"Rampage","floor":6,"key":"SMITH"},{"floor":11,"key":"REST"},{"data":"Dropkick","floor":13,"key":"SMITH"},{"data":"Bash","floor":15,"key":"SMITH"}],"neow_cost":"NONE","seed_source_timestamp":261982400284719,"circlet_count":0,"master_deck":["Strike_R","Strike_R","Strike_R+1","Defend_R","Defend_R","Defend_R","Defend_R","Bash+1","Dark Embrace","Twin Strike+1","Dropkick+1","Warcry+1","Rampage+1","Strike_G"],"relics":["Burning Blood","Bag of Marbles","Frozen Egg 2"],"potions_floor_usage":[7,12],"damage_taken":[{"damage":13,"enemies":"Jaw Worm","floor":1,"turns":6},{"damage":1,"enemies":"Cultist","floor":3,"turns":3},{"damage":14,"enemies":"2 Louse","floor":5,"turns":3},{"damage":8,"enemies":"Lots of Slimes","floor":7,"turns":4},{"damage":16,"enemies":"Blue Slaver","floor":8,"turns":5},{"damage":21,"enemies":"Lagavulin","floor":12,"turns":4},{"damage":54,"enemies":"The Guardian","floor":16,"turns":7}],"seed_played":"410207237143005688","potions_obtained":[{"floor":1,"key":"Poison Potion"},{"floor":8,"key":"Energy Potion"}],"is_trial":false,"path_per_floor":["M","?","M","$","M","R","M","M","T","?","R","E","R","?","R","B"],"character_chosen":"IRONCLAD","items_purchased":["Warcry"],"campfire_rested":1,"item_purchase_floors":[4],"current_hp_per_floor":[73,73,78,78,70,70,68,58,58,42,66,51,51,51,51,0],"gold":142,"neow_bonus":"ONE_RANDOM_RARE_CARD","is_prod":false,"is_daily":false,"chose_seed":false,"campfire_upgraded":3,"win_rate":0.0,"timestamp":1549447821,"path_taken":["M","?","?","$","M","R","?","M","T","?","R","E","R","?","R","BOSS"],"build_version":"2019-01-23","purchased_purges":1,"victory":false,"max_hp_per_floor":[80,80,80,80,80,80,80,80,80,80,80,80,80,80,80,80],"card_choices":[{"not_picked":["Uppercut","Heavy Blade"],"picked":"Twin Strike","floor":1},{"not_picked":["Rage","Flame Barrier"],"picked":"Dropkick","floor":3},{"not_picked":["Twin Strike","Perfected Strike"],"picked":"Rampage","floor":5},{"not_picked":["Corruption","Headbutt","Perfected Strike"],"picked":"SKIP","floor":7},{"not_picked":["Headbutt","Perfected Strike","Clothesline"],"picked":"SKIP","floor":8},{"not_picked":["Sword Boomerang","Sever Soul","Anger"],"picked":"SKIP","floor":12}],"player_experience":38104,"relics_obtained":[{"floor":9,"key":"Bag of Marbles"},{"floor":12,"key":"Frozen Egg 2"}],"event_choices":[{"damage_healed":0,"gold_gain":0,"player_choice":"Forge","damage_taken":0,"max_hp_gain":0,"max_hp_loss":0,"event_name":"Accursed Blacksmith","floor":2,"gold_loss":0,"cards_upgraded":["Twin Strike"]},{"damage_healed":0,"gold_gain":0,"player_choice":"Entered Light","damage_taken":16,"max_hp_gain":0,"max_hp_loss":0,"event_name":"Shining Light","floor":10,"gold_loss":0,"cards_upgraded":["Warcry","Strike_R"]},{"cards_removed":["Strike_R"],"damage_healed":0,"gold_gain":0,"player_choice":"Took Card","damage_taken":0,"max_hp_gain":0,"max_hp_loss":0,"event_name":"NoteForYourself","floor":14,"gold_loss":0,"cards_obtained":["Strike_G"]}],"is_beta":false,"boss_relics":[],"items_purged_floors":[4],"is_endless":false,"potions_floor_spawned":[1,8],"killed_by":"The Guardian","ascension_level":0}