{"gold_per_floor":[116,126,136,156,106,106,132,152,220,230,248,248,248,263,263,365,365,376,392,392,392],"floor_reached":21,"playtime":3432,"items_purged":[],"score":278,"play_id":"f008bd4f-d373-4080-b10f-71788dd80966","local_time":"20190131012713","is_ascension_mode":true,"campfire_choices":[{"data":"Whirlwind","floor":6,"key":"SMITH"},{"data":"Bash","floor":12,"key":"SMITH"},{"floor":15,"key":"REST"}],"neow_cost":"NONE","seed_source_timestamp":1559088110510116,"circlet_count":0,"master_deck":["AscendersBane","Strike_R","Strike_R","Strike_R","Strike_R","Strike_R","Defend_R+1","Defend_R","Defend_R+1","Defend_R","Bash+1","Warcry","Whirlwind+1","Inflame","Disarm","Shrug It Off","Shrug It Off","Heavy Blade","Body Slam","Limit Break","Headbutt","Sword Boomerang+1"],"relics":["Burning Blood","War Paint","Bag of Preparation","Dodecahedron","Mark of Pain"],"potions_floor_usage":[16],"damage_taken":[{"damage":1,"enemies":"Small Slimes","floor":1,"turns":4},{"damage":7,"enemies":"Jaw Worm","floor":2,"turns":4},{"damage":2,"enemies":"2 Louse","floor":3,"turns":2},{"damage":5,"enemies":"Blue Slaver","floor":4,"turns":5},{"damage":15,"enemies":"Gremlin Nob","floor":7,"turns":5},{"damage":9,"enemies":"2 Fungi Beasts","floor":8,"turns":4},{"damage":13,"enemies":"3 Louse","floor":10,"turns":3},{"damage":2,"enemies":"Looter","floor":11,"turns":4},{"damage":0,"enemies":"Large Slime","floor":14,"turns":6},{"damage":63,"enemies":"Hexaghost","floor":16,"turns":13},{"damage":13,"enemies":"Chosen","floor":18,"turns":5},{"damage":37,"enemies":"2 Thieves","floor":19,"turns":4},{"damage":45,"enemies":"Shelled Parasite and Fungi","floor":21,"turns":4}],"seed_played":"6606565565590606666","potions_obtained":[{"floor":4,"key":"FearPotion"},{"floor":8,"key":"LiquidBronze"},{"floor":14,"key":"SkillPotion"}],"is_trial":false,"path_per_floor":["M","M","M","M","$","R","E","M","T","M","M","R","?","M","R","B",null,"M","M","?","M"],"character_chosen":"IRONCLAD","items_purchased":["Shrug It Off"],"campfire_rested":1,"item_purchase_floors":[5],"current_hp_per_floor":[77,76,80,80,80,80,71,68,68,61,65,65,70,76,85,28,71,64,33,33,0],"gold":392,"neow_bonus":"RANDOM_COMMON_RELIC","is_prod":false,"is_daily":false,"chose_seed":false,"campfire_upgraded":2,"win_rate":0,"timestamp":1548898033,"path_taken":["M","M","M","M","$","R","E","M","T","M","M","R","?","M","R","BOSS","M","M","?","M"],"build_version":"2019-01-23","purchased_purges":0,"victory":false,"max_hp_per_floor":[80,80,80,80,80,80,80,80,80,80,80,80,85,85,85,85,85,85,85,85,85],"card_choices":[{"not_picked":["Wild Strike","Clash"],"picked":"Warcry","floor":1},{"not_picked":["Dual Wield","True Grit"],"picked":"Whirlwind","floor":2},{"not_picked":["Warcry","Body Slam"],"picked":"Inflame","floor":3},{"not_picked":["Clothesline","Burning Pact"],"picked":"Disarm","floor":4},{"not_picked":["Corruption","Clash","Hemokinesis"],"picked":"SKIP","floor":7},{"not_picked":["Corruption","Hemokinesis","Carnage"],"picked":"SKIP","floor":8},{"not_picked":["Searing Blow","Warcry"],"picked":"Shrug It Off","floor":10},{"not_picked":["Rage","Whirlwind"],"picked":"Heavy Blade","floor":11},{"not_picked":["Burning Pact","Cleave"],"picked":"Body Slam","floor":14},{"not_picked":["Fiend Fire","Brutality"],"picked":"Limit Break","floor":16},{"not_picked":["Sentinel","Body Slam"],"picked":"Headbutt","floor":18},{"not_picked":["Rampage","Second Wind+1"],"picked":"Sword Boomerang+1","floor":19}],"player_experience":1100654,"relics_obtained":[{"floor":7,"key":"Bag of Preparation"},{"floor":9,"key":"Dodecahedron"}],"event_choices":[{"damage_healed":0,"gold_gain":0,"player_choice":"Donut","damage_taken":0,"max_hp_gain":5,"max_hp_loss":0,"event_name":"Big Fish","floor":13,"gold_loss":0},{"damage_healed":0,"gold_gain":0,"player_choice":"Ignored","damage_taken":0,"max_hp_gain":0,"max_hp_loss":0,"event_name":"Ghosts","floor":20,"gold_loss":0}],"is_beta":false,"boss_relics":[{"not_picked":["Philosopher\u0027s Stone","Orrery"],"picked":"Mark of Pain"}],"items_purged_floors":[],"is_endless":false,"potions_floor_spawned":[4,8,14],"killed_by":"Shelled Parasite and Fungi","ascension_level":10}