{"gold_per_floor":[112,128,141,141,160,185,199,214,239,256,256,84,147,162,162,262,262,275,275,285,305,305,339,339,539,539,556,556],"floor_reached":28,"playtime":5783,"items_purged":[],"score":269,"play_id":"14cc9b05-2ee8-44cd-b7c8-9d47b11ffd62","local_time":"20190717013007","is_ascension_mode":false,"campfire_choices":[{"floor":11.0,"key":"REST"},{"floor":15.0,"key":"RECALL"},{"floor":24,"key":"REST"}],"neow_cost":"NONE","seed_source_timestamp":0,"circlet_count":0,"master_deck":["Strike_G","Strike_G","Strike_G","Strike_G","Strike_G","Defend_G+1","Defend_G","Defend_G","Defend_G","Defend_G+1","Survivor","Neutralize","Terror","Underhanded Strike","Footwork","Endless Agony","Flechettes","Envenom","Deflect","PiercingWail","Prepared","Flechettes","Envenom","Infinite Blades","RitualDagger","Prepared","Bane","Decay","Noxious Fumes","Deadly Poison+1"],"special_seed":0,"relics":["Ring of the Snake","Pen Nib","Vajra","War Paint","Fusion Hammer","Mango"],"potions_floor_usage":[21,21],"damage_taken":[{"damage":0.0,"enemies":"Cultist","floor":1.0,"turns":5.0},{"damage":2.0,"enemies":"Small Slimes","floor":2.0,"turns":5.0},{"damage":0.0,"enemies":"Jaw Worm","floor":3.0,"turns":3.0},{"damage":0.0,"enemies":"3 Louse","floor":5.0,"turns":4.0},{"damage":21.0,"enemies":"Lagavulin","floor":6.0,"turns":7.0},{"damage":10.0,"enemies":"Blue Slaver","floor":7.0,"turns":4.0},{"damage":2.0,"enemies":"Looter","floor":8.0,"turns":3.0},{"damage":0.0,"enemies":"Gremlin Gang","floor":10.0,"turns":4.0},{"damage":0.0,"enemies":"2 Fungi Beasts","floor":14.0,"turns":3.0},{"damage":35.0,"enemies":"Hexaghost","floor":16.0,"turns":12.0},{"damage":6.0,"enemies":"Chosen","floor":18.0,"turns":6.0},{"damage":4,"enemies":"Shell Parasite","floor":20,"turns":6},{"damage":9,"enemies":"Centurion and Healer","floor":21,"turns":7},{"damage":50,"enemies":"Slavers","floor":23,"turns":9},{"damage":35,"enemies":"3 Cultists","floor":27,"turns":6},{"damage":16,"enemies":"Cultist and Chosen","floor":28,"turns":4}],"seed_played":"5693552148434789928","potions_obtained":[{"floor":3.0,"key":"Ancient Potion"},{"floor":5.0,"key":"Fire Potion"},{"floor":6.0,"key":"Dexterity Potion"},{"floor":7.0,"key":"LiquidBronze"},{"floor":16.0,"key":"AttackPotion"},{"floor":18,"key":"EssenceOfSteel"},{"floor":27,"key":"Energy Potion"}],"is_trial":false,"path_per_floor":["M","M","M","?","M","E","M","M","T","M","R","$","?","M","R","B",null,"M","?","M","M","?","E","R","?","T","M","M"],"character_chosen":"THE_SILENT","items_purchased":["War Paint","Prepared"],"campfire_rested":2,"item_purchase_floors":[12,12],"current_hp_per_floor":[77,75,75,77,77,56,46,44,44,44,67,67,67,67,67,32,77,71,65,61,52,52,16,43,43,43,8,0],"gold":556,"neow_bonus":"TEN_PERCENT_HP_BONUS","is_prod":false,"is_daily":false,"chose_seed":false,"campfire_upgraded":0,"win_rate":0,"timestamp":1563341407,"path_taken":["M","M","?","?","M","E","?","M","T","M","R","$","?","M","R","BOSS","M","?","M","M","?","E","R","?","T","M","M"],"build_version":"2019-07-05","purchased_purges":0,"victory":false,"max_hp_per_floor":[77,77,77,77,77,77,77,77,77,77,77,77,77,77,77,77,77,77,77,77,77,77,91,91,91,91,91,91],"card_choices":[{"not_picked":["Prepared","Distraction"],"picked":"Terror","floor":1.0},{"not_picked":["Calculated Gamble","Acrobatics"],"picked":"Underhanded Strike","floor":2.0},{"not_picked":["Poisoned Stab","Sucker Punch"],"picked":"Footwork","floor":3.0},{"not_picked":["Dagger Throw","Backflip"],"picked":"Endless Agony","floor":5.0},{"not_picked":["Choke","Masterful Stab"],"picked":"Flechettes","floor":6.0},{"not_picked":["Poisoned Stab","Flechettes"],"picked":"Envenom","floor":7.0},{"not_picked":["Terror","Sucker Punch"],"picked":"Deflect","floor":8.0},{"not_picked":["Masterful Stab","Reflex"],"picked":"PiercingWail","floor":10.0},{"not_picked":["Outmaneuver","Reflex"],"picked":"Flechettes","floor":14.0},{"not_picked":["Bullet Time","Adrenaline"],"picked":"Envenom","floor":16.0},{"not_picked":["Dagger Throw","Reflex"],"picked":"Infinite Blades","floor":18},{"not_picked":["Masterful Stab","Slice"],"picked":"Prepared","floor":20},{"not_picked":["Underhanded Strike+1","Deflect+1"],"picked":"Bane","floor":21},{"not_picked":["Prepared","Poisoned Stab"],"picked":"Noxious Fumes","floor":23},{"not_picked":["Bane","Underhanded Strike"],"picked":"Deadly Poison+1","floor":27}],"player_experience":60910,"relics_obtained":[{"floor":6.0,"key":"Pen Nib"},{"floor":9.0,"key":"Vajra"},{"floor":23,"key":"Mango"}],"event_choices":[{"damage_healed":2.0,"max_hp_gain":0.0,"max_hp_loss":0.0,"gold_gain":0.0,"event_name":"Wheel of Change","player_choice":"Full Heal","floor":4.0,"gold_loss":0.0,"damage_taken":0.0},{"damage_healed":0.0,"max_hp_gain":0.0,"max_hp_loss":0.0,"gold_gain":63.0,"event_name":"Golden Wing","player_choice":"Gained Gold","floor":13.0,"gold_loss":0.0,"damage_taken":0.0},{"damage_healed":0,"gold_gain":0,"player_choice":"Joined the Cult","damage_taken":6,"max_hp_gain":0,"max_hp_loss":0,"event_name":"Nest","floor":19,"gold_loss":0,"cards_obtained":["RitualDagger"]},{"damage_healed":0,"gold_gain":0,"player_choice":"Smashed Altar","damage_taken":0,"max_hp_gain":0,"max_hp_loss":0,"event_name":"Forgotten Altar","floor":22,"gold_loss":0,"cards_obtained":["Decay"]},{"damage_healed":0,"gold_gain":250,"player_choice":"Bet on Owner","damage_taken":0,"max_hp_gain":0,"max_hp_loss":0,"event_name":"The Joust","floor":25,"gold_loss":50}],"is_beta":false,"boss_relics":[{"not_picked":["Black Star","Empty Cage"],"picked":"Fusion Hammer"}],"items_purged_floors":[],"is_endless":false,"potions_floor_spawned":[3,5,6,7,16,18,27],"killed_by":"Cultist and Chosen","ascension_level":0}