{"gold_per_floor":[114,130,148,223,223,258,278,278,302,314,47,59,70,84,84,183,183,194,205,218,218,235,261,261,261,286,286,304,323,250,267,267,366,366,378,389,405,424,436,436,448,458,458,0,10,61,61,74,74,74],"floor_reached":51,"playtime":4868,"items_purged":["Pain"],"score":681,"play_id":"20043829-ddc8-481b-8c2c-876aecc75374","local_time":"20190721144429","is_ascension_mode":false,"campfire_choices":[{"floor":8,"key":"REST"},{"data":"Shockwave","floor":10,"key":"SMITH"},{"floor":15,"key":"REST"},{"floor":27,"key":"REST"},{"floor":32,"key":"REST"},{"floor":40,"key":"REST"},{"floor":47,"key":"REST"},{"floor":49,"key":"REST"}],"neow_cost":"NONE","seed_source_timestamp":199131374092411,"circlet_count":0,"master_deck":["Strike_R","Strike_R","Strike_R","Strike_R","Strike_R","Defend_R","Defend_R","Defend_R","Defend_R","Bash","Clothesline","Impervious","Pommel Strike","Shockwave+1","Dual Wield","Armaments","Pommel Strike","True Grit","Whirlwind","Uppercut","Ghostly Armor","Perfected Strike","Feed","Infernal Blade","Infernal Blade","Shrug It Off+1","Seeing Red","Bludgeon","Shockwave+1","Armaments+1","Spot Weakness+1","Reaper"],"relics":["Burning Blood","WarpedTongs","Red Skull","MawBank","Velvet Choker","Enchiridion","Pen Nib","Bronze Scales","Anchor","Mark of Pain","Meat on the Bone","Red Mask","Regal Pillow"],"potions_floor_usage":[33,42,50,50],"damage_taken":[{"damage":7,"enemies":"2 Louse","floor":1,"turns":3},{"damage":12,"enemies":"Small Slimes","floor":2,"turns":4},{"damage":0,"enemies":"Cultist","floor":3,"turns":3},{"damage":32,"enemies":"Lagavulin","floor":6,"turns":8},{"damage":34,"enemies":"Large Slime","floor":7,"turns":6},{"damage":22,"enemies":"Exordium Thugs","floor":12,"turns":3},{"damage":0,"enemies":"Exordium Wildlife","floor":13,"turns":3},{"damage":0,"enemies":"Gremlin Gang","floor":14,"turns":2},{"damage":38,"enemies":"The Guardian","floor":16,"turns":12},{"damage":21,"enemies":"Spheric Guardian","floor":18,"turns":7},{"damage":4,"enemies":"3 Byrds","floor":19,"turns":4},{"damage":11,"enemies":"Snecko","floor":20,"turns":3},{"damage":9,"enemies":"Snake Plant","floor":22,"turns":6},{"damage":36,"enemies":"Gremlin Leader","floor":23,"turns":6},{"damage":13,"enemies":"Chosen and Byrds","floor":28,"turns":5},{"damage":0,"enemies":"3 Cultists","floor":29,"turns":4},{"damage":0,"enemies":"Cultist and Chosen","floor":31,"turns":3},{"damage":77,"enemies":"Collector","floor":33,"turns":10},{"damage":18,"enemies":"3 Darklings","floor":35,"turns":5},{"damage":34,"enemies":"3 Shapes","floor":36,"turns":3},{"damage":8,"enemies":"Spire Growth","floor":37,"turns":4},{"damage":18,"enemies":"3 Darklings","floor":38,"turns":3},{"damage":19,"enemies":"Transient","floor":39,"turns":5},{"damage":9,"enemies":"Spire Growth","floor":41,"turns":4},{"damage":19,"enemies":"3 Darklings","floor":42,"turns":5},{"damage":29,"enemies":"4 Shapes","floor":45,"turns":4},{"damage":18,"enemies":"Maw","floor":48,"turns":6},{"damage":90,"enemies":"Donu and Deca","floor":50,"turns":8}],"seed_played":"6874593242356258970","potions_obtained":[{"floor":1,"key":"Explosive Potion"},{"floor":6,"key":"FearPotion"},{"floor":12,"key":"LiquidBronze"},{"floor":20,"key":"Regen Potion"},{"floor":33,"key":"SteroidPotion"},{"floor":48,"key":"Explosive Potion"}],"is_trial":false,"path_per_floor":["M","M","M","?","?","E","M","R","T","R","$","M","M","M","R","B",null,"M","M","M","?","M","E","?","?","T","R","M","M","$","M","R","B",null,"M","M","M","M","M","R","M","M","T","?","M","T","R","M","R","B",null],"character_chosen":"IRONCLAD","items_purchased":["Armaments","Pommel Strike","True Grit","Whirlwind","Seeing Red"],"campfire_rested":7,"item_purchase_floors":[11,11,11,11,30],"current_hp_per_floor":[87,81,87,76,76,50,22,48,48,48,48,32,38,44,70,38,88,73,75,70,54,54,24,6,6,6,34,27,33,33,43,73,14,100,88,60,58,46,33,63,64,51,51,51,43,43,90,82,107,41],"gold":74,"neow_bonus":"TEN_PERCENT_HP_BONUS","is_prod":false,"is_daily":false,"chose_seed":false,"campfire_upgraded":1,"win_rate":0.0,"timestamp":1563741869,"path_taken":["M","M","M","?","?","E","M","R","T","R","$","M","?","M","R","BOSS","M","M","M","?","M","E","?","?","T","R","M","M","$","M","R","BOSS","M","M","M","M","M","R","M","M","T","?","M","?","R","M","R","BOSS"],"build_version":"2019-07-17","purchased_purges":1,"victory":true,"max_hp_per_floor":[88,88,88,88,88,88,88,88,88,88,88,88,88,88,88,88,88,88,88,88,88,91,91,96,96,96,96,96,96,96,100,100,100,100,100,100,100,100,100,100,104,104,104,104,107,107,107,107,107,107],"card_choices":[{"not_picked":["Searing Blow","Warcry"],"picked":"Clothesline","floor":1},{"not_picked":["Blood for Blood","Clothesline"],"picked":"Impervious","floor":2},{"not_picked":["Iron Wave","Clash"],"picked":"Pommel Strike","floor":3},{"not_picked":["Iron Wave","Armaments"],"picked":"Shockwave","floor":6},{"not_picked":["Flex","Rage"],"picked":"Dual Wield","floor":7},{"not_picked":["Second Wind","Flex"],"picked":"Uppercut","floor":12},{"not_picked":["Pommel Strike","Power Through"],"picked":"Ghostly Armor","floor":13},{"not_picked":["Iron Wave","Anger"],"picked":"Perfected Strike","floor":14},{"not_picked":["Limit Break","Brutality"],"picked":"Feed","floor":16},{"not_picked":["Heavy Blade","Wild Strike","Fire Breathing"],"picked":"SKIP","floor":18},{"not_picked":["Spot Weakness","Combust","Headbutt"],"picked":"SKIP","floor":19},{"not_picked":["Sever Soul+1","Second Wind","Sword Boomerang"],"picked":"SKIP","floor":20},{"not_picked":["Headbutt","Thunderclap","Disarm+1"],"picked":"SKIP","floor":22},{"not_picked":["Rupture","Rampage+1"],"picked":"Infernal Blade","floor":23},{"not_picked":["Rage","Corruption"],"picked":"Infernal Blade","floor":28},{"not_picked":["Feel No Pain","Pommel Strike"],"picked":"Shrug It Off+1","floor":29},{"not_picked":["Dropkick","Power Through","Warcry"],"picked":"SKIP","floor":31},{"not_picked":["Berserk","Double Tap"],"picked":"Bludgeon","floor":33},{"not_picked":["Flex+1","Perfected Strike","Iron Wave+1"],"picked":"SKIP","floor":35},{"not_picked":["Armaments","Cleave","Infernal Blade"],"picked":"SKIP","floor":36},{"not_picked":["Headbutt","Anger+1","Impervious"],"picked":"SKIP","floor":37},{"not_picked":["Infernal Blade","Twin Strike"],"picked":"Shockwave+1","floor":38},{"not_picked":["Sever Soul","Battle Trance+1"],"picked":"Armaments+1","floor":39},{"not_picked":["Headbutt","Twin Strike+1"],"picked":"Spot Weakness+1","floor":41},{"not_picked":["Cleave","Armaments","Disarm"],"picked":"SKIP","floor":42},{"not_picked":["Perfected Strike+1","Anger"],"picked":"Reaper","floor":45},{"not_picked":["Clothesline+1","Sword Boomerang+1","Shrug It Off"],"picked":"SKIP","floor":48}],"player_experience":63166,"relics_obtained":[{"floor":6,"key":"Red Skull"},{"floor":9,"key":"MawBank"},{"floor":21,"key":"Enchiridion"},{"floor":23,"key":"Pen Nib"},{"floor":26,"key":"Anchor"},{"floor":43,"key":"Meat on the Bone"},{"floor":46,"key":"Regal Pillow"}],"event_choices":[{"damage_healed":0,"gold_gain":75,"player_choice":"Gather Gold","damage_taken":11,"max_hp_gain":0,"max_hp_loss":0,"event_name":"World of Goop","floor":4,"gold_loss":0},{"damage_healed":0,"gold_gain":0,"player_choice":"Rummage","damage_taken":0,"relics_obtained":["WarpedTongs"],"max_hp_gain":0,"max_hp_loss":0,"event_name":"Accursed Blacksmith","floor":5,"gold_loss":0,"cards_obtained":["Pain"]},{"damage_healed":0,"gold_gain":0,"player_choice":"Obtained Book","damage_taken":16,"max_hp_gain":0,"max_hp_loss":0,"event_name":"Cursed Tome","floor":21,"gold_loss":0},{"damage_healed":0,"gold_gain":0,"player_choice":"Shed Blood","damage_taken":23,"max_hp_gain":5,"max_hp_loss":0,"event_name":"Forgotten Altar","floor":24,"gold_loss":0},{"damage_healed":0,"gold_gain":0,"player_choice":"Opened","damage_taken":0,"relics_obtained":["Bronze Scales"],"max_hp_gain":0,"max_hp_loss":0,"event_name":"The Mausoleum","floor":25,"gold_loss":0},{"damage_healed":0,"gold_gain":0,"player_choice":"Paid","damage_taken":0,"relics_obtained":["Red Mask"],"max_hp_gain":0,"max_hp_loss":0,"event_name":"Tomb of Lord Red Mask","floor":44,"gold_loss":458}],"is_beta":false,"boss_relics":[{"not_picked":["Cursed Key","Runic Cube"],"picked":"Velvet Choker"},{"not_picked":["Philosopher\u0027s Stone","Astrolabe"],"picked":"Mark of Pain"}],"items_purged_floors":[11],"is_endless":false,"potions_floor_spawned":[1,6,12,16,18,19,20,33,37,39,48],"ascension_level":0}