{"gold_per_floor":[117,133,42,42,42,42,67,79,117,129,141,188,215,239,251,263],"floor_reached":16,"playtime":1861,"items_purged":[],"score":130,"play_id":"6dccf601-798c-4ff8-8bc2-2231d4c52263","local_time":"20181017184402","is_ascension_mode":true,"campfire_choices":[{"data":"Bash","floor":6,"key":"SMITH"},{"data":"Reaper","floor":8,"key":"SMITH"},{"data":"Fire Breathing","floor":10,"key":"SMITH"},{"data":"Armaments","floor":15,"key":"SMITH"}],"neow_cost":"NONE","seed_source_timestamp":171509808058626,"circlet_count":0,"master_deck":["Strike_R","Strike_R","Strike_R","Strike_R","Strike_R","Defend_R","Defend_R","Defend_R","Defend_R","Bash+1","Dark Embrace","Fire Breathing+1","Pommel Strike","Whirlwind+1","Shrug It Off","Reaper+1","Armaments+1","Impervious"],"relics":["Burning Blood","MawBank","Centennial Puzzle","Ornamental Fan"],"potions_floor_usage":[12,16,16],"damage_taken":[{"damage":1,"enemies":"Cultist","floor":1,"turns":3},{"damage":8,"enemies":"Small Slimes","floor":2,"turns":4},{"damage":30,"enemies":"3 Sentries","floor":7,"turns":6},{"damage":36,"enemies":"Lagavulin","floor":12,"turns":10},{"damage":6,"enemies":"2 Louse","floor":13,"turns":2},{"damage":1,"enemies":"2 Fungi Beasts","floor":14,"turns":2},{"damage":57,"enemies":"Hexaghost","floor":16,"turns":12}],"seed_played":"-8109990928663441015","potions_obtained":[{"floor":2,"key":"Block Potion"},{"floor":12,"key":"GamblersBrew"},{"floor":13,"key":"SpeedPotion"}],"is_trial":false,"path_per_floor":["M","M","$","?","?","R","E","R","T","R","?","E","M","M","R"],"character_chosen":"IRONCLAD","items_purchased":["Whirlwind","Shrug It Off"],"campfire_rested":0,"item_purchase_floors":[3,3],"current_hp_per_floor":[80,78,78,78,83,83,59,59,59,59,59,35,45,50,50,0],"gold":263,"neow_bonus":"ONE_RANDOM_RARE_CARD","is_prod":false,"is_daily":false,"chose_seed":false,"campfire_upgraded":4,"win_rate":0,"timestamp":1539798242,"path_taken":["M","?","$","?","?","R","E","R","T","R","?","E","M","M","R","BOSS"],"build_version":"2018-10-11","purchased_purges":0,"victory":false,"max_hp_per_floor":[80,80,80,80,85,85,85,85,85,85,85,85,85,85,85,85],"card_choices":[{"not_picked":["Warcry","Body Slam"],"picked":"Fire Breathing","floor":1},{"not_picked":["Sword Boomerang","Perfected Strike"],"picked":"Pommel Strike","floor":2},{"not_picked":["Heavy Blade","Infernal Blade"],"picked":"Reaper","floor":7},{"not_picked":["Clash","Clothesline"],"picked":"Armaments","floor":12},{"not_picked":["Anger","Sword Boomerang","Entrench"],"picked":"SKIP","floor":13},{"not_picked":["Reckless Charge","Shrug It Off"],"picked":"Impervious","floor":14}],"player_experience":703368,"relics_obtained":[{"floor":7,"key":"MawBank"},{"floor":9,"key":"Centennial Puzzle"},{"floor":12,"key":"Ornamental Fan"}],"event_choices":[{"event_name":"Accursed Blacksmith","player_choice":"Forge","floor":4,"damage_taken":0},{"event_name":"Big Fish","player_choice":"Donut","floor":5,"damage_taken":0},{"event_name":"Golden Idol","player_choice":"Ignored","floor":11,"damage_taken":0}],"is_beta":false,"boss_relics":[],"items_purged_floors":[],"is_endless":false,"potions_floor_spawned":[2,12,13],"killed_by":"Hexaghost","ascension_level":4}