{"gold_per_floor":[110,110,35,54,4,38,38,38,38,38,38,51,51,81,81,177,177,197,197,213,113,113,141,141,172,172,172,172,182,57,74,74,74],"floor_reached":33,"playtime":1551,"items_purged":["Strike_R","Strike_R","Defend_R"],"score":350,"play_id":"a62a3b3c-05ce-404a-bce5-17a5dcfcf148","local_time":"20190211143209","is_ascension_mode":true,"campfire_choices":[{"floor":7,"key":"REST"},{"floor":10,"key":"REST"},{"floor":15,"key":"REST"},{"data":"Sword Boomerang","floor":24,"key":"SMITH"},{"floor":28,"key":"REST"},{"floor":32,"key":"REST"}],"neow_cost":"NONE","seed_source_timestamp":192069015585500,"circlet_count":0,"master_deck":["Defend_R","Defend_R","Defend_R","Bash","Battle Trance","Metallicize","Double Tap+1","Thunderclap","Flex+1","Twin Strike","Pummel","Sword Boomerang+1","Headbutt","Limit Break","Twin Strike+1"],"relics":["Burning Blood","Dream Catcher","Unceasing Top","Peace Pipe","Velvet Choker","Potion Belt","Boot","Bottled Flame","Ancient Tea Set"],"potions_floor_usage":[20,23,31,31],"damage_taken":[{"damage":9,"enemies":"2 Louse","floor":1,"turns":4},{"damage":7,"enemies":"Small Slimes","floor":4,"turns":4},{"damage":62,"enemies":"Lagavulin","floor":6,"turns":12},{"damage":7,"enemies":"Jaw Worm","floor":12,"turns":3},{"damage":44,"enemies":"The Guardian","floor":16,"turns":12},{"damage":24,"enemies":"Spheric Guardian","floor":18,"turns":5},{"damage":18,"enemies":"2 Thieves","floor":20,"turns":3},{"damage":0,"enemies":"Gremlin Leader","floor":23,"turns":4},{"damage":61,"enemies":"Slavers","floor":25,"turns":5},{"damage":37,"enemies":"Snake Plant","floor":29,"turns":3},{"damage":9,"enemies":"Centurion and Healer","floor":31,"turns":2},{"damage":43,"enemies":"Automaton","floor":33,"turns":4}],"seed_played":"5713035843273082437","potions_obtained":[{"floor":1,"key":"Explosive Potion"},{"floor":12,"key":"Regen Potion"},{"floor":16,"key":"SteroidPotion"},{"floor":23,"key":"FairyPotion"},{"floor":29,"key":"Poison Potion"}],"is_trial":false,"path_per_floor":["M","?","$","M","?","E","R","?","T","R","$","M","$","?","R","B",null,"M","?","M","$","?","E","R","E","T","T","R","M","$","M","R","B"],"character_chosen":"IRONCLAD","items_purchased":[],"campfire_rested":5,"item_purchase_floors":[],"current_hp_per_floor":[77,65,65,64,64,8,32,32,32,56,56,55,55,55,79,41,80,62,62,50,50,50,68,68,13,13,13,37,14,14,11,35,0],"gold":74,"neow_bonus":"REMOVE_CARD","is_prod":false,"is_daily":false,"chose_seed":false,"campfire_upgraded":1,"win_rate":0,"timestamp":1549924329,"path_taken":["M","?","$","M","?","E","R","?","T","R","$","?","?","?","R","BOSS","M","?","?","$","?","E","R","E","T","?","R","?","$","?","R","BOSS"],"build_version":"2019-01-23","purchased_purges":3,"victory":false,"max_hp_per_floor":[80,80,80,80,80,80,80,80,80,80,80,80,80,80,80,80,80,80,80,80,80,80,80,80,80,80,80,80,80,80,80,80,80],"card_choices":[{"not_picked":["Twin Strike","Headbutt"],"picked":"Battle Trance","floor":1},{"not_picked":["Reckless Charge","Clothesline"],"picked":"Metallicize","floor":4},{"not_picked":["Infernal Blade","Clothesline"],"picked":"Double Tap","floor":6},{"not_picked":["Burning Pact","Blood for Blood"],"picked":"Thunderclap","floor":7},{"not_picked":["Metallicize","Sentinel"],"picked":"Flex","floor":10},{"not_picked":["Corruption","Havoc"],"picked":"Twin Strike","floor":12},{"not_picked":["Hemokinesis","Searing Blow"],"picked":"Pummel","floor":15},{"not_picked":["Shrug It Off","Reckless Charge"],"picked":"Sword Boomerang","floor":18},{"not_picked":["Thunderclap","True Grit"],"picked":"Headbutt","floor":20},{"not_picked":["Clash","Blood for Blood","Anger+1"],"picked":"SKIP","floor":23},{"not_picked":["Infernal Blade+1","Disarm"],"picked":"Limit Break","floor":25},{"not_picked":["Ghostly Armor","Clash+1"],"picked":"Twin Strike+1","floor":29},{"not_picked":["Burning Pact+1","True Grit","Sever Soul"],"picked":"SKIP","floor":31}],"player_experience":138756,"relics_obtained":[{"floor":6,"key":"Unceasing Top"},{"floor":9,"key":"Peace Pipe"},{"floor":23,"key":"Potion Belt"},{"floor":25,"key":"Boot"},{"floor":26,"key":"Bottled Flame"},{"floor":27,"key":"Ancient Tea Set"}],"event_choices":[{"damage_healed":0,"gold_gain":0,"player_choice":"Success","damage_taken":12,"relics_obtained":["Dream Catcher"],"max_hp_gain":0,"max_hp_loss":0,"event_name":"Scrap Ooze","floor":2,"gold_loss":0},{"cards_removed":["Strike_R"],"damage_healed":0,"gold_gain":0,"player_choice":"Card Removal","damage_taken":0,"max_hp_gain":0,"max_hp_loss":0,"event_name":"The Cleric","floor":5,"gold_loss":50},{"damage_healed":0,"gold_gain":0,"player_choice":"Grow","damage_taken":0,"max_hp_gain":0,"max_hp_loss":0,"event_name":"Living Wall","floor":8,"gold_loss":0,"cards_upgraded":["Double Tap"]},{"damage_healed":0,"gold_gain":30,"player_choice":"Searched \u00271\u0027 times","damage_taken":0,"max_hp_gain":0,"max_hp_loss":0,"event_name":"Dead Adventurer","floor":14,"gold_loss":0},{"damage_healed":0,"gold_gain":0,"player_choice":"Upgraded","damage_taken":0,"max_hp_gain":0,"max_hp_loss":0,"event_name":"Upgrade Shrine","floor":19,"gold_loss":0,"cards_upgraded":["Flex"]},{"cards_removed":["Strike_R"],"damage_healed":0,"gold_gain":0,"player_choice":"Elegance","damage_taken":0,"max_hp_gain":0,"max_hp_loss":0,"event_name":"Back to Basics","floor":22,"gold_loss":0}],"is_beta":false,"boss_relics":[{"not_picked":["Eternal Feather","Snecko Eye"],"picked":"Velvet Choker"}],"items_purged_floors":[3,21,30],"is_endless":false,"potions_floor_spawned":[1,12,16,18,23,29],"killed_by":"Automaton","ascension_level":3}