{"path_per_floor":["M","M","$","?","?","M","E","M","T","R","T","M","?","M","R","B",null,"M","$","?","?","M","?","R","$","T"],"character_chosen":"IRONCLAD","items_purchased":["Armaments","Double Tap","Pommel Strike"],"gold_per_floor":[117,137,83,83,83,93,123,135,135,135,159,172,202,221,221,325,325,338,131,131,131,119,119,119,19,101,101],"floor_reached":27,"campfire_rested":2,"playtime":2411,"current_hp_per_floor":[74,75,75,75,75,72,54,47,47,71,78,84,84,87,87,43,87,47,47,47,31,21,21,47,47,47,0],"items_purged":["Strike_R","Decay"],"gold":101,"score":211,"play_id":"d65b9a14-2e8a-4a5f-97ae-617e6a954d9b","local_time":"20180512144216","is_prod":false,"is_daily":false,"chose_seed":false,"is_ascension_mode":false,"campfire_upgraded":1,"timestamp":1526132536,"path_taken":["M","M","$","?","?","M","E","M","T","R","?","?","?","M","R","BOSS","M","$","?","?","M","?","R","$","T","E"],"build_version":"2018-05-03","seed_source_timestamp":239229445549407,"purchased_purges":3,"victory":false,"master_deck":["Strike_R","Strike_R","Strike_R","Strike_R","Defend_R","Defend_R+1","Defend_R","Defend_R","Bash","Shrug It Off+1","Armaments+1","Flex","Barricade+1","Metallicize","Dropkick","Berserk","Anger","Double Tap","Pommel Strike"],"max_hp_per_floor":[80,80,80,80,80,80,80,80,80,80,87,87,87,87,87,87,87,87,87,87,87,87,87,87,87,87,87],"relics":["Black Blood","Bag of Preparation","War Paint","Gremlin Horn","Strawberry","Torii","Enchiridion","Centennial Puzzle"],"card_choices":[{"not_picked":["Twin Strike","Clash"],"picked":"Shrug It Off","floor":1},{"not_picked":["Wild Strike","Body Slam"],"picked":"Flex","floor":6},{"not_picked":["Armaments","Shockwave"],"picked":"Barricade","floor":7},{"not_picked":["Clothesline","Thunderclap"],"picked":"Metallicize","floor":8},{"not_picked":["Flex","Dark Embrace"],"picked":"Dropkick","floor":12},{"not_picked":["Juggernaut","Offering"],"picked":"Berserk","floor":16},{"not_picked":["Disarm","Wild Strike"],"picked":"Anger","floor":18}],"player_experience":112588,"potions_floor_usage":[16,16,16],"damage_taken":[{"damage":12,"enemies":"2 Louse","floor":1,"turns":4},{"damage":5,"enemies":"Small Slimes","floor":2,"turns":5},{"damage":9,"enemies":"Cultist","floor":6,"turns":4},{"damage":24,"enemies":"Lagavulin","floor":7,"turns":8},{"damage":13,"enemies":"2 Fungi Beasts","floor":8,"turns":8},{"damage":0,"enemies":"Looter","floor":12,"turns":5},{"damage":0,"enemies":"Blue Slaver","floor":14,"turns":7},{"damage":50,"enemies":"Hexaghost","floor":16,"turns":16},{"damage":50,"enemies":"Chosen","floor":18,"turns":13},{"damage":20,"enemies":"2 Thieves","floor":22,"turns":5},{"damage":47,"enemies":"Book of Stabbing","floor":27,"turns":7}],"event_choices":[{"event_name":"Liars Game","player_choice":"disagreed","floor":4,"damage_taken":0},{"event_name":"Living Wall","player_choice":"Grow","floor":5,"damage_taken":0},{"event_name":"Dead Adventurer","player_choice":"Searched \u00273\u0027 times","floor":13,"damage_taken":0},{"event_name":"The Mausoleum","player_choice":"No","floor":20,"damage_taken":0},{"event_name":"Cursed Tome","player_choice":"Obtained Book","floor":21,"damage_taken":0},{"event_name":"Forgotten Altar","player_choice":"Smashed Altar","floor":23,"damage_taken":0}],"boss_relics":[{"not_picked":["Snecko Eye","Black Star"],"picked":"Black Blood"}],"potions_floor_spawned":[6,7,12,22],"seed_played":"7224576945334641884","killed_by":"Book of Stabbing","ascension_level":0,"is_trial":false}