{"gold_per_floor":[111,186,204,51,63,63,97,97,123,99,118,118,147,162,162,258,258,258,213,22,22,22,22,22,22,22,22],"floor_reached":27,"playtime":847,"items_purged":["Decay"],"score":338,"play_id":"2a84181b-2b19-4b06-9cbd-328acbd5416e","local_time":"20190605222558","is_ascension_mode":true,"campfire_choices":[{"floor":6,"key":"REST"},{"floor":8,"key":"REST"},{"data":"Noxious Fumes","floor":12,"key":"SMITH"},{"floor":15,"key":"REST"},{"floor":23,"key":"REST"},{"floor":25,"key":"REST"}],"neow_cost":"CURSE","seed_source_timestamp":81417814712828,"circlet_count":0,"master_deck":["Defend_G","Defend_G","Defend_G","Defend_G","Defend_G","Strike_G+1","Strike_G+1","Strike_G","Strike_G","Strike_G","Survivor","Neutralize","Sucker Punch","Deadly Poison","Noxious Fumes+1","Cloak And Dagger","Leg Sweep","Poisoned Stab","Noxious Fumes","Bane","Deadly Poison","Wraith Form v2","Deadly Poison","Leg Sweep","Bouncing Flask","Flash of Steel","Bane","Deadly Poison+1","Caltrops"],"relics":["Ring of the Snake","Bag of Marbles","Whetstone","The Courier","Ectoplasm","Omamori","Bird Faced Urn"],"potions_floor_usage":[24,24],"damage_taken":[{"damage":5,"enemies":"2 Louse","floor":1,"turns":4},{"damage":0,"enemies":"Cultist","floor":3,"turns":4},{"damage":1,"enemies":"Small Slimes","floor":5,"turns":3},{"damage":39,"enemies":"Lagavulin","floor":7,"turns":6},{"damage":0,"enemies":"2 Fungi Beasts","floor":11,"turns":4},{"damage":17,"enemies":"3 Sentries","floor":13,"turns":6},{"damage":2,"enemies":"Gremlin Gang","floor":14,"turns":4},{"damage":29,"enemies":"Slime Boss","floor":16,"turns":9},{"damage":0,"enemies":"Chosen","floor":18,"turns":5},{"damage":13,"enemies":"2 Thieves","floor":19,"turns":5},{"damage":16,"enemies":"Snake Plant","floor":22,"turns":4},{"damage":32,"enemies":"Slavers","floor":24,"turns":5},{"damage":78,"enemies":"Gremlin Leader","floor":27,"turns":4}],"seed_played":"5250526549742417637","potions_obtained":[{"floor":5,"key":"Ancient Potion"},{"floor":13,"key":"PowerPotion"},{"floor":14,"key":"EssenceOfSteel"}],"is_trial":false,"path_per_floor":["M","?","M","$","M","R","E","R","T","$","M","R","E","M","R","B",null,"M","M","$","?","M","R","E","R","T","E"],"character_chosen":"THE_SILENT","items_purchased":["Noxious Fumes","Poisoned Stab","Leg Sweep","Bouncing Flask","Flash of Steel","Bane"],"campfire_rested":5,"item_purchase_floors":[4,10,20,20,20,20],"current_hp_per_floor":[72,61,61,61,60,84,45,70,70,70,70,70,53,51,76,47,75,75,62,62,62,46,71,39,64,64,0],"gold":22,"neow_bonus":"TWENTY_PERCENT_HP_BONUS","is_prod":false,"is_daily":false,"chose_seed":false,"campfire_upgraded":1,"win_rate":0,"timestamp":1559787958,"path_taken":["M","?","M","$","M","R","E","R","T","$","M","R","E","M","R","BOSS","M","M","$","?","M","R","E","R","T","E"],"build_version":"2019-01-23","purchased_purges":1,"victory":false,"max_hp_per_floor":[84,84,84,84,84,84,84,84,84,84,84,84,84,84,84,84,84,84,84,84,84,84,84,84,84,84,84],"card_choices":[{"not_picked":["Deflect","Underhanded Strike"],"picked":"Sucker Punch","floor":1},{"not_picked":["Acrobatics","Bane"],"picked":"Deadly Poison","floor":3},{"not_picked":["Finisher","Terror"],"picked":"Cloak And Dagger","floor":5},{"not_picked":["Setup","Deadly Poison"],"picked":"Leg Sweep","floor":7},{"not_picked":["Die Die Die","Outmaneuver"],"picked":"Noxious Fumes","floor":11},{"not_picked":["Dagger Throw","PiercingWail"],"picked":"Bane","floor":13},{"not_picked":["Poisoned Stab","Escape Plan"],"picked":"Deadly Poison","floor":14},{"not_picked":["Phantasmal Killer","Grand Finale"],"picked":"Wraith Form v2","floor":16},{"not_picked":["Poisoned Stab","Slice+1","Masterful Stab"],"picked":"SKIP","floor":18},{"not_picked":["Prepared","Distraction"],"picked":"Deadly Poison","floor":19},{"not_picked":["All Out Attack","Flying Knee+1"],"picked":"Deadly Poison+1","floor":22},{"not_picked":["Concentrate","Acrobatics+1"],"picked":"Caltrops","floor":24}],"player_experience":388697,"relics_obtained":[{"floor":7,"key":"Bag of Marbles"},{"floor":9,"key":"Whetstone"},{"floor":13,"key":"The Courier"},{"floor":24,"key":"Omamori"},{"floor":26,"key":"Bird Faced Urn"}],"event_choices":[{"damage_healed":0,"gold_gain":75,"player_choice":"Gather Gold","damage_taken":11,"max_hp_gain":0,"max_hp_loss":0,"event_name":"World of Goop","floor":2,"gold_loss":0},{"damage_healed":0,"gold_gain":0,"player_choice":"Ignored","damage_taken":0,"max_hp_gain":0,"max_hp_loss":0,"event_name":"Ghosts","floor":21,"gold_loss":0}],"is_beta":false,"boss_relics":[{"not_picked":["Snecko Eye","Runic Pyramid"],"picked":"Ectoplasm"}],"items_purged_floors":[4],"is_endless":false,"potions_floor_spawned":[5,13,14,16],"killed_by":"Gremlin Leader","ascension_level":6}