{"gold_per_floor":[114,114,114,129,149,175,175,175,175,189,189,206,240,256,256,352,352,372,11,11,11,11,43,43,73,73,73,89,0,0,0],"floor_reached":31,"playtime":897,"items_purged":[],"score":351,"play_id":"20d41eca-92b2-48fe-9c4d-18cc0b7ad7e6","local_time":"20190523200306","is_ascension_mode":true,"campfire_choices":[{"floor":8,"key":"REST"},{"data":"Poisoned Stab","floor":11,"key":"SMITH"},{"data":"Envenom","floor":15,"key":"SMITH"},{"floor":24,"key":"REST"},{"floor":27,"key":"REST"}],"neow_cost":"NONE","seed_source_timestamp":585888284545457,"circlet_count":0,"master_deck":["Defend_G","Defend_G","Defend_G","Defend_G","Defend_G","Strike_G","Strike_G","Strike_G","Survivor","Neutralize","Bane","Outmaneuver","Poisoned Stab","Dagger Throw","Infinite Blades","Poisoned Stab+1","Dagger Spray","Envenom+1","Noxious Fumes","Bullet Time","Deadly Poison","Glass Knife","Writhe","Bane+1","Noxious Fumes"],"relics":["Ring of the Snake","NeowsBlessing","WingedGreaves","Pantograph","Boot","Sozu","Lee\u0027s Waffle","Omamori","Bronze Scales","Potion Belt","Toxic Egg 2"],"potions_floor_usage":[13,16,16,31],"damage_taken":[{"damage":0,"enemies":"Small Slimes","floor":1,"turns":1},{"damage":0,"enemies":"2 Louse","floor":4,"turns":1},{"damage":0,"enemies":"Cultist","floor":5,"turns":1},{"damage":38,"enemies":"Lagavulin","floor":6,"turns":7},{"damage":5,"enemies":"2 Fungi Beasts","floor":10,"turns":4},{"damage":13,"enemies":"Red Slaver","floor":12,"turns":3},{"damage":19,"enemies":"3 Sentries","floor":13,"turns":8},{"damage":9,"enemies":"Blue Slaver","floor":14,"turns":4},{"damage":13,"enemies":"Slime Boss","floor":16,"turns":7},{"damage":21,"enemies":"Spheric Guardian","floor":18,"turns":5},{"damage":44,"enemies":"Gremlin Leader","floor":23,"turns":5},{"damage":37,"enemies":"Slavers","floor":25,"turns":4},{"damage":30,"enemies":"Shell Parasite","floor":28,"turns":3},{"damage":23,"enemies":"Shelled Parasite and Fungi","floor":31,"turns":2}],"seed_played":"8091358950093645022","potions_obtained":[{"floor":4,"key":"Explosive Potion"},{"floor":5,"key":"GamblersBrew"},{"floor":10,"key":"Energy Potion"},{"floor":14,"key":"AttackPotion"}],"is_trial":false,"path_per_floor":["M","?","?","M","M","E","?","R","T","M","R","M","E","M","R","B",null,"M","$","?","?","?","E","R","E","T","R","M","?","$","M"],"character_chosen":"THE_SILENT","items_purchased":["Lee\u0027s Waffle","Glass Knife"],"campfire_rested":3,"item_purchase_floors":[19,19],"current_hp_per_floor":[70,75,75,75,75,37,37,59,59,54,54,41,22,13,13,25,63,42,82,82,82,82,38,62,25,25,49,19,19,19,0],"gold":0,"neow_bonus":"THREE_ENEMY_KILL","is_prod":false,"is_daily":false,"chose_seed":false,"campfire_upgraded":2,"win_rate":0,"timestamp":1558656186,"path_taken":["M","?","?","?","M","E","?","R","T","M","R","M","E","M","R","BOSS","M","$","?","?","?","E","R","E","T","R","M","?","?","M"],"build_version":"2019-01-23","purchased_purges":0,"victory":false,"max_hp_per_floor":[70,75,75,75,75,75,75,75,75,75,75,75,75,75,75,75,75,75,82,82,82,82,82,82,82,82,82,82,82,82,82],"card_choices":[{"not_picked":["Backstab","Expertise"],"picked":"Bane","floor":1},{"not_picked":["PiercingWail","Masterful Stab"],"picked":"Poisoned Stab","floor":4},{"not_picked":["Calculated Gamble","Reflex"],"picked":"Dagger Throw","floor":5},{"not_picked":["Prepared","Endless Agony"],"picked":"Infinite Blades","floor":6},{"not_picked":["Slice","Expertise"],"picked":"Poisoned Stab","floor":10},{"not_picked":["Underhanded Strike","Reflex"],"picked":"Dagger Spray","floor":12},{"not_picked":["Sucker Punch","Slice"],"picked":"Envenom","floor":13},{"not_picked":["Prepared","Cloak And Dagger"],"picked":"Noxious Fumes","floor":14},{"not_picked":["Grand Finale","Night Terror"],"picked":"Bullet Time","floor":16},{"not_picked":["Slice","Outmaneuver"],"picked":"Deadly Poison","floor":18},{"not_picked":["Sucker Punch","Dagger Spray"],"picked":"Bane+1","floor":23},{"not_picked":["Flechettes+1","Sucker Punch"],"picked":"Noxious Fumes","floor":25},{"not_picked":["Reflex+1","Distraction+1","Dodge and Roll+1"],"picked":"SKIP","floor":28}],"player_experience":354178,"relics_obtained":[{"floor":6,"key":"WingedGreaves"},{"floor":9,"key":"Pantograph"},{"floor":13,"key":"Boot"},{"floor":23,"key":"Bronze Scales"},{"floor":25,"key":"Potion Belt"},{"floor":26,"key":"Toxic Egg 2"}],"event_choices":[{"damage_healed":0,"gold_gain":0,"player_choice":"Donut","damage_taken":0,"max_hp_gain":5,"max_hp_loss":0,"event_name":"Big Fish","floor":2,"gold_loss":0},{"damage_healed":0,"gold_gain":0,"cards_transformed":["Strike_G"],"player_choice":"Transformed","damage_taken":0,"max_hp_gain":0,"max_hp_loss":0,"event_name":"Transmorgrifier","floor":3,"gold_loss":0,"cards_obtained":["Outmaneuver"]},{"cards_removed":["Strike_G"],"damage_healed":0,"gold_gain":0,"player_choice":"Card Removal","damage_taken":0,"max_hp_gain":0,"max_hp_loss":0,"event_name":"Wheel of Change","floor":7,"gold_loss":0},{"damage_healed":0,"gold_gain":0,"player_choice":"Ignored","damage_taken":0,"max_hp_gain":0,"max_hp_loss":0,"event_name":"Beggar","floor":20,"gold_loss":0},{"damage_healed":0,"gold_gain":0,"player_choice":"Opened","damage_taken":0,"relics_obtained":["Omamori"],"max_hp_gain":0,"max_hp_loss":0,"event_name":"The Mausoleum","floor":22,"gold_loss":0,"cards_obtained":["Writhe"]},{"damage_healed":0,"gold_gain":0,"player_choice":"Paid Fearfully","damage_taken":0,"max_hp_gain":0,"max_hp_loss":0,"event_name":"Masked Bandits","floor":29,"gold_loss":89}],"is_beta":false,"boss_relics":[{"not_picked":["Pandora\u0027s Box","Runic Pyramid"],"picked":"Sozu"}],"items_purged_floors":[],"is_endless":false,"potions_floor_spawned":[4,5,10,14],"killed_by":"Shelled Parasite and Fungi","ascension_level":5}