{"gold_per_floor":[114,129,204,113,126,126,157,157,181,212,238,250,280,306,318,428,440,470,509,436,230,242,242,257,275,275,285,297,297],"floor_reached":29,"playtime":5253,"items_purged":[],"score":233,"play_id":"563a3e06-cff0-4df4-b548-a3256cf113a3","local_time":"20190730182148","is_ascension_mode":false,"campfire_choices":[{"data":"Fire Breathing","floor":6.0,"key":"SMITH"},{"floor":8.0,"key":"REST"},{"data":"Perfected Strike","floor":12.0,"key":"SMITH"},{"floor":15.0,"key":"REST"},{"floor":23,"key":"REST"}],"neow_cost":"","seed_source_timestamp":0,"circlet_count":0,"master_deck":["Strike_R","Strike_R","Strike_R","Strike_R","Strike_R","Defend_R","Defend_R","Defend_R","Defend_R","Bash","Intimidate","Flame Barrier","Fire Breathing+1","Shrug It Off","Body Slam","Perfected Strike+1","Pommel Strike","Sever Soul","Ghostly Armor","Burning Pact","Demon Form","Dual Wield+1","Rupture+1","Pummel","Master of Strategy","Clash","Rage+1","Perfected Strike","Normality","Thunderclap+1","Whirlwind"],"special_seed":0,"relics":["Burning Blood","Oddly Smooth Stone","MawBank","Cursed Key","Pen Nib","Girya"],"potions_floor_usage":[22,22,22],"damage_taken":[{"damage":2.0,"enemies":"2 Louse","floor":1.0,"turns":3.0},{"damage":8.0,"enemies":"Small Slimes","floor":2.0,"turns":4.0},{"damage":4.0,"enemies":"Jaw Worm","floor":5.0,"turns":6.0},{"damage":48.0,"enemies":"3 Sentries","floor":7.0,"turns":16.0},{"damage":0.0,"enemies":"Exordium Wildlife","floor":10.0,"turns":3.0},{"damage":0.0,"enemies":"2 Fungi Beasts","floor":11.0,"turns":2.0},{"damage":10.0,"enemies":"Exordium Thugs","floor":13.0,"turns":5.0},{"damage":9.0,"enemies":"Lots of Slimes","floor":14.0,"turns":6.0},{"damage":39.0,"enemies":"The Guardian","floor":16.0,"turns":13.0},{"damage":9.0,"enemies":"2 Thieves","floor":18.0,"turns":4.0},{"damage":22.0,"enemies":"3 Byrds","floor":19.0,"turns":6.0},{"damage":31,"enemies":"Sentry and Sphere","floor":22,"turns":6},{"damage":47,"enemies":"Snake Plant","floor":24,"turns":5},{"damage":2,"enemies":"3 Cultists","floor":25,"turns":6},{"damage":9,"enemies":"Snecko","floor":27,"turns":5},{"damage":11,"enemies":"Snake Plant","floor":28,"turns":4},{"damage":21,"enemies":"Gremlin Leader","floor":29,"turns":2}],"seed_played":"3293267389896090173","potions_obtained":[{"floor":2.0,"key":"SteroidPotion"},{"floor":11.0,"key":"EntropicBrew"},{"floor":13.0,"key":"SpeedPotion"},{"floor":16.0,"key":"Weak Potion"},{"floor":18.0,"key":"Poison Potion"},{"floor":19,"key":"Fire Potion"},{"floor":25,"key":"SkillPotion"},{"floor":27,"key":"EssenceOfSteel"}],"is_trial":false,"path_per_floor":["M","M","?","$","M","R","E","R","T","M","M","R","M","M","R","B",null,"M","M","?","$","M","R","M","M","T","M","M","E"],"character_chosen":"IRONCLAD","items_purchased":["Fire Breathing","Shrug It Off","Pummel","Master of Strategy"],"campfire_rested":3,"item_purchase_floors":[4,4,21,21],"current_hp_per_floor":[80,78,67,67,69,69,27,51,51,57,63,63,59,56,80,47,80,77,61,61,61,36,60,19,23,23,20,15,0],"gold":297,"neow_bonus":"","is_prod":false,"is_daily":false,"chose_seed":false,"campfire_upgraded":2,"win_rate":0.0,"timestamp":1564478508,"path_taken":["M","M","?","$","M","R","E","R","T","M","M","R","M","M","R","BOSS","M","M","?","$","M","R","M","M","T","M","M","E"],"build_version":"2019-07-17","purchased_purges":0,"victory":false,"max_hp_per_floor":[80,80,80,80,80,80,80,80,80,80,80,80,80,80,80,80,80,80,80,80,80,80,80,80,80,80,80,80,80],"card_choices":[{"not_picked":["True Grit","Fire Breathing"],"picked":"Intimidate","floor":1.0},{"not_picked":["Searing Blow","Metallicize"],"picked":"Flame Barrier","floor":2.0},{"not_picked":["Hemokinesis","Flex"],"picked":"Body Slam","floor":5.0},{"not_picked":["Thunderclap","Rupture"],"picked":"Perfected Strike","floor":7.0},{"not_picked":["Sword Boomerang","Clothesline"],"picked":"Pommel Strike","floor":10.0},{"not_picked":["Body Slam","Searing Blow"],"picked":"Sever Soul","floor":11.0},{"not_picked":["Barricade","Flex"],"picked":"Ghostly Armor","floor":13.0},{"not_picked":["Body Slam","Shrug It Off"],"picked":"Burning Pact","floor":14.0},{"not_picked":["Feed","Dark Embrace"],"picked":"Demon Form","floor":16.0},{"not_picked":["Thunderclap","Flex"],"picked":"Dual Wield+1","floor":18.0},{"not_picked":["Sever Soul","Uppercut"],"picked":"Rupture+1","floor":19},{"not_picked":["Feel No Pain+1","Thunderclap"],"picked":"Clash","floor":22},{"not_picked":["Seeing Red","Cleave"],"picked":"Rage+1","floor":24},{"not_picked":["Shrug It Off","Power Through+1"],"picked":"Perfected Strike","floor":25},{"not_picked":["Fire Breathing+1","Anger+1"],"picked":"Thunderclap+1","floor":27},{"not_picked":["Berserk","Sever Soul"],"picked":"Whirlwind","floor":28}],"player_experience":0,"relics_obtained":[{"floor":7.0,"key":"Oddly Smooth Stone"},{"floor":9.0,"key":"MawBank"},{"floor":26,"key":"Girya"}],"event_choices":[{"damage_healed":0.0,"max_hp_gain":0.0,"max_hp_loss":0.0,"gold_gain":75.0,"event_name":"World of Goop","player_choice":"Gather Gold","floor":3.0,"gold_loss":0.0,"damage_taken":11.0},{"damage_healed":0,"gold_gain":0,"player_choice":"Obtained Relic","damage_taken":0,"relics_obtained":["Pen Nib"],"max_hp_gain":0,"max_hp_loss":0,"event_name":"Addict","floor":20,"gold_loss":85}],"is_beta":false,"boss_relics":[{"not_picked":["Lizard Tail","Empty Cage"],"picked":"Cursed Key"}],"items_purged_floors":[],"is_endless":false,"potions_floor_spawned":[2,11,13,16,18,19,25,27],"killed_by":"Gremlin Leader","ascension_level":0}