{"gold_per_floor":[113,38,38,38,52,52,88,88,88,102,102,116,116,16,16,137,137,161,36,36,36,56,56,76,76,99,99,113,167,167],"floor_reached":30,"playtime":2747,"items_purged":["Strike_R","Strike_R","Strike_R"],"score":408,"play_id":"a4963509-afc7-4002-8c0e-653bfaff1ea1","local_time":"20190212012928","is_ascension_mode":true,"campfire_choices":[{"data":"Twin Strike","floor":6,"key":"SMITH"},{"data":"Rampage","floor":11,"key":"SMITH"},{"floor":15,"key":"REST"},{"data":"Flex","floor":23,"key":"SMITH"},{"floor":25,"key":"REST"}],"neow_cost":"NONE","seed_source_timestamp":0,"circlet_count":0,"master_deck":["Defend_R","Defend_R","Defend_R","Bash","Twin Strike+1","Pommel Strike","Rampage+1","Shrug It Off","Barricade","Flex+1","Battle Trance"],"special_seed":0,"relics":["Burning Blood","Golden Idol","Blue Candle","Torii","Bottled Lightning","Sozu","Potion Belt","Bronze Scales"],"potions_floor_usage":[16,18],"damage_taken":[{"damage":1,"enemies":"Cultist","floor":1,"turns":3},{"damage":14,"enemies":"Jaw Worm","floor":5,"turns":3},{"damage":40,"enemies":"3 Sentries","floor":7,"turns":8},{"damage":0,"enemies":"Small Slimes","floor":10,"turns":3},{"damage":11,"enemies":"Looter","floor":12,"turns":2},{"damage":15,"enemies":"The Guardian","floor":16,"turns":10},{"damage":45,"enemies":"3 Byrds","floor":18,"turns":7},{"damage":20,"enemies":"Spheric Guardian","floor":22,"turns":4},{"damage":36,"enemies":"Chosen and Byrds","floor":24,"turns":6},{"damage":45,"enemies":"Centurion and Healer","floor":28,"turns":4},{"damage":16,"enemies":"Snecko","floor":30,"turns":5}],"seed_played":"5487194345593354551","potions_obtained":[{"floor":7,"key":"Regen Potion"},{"floor":16,"key":"Regen Potion"}],"is_trial":false,"path_per_floor":["M","$","?","$","M","R","E","?","T","M","R","M","T","$","R","B",null,"M","$","?","?","M","R","M","R","T","?","M","T","M"],"character_chosen":"IRONCLAD","items_purchased":[],"campfire_rested":2,"item_purchase_floors":[],"current_hp_per_floor":[80,80,74,74,66,66,32,32,32,38,38,33,33,33,55,61,71,47,47,47,71,57,57,27,49,49,49,10,10,0],"gold":167,"neow_bonus":"REMOVE_CARD","is_prod":false,"is_daily":false,"chose_seed":false,"campfire_upgraded":3,"win_rate":0,"timestamp":1549963768,"path_taken":["M","?","?","$","M","R","E","?","T","M","R","M","?","$","R","BOSS","M","$","?","?","M","R","M","R","T","?","?","?","M"],"build_version":"2019-01-23","purchased_purges":3,"victory":false,"max_hp_per_floor":[80,80,74,74,74,74,74,74,74,74,74,74,74,74,74,74,74,74,74,74,74,74,74,74,74,74,74,74,74,74],"card_choices":[{"not_picked":["Shrug It Off","True Grit"],"picked":"Twin Strike","floor":1},{"not_picked":["Havoc","Anger"],"picked":"Pommel Strike","floor":5},{"not_picked":["Heavy Blade","Shrug It Off"],"picked":"Rampage","floor":7},{"not_picked":["Body Slam","Perfected Strike","Immolate"],"picked":"SKIP","floor":10},{"not_picked":["Perfected Strike","Heavy Blade"],"picked":"Shrug It Off","floor":12},{"not_picked":["Fiend Fire","Berserk"],"picked":"Barricade","floor":16},{"not_picked":["Uppercut+1","Searing Blow","Twin Strike"],"picked":"SKIP","floor":18},{"not_picked":["Havoc","Armaments"],"picked":"Flex","floor":22},{"not_picked":["Combust+1","Rage"],"picked":"Battle Trance","floor":24},{"not_picked":["Sever Soul+1","Blood for Blood","Carnage"],"picked":"SKIP","floor":28}],"player_experience":146958,"relics_obtained":[{"floor":7,"key":"Blue Candle"},{"floor":9,"key":"Torii"},{"floor":13,"key":"Bottled Lightning"},{"floor":26,"key":"Potion Belt"},{"floor":29,"key":"Bronze Scales"}],"event_choices":[{"damage_healed":0,"gold_gain":0,"player_choice":"Lose Max HP","damage_taken":0,"relics_obtained":["Golden Idol"],"max_hp_gain":0,"max_hp_loss":6,"event_name":"Golden Idol","floor":3,"gold_loss":0},{"cards_removed":["Strike_R"],"damage_healed":0,"gold_gain":0,"player_choice":"Forget","damage_taken":0,"max_hp_gain":0,"max_hp_loss":0,"event_name":"Living Wall","floor":8,"gold_loss":0},{"cards_removed":["Defend_R"],"damage_healed":0,"gold_gain":0,"player_choice":"Elegance","damage_taken":0,"max_hp_gain":0,"max_hp_loss":0,"event_name":"Back to Basics","floor":20,"gold_loss":0},{"damage_healed":24,"gold_gain":0,"player_choice":"Heal","damage_taken":0,"max_hp_gain":0,"max_hp_loss":0,"event_name":"The Library","floor":21,"gold_loss":0},{"damage_healed":0,"gold_gain":0,"player_choice":"Ignored","damage_taken":0,"max_hp_gain":0,"max_hp_loss":0,"event_name":"Ghosts","floor":27,"gold_loss":0}],"is_beta":false,"boss_relics":[{"not_picked":["Black Star","Eternal Feather"],"picked":"Sozu"}],"items_purged_floors":[2,14,19],"is_endless":false,"potions_floor_spawned":[7,16,22,24],"killed_by":"Snecko","ascension_level":5}