{"path_per_floor":["M","M","$","?","M","E","R","E","T","R","M","M","?","M","R","B",null,"M","M","$","M","M","R","M","R","T","R","M","E","M","M","R","B",null,"M","M","M","$","M","R","?","M","T","?","M","?","M","M","R"],"character_chosen":"IRONCLAD","items_purchased":["Dual Wield","Sever Soul","Pantograph","Body Slam","Shrug It Off","Self Forming Clay"],"gold_per_floor":[113,131,20,20,36,70,70,98,98,98,109,128,191,210,210,313,313,325,340,29,49,63,63,73,73,73,73,93,120,140,154,154,259,259,277,297,317,65,85,85,0,18,18,18,30,381,394,405,405,405],"floor_reached":50,"campfire_rested":6,"playtime":8899,"current_hp_per_floor":[72,64,64,64,59,39,63,63,77,94,83,83,83,83,83,53,94,94,72,72,72,65,93,85,85,85,85,79,54,39,51,79,42,94,73,65,57,57,37,65,65,59,59,59,46,26,40,29,59,0],"items_purged":[],"gold":405,"score":584,"play_id":"9392fd85-c610-478c-a66e-94d227674c53","local_time":"20180507100231","is_prod":false,"is_daily":false,"chose_seed":false,"is_ascension_mode":false,"campfire_upgraded":3,"timestamp":1525683751,"path_taken":["M","M","$","?","M","E","R","E","T","R","M","M","?","M","R","BOSS","M","M","$","M","M","R","M","R","T","R","M","E","M","M","R","BOSS","M","M","M","$","M","R","?","M","T","?","M","?","M","M","R","BOSS"],"build_version":"2018-05-03","seed_source_timestamp":0,"purchased_purges":0,"victory":false,"master_deck":["Strike_R","Strike_R","Strike_R","Strike_R","Strike_R","Defend_R","Defend_R","Defend_R","Bash","Searing Blow+1","Uppercut","Dual Wield","Sever Soul","Pummel","Metallicize+1","Anger","Armaments","Carnage","Armaments","Cleave","Demon Form+1","Blood for Blood","Thunderclap+1","Body Slam","Shrug It Off","Clothesline+1","Inflame","Blood for Blood","Entrench","Perfected Strike","Shrug It Off","Rage+1","Impervious","Thunderclap","Armaments+1","Cleave+1","Fire Breathing","Intimidate","Whirlwind+1","Feed","Intimidate+1","Shrug It Off+1"],"max_hp_per_floor":[80,80,80,80,80,80,80,80,94,94,94,94,94,94,94,94,94,94,94,94,94,94,94,94,94,94,94,94,94,94,94,94,94,94,94,94,94,94,94,94,94,94,94,94,94,94,97,100,100,100],"relics":["Snecko Eye","Meat on the Bone","Gambling Chip","Mango","Runic Cube","Pantograph","Unceasing Top","Pen Nib","Lizard Tail","Self Forming Clay","Red Mask","Orichalcum","Old Coin"],"card_choices":[{"not_picked":["Flame Barrier","Ghostly Armor"],"picked":"Searing Blow","floor":1.0},{"not_picked":["Anger","Clothesline"],"picked":"Uppercut","floor":2.0},{"not_picked":["Perfected Strike","Rampage"],"picked":"Metallicize","floor":5.0},{"not_picked":["Clothesline","Cleave"],"picked":"Anger","floor":6.0},{"not_picked":["Shockwave","Power Through"],"picked":"Armaments","floor":8.0},{"not_picked":["Corruption","Headbutt"],"picked":"Carnage","floor":11.0},{"not_picked":["Clash","Rage"],"picked":"Armaments","floor":12.0},{"not_picked":["Dual Wield","Flex"],"picked":"Cleave","floor":14.0},{"not_picked":["Berserk","Reaper"],"picked":"Demon Form","floor":16.0},{"not_picked":["Pommel Strike","Flex"],"picked":"Blood for Blood","floor":18.0},{"not_picked":["Clash","Second Wind"],"picked":"Thunderclap","floor":19.0},{"not_picked":["Headbutt","Thunderclap"],"picked":"Clothesline","floor":21.0},{"not_picked":["Anger","Reaper"],"picked":"Inflame","floor":22.0},{"not_picked":["Corruption","Armaments"],"picked":"Blood for Blood","floor":24.0},{"not_picked":["Searing Blow","Burning Pact"],"picked":"Entrench","floor":28.0},{"not_picked":["Pommel Strike","Burning Pact"],"picked":"Perfected Strike","floor":29.0},{"not_picked":["Iron Wave","Carnage"],"picked":"Shrug It Off","floor":30.0},{"not_picked":["True Grit","Anger"],"picked":"Rage","floor":31.0},{"not_picked":["Fiend Fire","Brutality"],"picked":"Impervious","floor":33.0},{"not_picked":["True Grit","Sever Soul"],"picked":"Thunderclap","floor":35.0},{"not_picked":["Dropkick","Bloodletting"],"picked":"Armaments","floor":36.0},{"not_picked":["Sword Boomerang","Pummel"],"picked":"Cleave","floor":37.0},{"not_picked":["Inflame","Entrench"],"picked":"Fire Breathing","floor":39.0},{"not_picked":["Cleave","Sever Soul"],"picked":"Intimidate","floor":42.0},{"not_picked":["Pummel","Sword Boomerang"],"picked":"Whirlwind","floor":45.0},{"not_picked":["Infernal Blade","Flex"],"picked":"Feed","floor":46.0},{"not_picked":["True Grit","Power Through"],"picked":"Intimidate","floor":47.0},{"not_picked":["Twin Strike","Infernal Blade"],"picked":"Shrug It Off","floor":48.0}],"player_experience":3821,"potions_floor_usage":[50],"damage_taken":[{"damage":8.0,"enemies":"Jaw Worm","floor":1.0,"turns":3.0},{"damage":8.0,"enemies":"Small Slimes","floor":2.0,"turns":3.0},{"damage":5.0,"enemies":"2 Louse","floor":5.0,"turns":2.0},{"damage":20.0,"enemies":"Lagavulin","floor":6.0,"turns":4.0},{"damage":0.0,"enemies":"Gremlin Nob","floor":8.0,"turns":2.0},{"damage":11.0,"enemies":"Exordium Wildlife","floor":11.0,"turns":2.0},{"damage":0.0,"enemies":"Blue Slaver","floor":12.0,"turns":2.0},{"damage":0.0,"enemies":"3 Louse","floor":14.0,"turns":2.0},{"damage":42.0,"enemies":"Hexaghost","floor":16.0,"turns":8.0},{"damage":0.0,"enemies":"Chosen","floor":18.0,"turns":4.0},{"damage":22.0,"enemies":"2 Thieves","floor":19.0,"turns":3.0},{"damage":0.0,"enemies":"3 Cultists","floor":21.0,"turns":4.0},{"damage":7.0,"enemies":"Snake Plant","floor":22.0,"turns":2.0},{"damage":8.0,"enemies":"Cultist and Chosen","floor":24.0,"turns":5.0},{"damage":6.0,"enemies":"Snecko","floor":28.0,"turns":3.0},{"damage":25.0,"enemies":"Gremlin Leader","floor":29.0,"turns":3.0},{"damage":27.0,"enemies":"Slaver and Parasite","floor":30.0,"turns":4.0},{"damage":0.0,"enemies":"Cultist and Chosen","floor":31.0,"turns":3.0},{"damage":67.0,"enemies":"Champ","floor":33.0,"turns":9.0},{"damage":21.0,"enemies":"3 Darklings","floor":35.0,"turns":4.0},{"damage":8.0,"enemies":"Orb Walker","floor":36.0,"turns":4.0},{"damage":20.0,"enemies":"Sphere and 2 Shapes","floor":37.0,"turns":4.0},{"damage":32.0,"enemies":"3 Darklings","floor":39.0,"turns":4.0},{"damage":18.0,"enemies":"4 Shapes","floor":42.0,"turns":5.0},{"damage":25.0,"enemies":"Sphere and 2 Shapes","floor":45.0,"turns":6.0},{"damage":32.0,"enemies":"Mysterious Sphere","floor":46.0,"turns":4.0},{"damage":1.0,"enemies":"3 Darklings","floor":47.0,"turns":4.0},{"damage":79.0,"enemies":"4 Shapes","floor":48.0,"turns":6.0},{"damage":87,"enemies":"Awakened One","floor":50,"turns":8}],"event_choices":[{"event_name":"Living Wall","player_choice":"Change","floor":4.0,"damage_taken":0.0},{"event_name":"Golden Wing","player_choice":"Gained Gold","floor":13.0,"damage_taken":0.0},{"event_name":"Tomb of Lord Red Mask","player_choice":"Paid","floor":41.0,"damage_taken":0.0},{"event_name":"SecretPortal","player_choice":"Rejected Portal.","floor":44.0,"damage_taken":0.0},{"event_name":"Mysterious Sphere","player_choice":"Fight","floor":46.0,"damage_taken":0.0}],"boss_relics":[],"potions_floor_spawned":[1,2,12,14,19,21,28,30,31,35,37,45,47],"seed_played":"-1418170740414824482","killed_by":"Awakened One","ascension_level":0,"is_trial":false}