{"path_per_floor":["M","?","?","M","M","R","E","R","T","E","$","M","M","?","R","B",null,"M","M","?","$","M","R","?","R","T","M","?","E","R","M","R","B",null,"M","?","M","?","?","M","R","E","T","M","R","E","M","M","R"],"character_chosen":"THE_SILENT","items_purchased":["Bane","Flying Knee","Noxious Fumes"],"gold_per_floor":[18,18,18,35,53,53,88,88,88,121,68,83,94,44,44,143,143,161,172,172,47,58,58,58,58,83,95,0,25,25,35,35,131,131,150,150,163,163,0,20,20,51,51,70,70,102,121,133,133,133],"floor_reached":50,"campfire_rested":7,"playtime":5293,"item_purchase_floors":[11,21,21],"current_hp_per_floor":[70,58,58,58,58,58,49,70,70,52,52,52,39,39,60,51,70,70,62,62,62,47,68,68,68,68,65,65,43,70,64,64,27,70,70,70,57,48,48,48,70,53,53,30,66,61,45,36,70,0],"items_purged":[],"gold":133,"score":557,"play_id":"7b0d03fa-ada7-490d-afa4-f0315a9d1532","local_time":"20180528144240","is_prod":false,"is_daily":false,"chose_seed":false,"is_ascension_mode":false,"campfire_upgraded":3,"win_rate":0.0,"timestamp":1527514960,"campfire_choices":[{"data":"Caltrops","floor":6,"key":"SMITH"},{"floor":8,"key":"REST"},{"floor":15,"key":"REST"},{"floor":23,"key":"REST"},{"data":"Caltrops","floor":25,"key":"SMITH"},{"floor":30,"key":"REST"},{"data":"Noxious Fumes","floor":32,"key":"SMITH"},{"floor":41,"key":"REST"},{"floor":45,"key":"REST"},{"floor":49,"key":"REST"}],"path_taken":["M","?","?","M","?","R","E","R","T","E","$","?","M","?","R","BOSS","M","M","?","$","M","R","?","R","T","M","?","E","R","?","R","BOSS","M","?","?","?","?","M","R","E","T","M","R","E","M","M","R","BOSS"],"build_version":"2018-05-24","seed_source_timestamp":748426433786426,"purchased_purges":0,"victory":false,"master_deck":["Defend_G","Defend_G","Defend_G","Defend_G","Defend_G","Strike_G","Strike_G","Strike_G","Strike_G","Survivor","Neutralize","After Image+1","Caltrops+1","Deflect","Deadly Poison","Catalyst","Adrenaline+1","Bane","Dodge and Roll+1","Noxious Fumes+1","Storm of Steel+1","Expertise+1","Accuracy","Footwork","Flying Knee","Noxious Fumes","Dramatic Entrance","Caltrops+1","Footwork","Escape Plan+1","After Image","Skewer+1","Madness+1","Madness+1","Deadly Poison+1","Normality","Outmaneuver+1"],"max_hp_per_floor":[70,70,70,70,70,70,70,70,70,70,70,70,70,70,70,70,70,70,70,70,70,70,70,70,70,70,70,70,70,70,70,70,70,70,70,70,70,70,70,70,70,70,70,70,70,70,70,70,70,70],"relics":["Ring of the Snake","Ninja Scroll","Ginger","Potion Belt","Toxic Egg 2","Sozu","Regal Pillow","Bag of Marbles","Cursed Key","Red Mask","Matryoshka","Omamori","Art of War","Ancient Tea Set"],"card_choices":[{"not_picked":["Unload","Die Die Die"],"picked":"After Image","floor":0},{"not_picked":["Backflip","Well Laid Plans"],"picked":"Caltrops","floor":1},{"not_picked":["Accuracy","Calculated Gamble"],"picked":"Deflect","floor":4},{"not_picked":["Dodge and Roll","Riddle With Holes"],"picked":"Deadly Poison","floor":5},{"not_picked":["Dash","Reflex"],"picked":"Catalyst","floor":7},{"not_picked":["Predator","Backflip"],"picked":"Adrenaline","floor":10},{"not_picked":["Dagger Spray","Sucker Punch"],"picked":"Dodge and Roll+1","floor":12},{"not_picked":["Sucker Punch","Dagger Throw"],"picked":"Noxious Fumes","floor":13},{"not_picked":["Wraith Form v2","Adrenaline+1"],"picked":"Storm of Steel+1","floor":16},{"not_picked":["Sucker Punch","Cloak And Dagger+1"],"picked":"Expertise+1","floor":18},{"not_picked":["Predator+1","Reflex+1"],"picked":"Accuracy","floor":19},{"not_picked":["Underhanded Strike+1","Acrobatics+1","Bane"],"picked":"SKIP","floor":22},{"not_picked":["Underhanded Strike","Dagger Throw","Dagger Spray+1"],"picked":"SKIP","floor":27},{"not_picked":["Masterful Stab+1","Dagger Spray"],"picked":"Footwork","floor":29},{"not_picked":["Cloak And Dagger+1","Flying Knee"],"picked":"Escape Plan+1","floor":31},{"not_picked":["Unload","Burst+1"],"picked":"After Image","floor":33},{"not_picked":["Accuracy+1","Poisoned Stab+1"],"picked":"Skewer+1","floor":35},{"not_picked":["Eviscerate","Prepared+1","Reflex+1"],"picked":"SKIP","floor":37},{"not_picked":["Dagger Spray","Prepared+1"],"picked":"Deadly Poison+1","floor":40},{"not_picked":["Deadly Poison+1","Noxious Fumes","All Out Attack"],"picked":"SKIP","floor":42},{"not_picked":["Deflect+1","Cloak And Dagger+1","Flying Knee"],"picked":"SKIP","floor":44},{"not_picked":["Dodge and Roll+1","Dagger Spray+1","PiercingWail+1"],"picked":"SKIP","floor":46},{"not_picked":["Bane","Distraction+1"],"picked":"Outmaneuver+1","floor":47},{"not_picked":["Bane+1","Prepared+1","Underhanded Strike+1"],"picked":"SKIP","floor":48}],"player_experience":212817,"potions_floor_usage":[18,29],"damage_taken":[{"damage":0,"enemies":"2 Louse","floor":1,"turns":5},{"damage":0,"enemies":"Small Slimes","floor":4,"turns":3},{"damage":0,"enemies":"Jaw Worm","floor":5,"turns":4},{"damage":9,"enemies":"3 Sentries","floor":7,"turns":10},{"damage":18,"enemies":"Gremlin Nob","floor":10,"turns":5},{"damage":0,"enemies":"Looter","floor":12,"turns":3},{"damage":13,"enemies":"Large Slime","floor":13,"turns":6},{"damage":9,"enemies":"The Guardian","floor":16,"turns":11},{"damage":0,"enemies":"Chosen","floor":18,"turns":5},{"damage":8,"enemies":"Spheric Guardian","floor":19,"turns":5},{"damage":15,"enemies":"Chosen and Byrds","floor":22,"turns":7},{"damage":3,"enemies":"Centurion and Healer","floor":27,"turns":8},{"damage":22,"enemies":"Gremlin Leader","floor":29,"turns":7},{"damage":6,"enemies":"Snecko","floor":31,"turns":4},{"damage":37,"enemies":"Automaton","floor":33,"turns":10},{"damage":0,"enemies":"3 Shapes","floor":35,"turns":6},{"damage":13,"enemies":"Orb Walker","floor":37,"turns":5},{"damage":0,"enemies":"4 Shapes","floor":40,"turns":6},{"damage":17,"enemies":"Giant Head","floor":42,"turns":10},{"damage":23,"enemies":"3 Darklings","floor":44,"turns":4},{"damage":5,"enemies":"Nemesis","floor":46,"turns":8},{"damage":16,"enemies":"Maw","floor":47,"turns":7},{"damage":9,"enemies":"Sphere and 2 Shapes","floor":48,"turns":4},{"damage":76,"enemies":"Time Eater","floor":50,"turns":7}],"relics_obtained":[{"floor":7,"key":"Ginger"},{"floor":9,"key":"Potion Belt"},{"floor":10,"key":"Toxic Egg 2"},{"floor":26,"key":"Regal Pillow"},{"floor":29,"key":"Bag of Marbles"},{"floor":42,"key":"Matryoshka"},{"floor":43,"key":"Omamori"},{"floor":43,"key":"Art of War"},{"floor":46,"key":"Ancient Tea Set"}],"event_choices":[{"event_name":"Scrap Ooze","player_choice":"success","floor":2,"damage_taken":12},{"event_name":"Living Wall","player_choice":"Grow","floor":3,"damage_taken":0},{"event_name":"World of Goop","player_choice":"Left","floor":14,"damage_taken":0},{"event_name":"The Library","player_choice":"Read","floor":20,"damage_taken":0},{"event_name":"Match and Keep!","player_choice":"2 cards matched","floor":24,"damage_taken":0},{"event_name":"Masked Bandits","player_choice":"Paid Bandits 95 gold","floor":28,"damage_taken":0},{"event_name":"Winding Halls","player_choice":"Embrace Madness","floor":38,"damage_taken":0},{"event_name":"Tomb of Lord Red Mask","player_choice":"Paid","floor":39,"damage_taken":0}],"boss_relics":[{"not_picked":["Velvet Choker","Lizard Tail"],"picked":"Sozu"},{"not_picked":["Calling Bell","Tiny House"],"picked":"Cursed Key"}],"items_purged_floors":[],"potions_floor_spawned":[1,10,19,31,40,42,46,48],"seed_played":"-3945672572948700290","killed_by":"Time Eater","ascension_level":0,"potions_obtained":[{"floor":1,"key":"Weak Potion"},{"floor":10,"key":"Block Potion"}],"is_trial":false}