{"gold_per_floor":[114,35,35,49,10,40,40,40,85,120,120,38,38,51,51,148,148,160,85,85,85,85,119,119,154,154,154,166,166,51,51,51,51],"floor_reached":33,"playtime":1100,"items_purged":[],"score":371,"play_id":"7bf276ce-b394-4d84-91d7-2ab7b93b0cf8","local_time":"20190601205314","is_ascension_mode":true,"campfire_choices":[{"floor":8,"key":"REST"},{"floor":11,"key":"REST"},{"floor":15,"key":"REST"},{"floor":24,"key":"REST"},{"floor":27,"key":"REST"},{"floor":32,"key":"REST"}],"neow_cost":"NONE","seed_source_timestamp":632454180951356,"circlet_count":0,"master_deck":["Defend_G+1","Defend_G+1","Defend_G+1","Defend_G+1","Defend_G+1","Strike_G+1","Strike_G+1","Strike_G+1","Strike_G+1","Survivor+1","Neutralize","Poisoned Stab","Infinite Blades","Deadly Poison","Infinite Blades","Catalyst","Footwork","Cloak And Dagger","Venomology+1","Cloak And Dagger","Writhe","Backflip","Storm of Steel","Dagger Spray"],"relics":["Ring of the Snake","War Paint","Juzu Bracelet","Bronze Scales","Blue Candle","White Beast Statue","Dodecahedron","Orichalcum","Gambling Chip","Ornamental Fan","Tiny Chest"],"potions_floor_usage":[16,23,23,25,28,33,33,33],"damage_taken":[{"damage":1,"enemies":"Cultist","floor":1,"turns":5},{"damage":1,"enemies":"2 Louse","floor":4,"turns":3},{"damage":42,"enemies":"3 Sentries","floor":6,"turns":10},{"damage":44,"enemies":"Gremlin Nob","floor":10,"turns":5},{"damage":0,"enemies":"Jaw Worm","floor":14,"turns":4},{"damage":46,"enemies":"The Guardian","floor":16,"turns":10},{"damage":12,"enemies":"Chosen","floor":18,"turns":7},{"damage":42,"enemies":"Slavers","floor":23,"turns":7},{"damage":63,"enemies":"Book of Stabbing","floor":25,"turns":7},{"damage":11,"enemies":"Spheric Guardian","floor":28,"turns":6},{"damage":59,"enemies":"Automaton","floor":33,"turns":8}],"seed_played":"7028820454899608163","potions_obtained":[{"floor":6,"key":"LiquidBronze"},{"floor":10,"key":"Strength Potion"},{"floor":18,"key":"Poison Potion"},{"floor":23,"key":"Regen Potion"},{"floor":25,"key":"Fire Potion"},{"floor":28,"key":"Regen Potion"}],"is_trial":false,"path_per_floor":["M","$","?","M","$","E","?","R","T","E","R","$","?","M","R","B",null,"M","?","?","?","?","E","R","E","T","R","M","?","$","?","R","B"],"character_chosen":"THE_SILENT","items_purchased":["Infinite Blades","Infinite Blades","Footwork","Tiny Chest"],"campfire_rested":6,"item_purchase_floors":[2,5,12,30],"current_hp_per_floor":[69,69,69,68,68,26,26,49,49,5,28,28,28,28,51,5,59,47,47,47,47,72,30,53,5,5,28,17,17,17,17,40,0],"gold":51,"neow_bonus":"TEN_PERCENT_HP_BONUS","is_prod":false,"is_daily":false,"chose_seed":false,"campfire_upgraded":0,"win_rate":0,"timestamp":1559436794,"path_taken":["M","?","?","M","?","E","?","R","T","E","R","$","?","M","R","BOSS","M","?","?","?","?","E","R","E","T","R","M","?","$","?","R","BOSS"],"build_version":"2019-01-23","purchased_purges":0,"victory":false,"max_hp_per_floor":[77,77,77,77,77,77,77,77,77,77,77,77,77,77,77,77,77,77,77,77,77,77,77,77,77,77,77,77,77,77,77,77,77],"card_choices":[{"not_picked":["Bane","Catalyst"],"picked":"Poisoned Stab","floor":1},{"not_picked":["Outmaneuver","Footwork"],"picked":"Deadly Poison","floor":4},{"not_picked":["Quick Slash","Distraction"],"picked":"Catalyst","floor":6},{"not_picked":["Underhanded Strike","Backflip","Doppelganger"],"picked":"SKIP","floor":10},{"not_picked":["Deadly Poison","Flying Knee"],"picked":"Cloak And Dagger","floor":14},{"not_picked":["Storm of Steel","Die Die Die"],"picked":"Venomology","floor":16},{"not_picked":["Dagger Throw","Dodge and Roll+1"],"picked":"Cloak And Dagger","floor":18},{"not_picked":["Prepared","Expertise+1"],"picked":"Backflip","floor":23},{"not_picked":["Sucker Punch","Masterful Stab+1"],"picked":"Storm of Steel","floor":25},{"not_picked":["Dodge and Roll","Deadly Poison"],"picked":"Dagger Spray","floor":28}],"player_experience":379393,"relics_obtained":[{"floor":6,"key":"War Paint"},{"floor":9,"key":"Juzu Bracelet"},{"floor":10,"key":"Bronze Scales"},{"floor":23,"key":"Orichalcum"},{"floor":25,"key":"Gambling Chip"},{"floor":26,"key":"Ornamental Fan"}],"event_choices":[{"damage_healed":0,"gold_gain":0,"player_choice":"Ignored","damage_taken":0,"max_hp_gain":0,"max_hp_loss":0,"event_name":"Golden Wing","floor":3,"gold_loss":0},{"damage_healed":0,"gold_gain":0,"player_choice":"Ignored","damage_taken":0,"max_hp_gain":0,"max_hp_loss":0,"event_name":"Liars Game","floor":7,"gold_loss":0},{"damage_healed":0,"gold_gain":0,"player_choice":"Gave Potion","damage_taken":0,"relics_obtained":["Blue Candle"],"max_hp_gain":0,"max_hp_loss":0,"event_name":"WeMeetAgain","floor":13,"gold_loss":0},{"cards_removed":["Strike_G"],"damage_healed":0,"gold_gain":0,"player_choice":"Gave Gold","damage_taken":0,"max_hp_gain":0,"max_hp_loss":0,"event_name":"Beggar","floor":19,"gold_loss":75},{"damage_healed":0,"gold_gain":0,"player_choice":"Simplicity","damage_taken":0,"max_hp_gain":0,"max_hp_loss":0,"event_name":"Back to Basics","floor":20,"gold_loss":0,"cards_upgraded":["Defend_G","Defend_G","Defend_G","Defend_G","Strike_G","Strike_G","Strike_G","Strike_G"]},{"damage_healed":0,"gold_gain":0,"player_choice":"Opened","damage_taken":0,"relics_obtained":["Dodecahedron"],"max_hp_gain":0,"max_hp_loss":0,"event_name":"The Mausoleum","floor":21,"gold_loss":0,"cards_obtained":["Writhe"]},{"damage_healed":25,"gold_gain":0,"player_choice":"Heal","damage_taken":0,"max_hp_gain":0,"max_hp_loss":0,"event_name":"The Library","floor":22,"gold_loss":0},{"damage_healed":0,"gold_gain":0,"player_choice":"Forge","damage_taken":0,"max_hp_gain":0,"max_hp_loss":0,"event_name":"Accursed Blacksmith","floor":29,"gold_loss":0,"cards_upgraded":["Venomology"]}],"is_beta":false,"boss_relics":[{"not_picked":["Coffee Dripper","Empty Cage"],"picked":"White Beast Statue"}],"items_purged_floors":[],"is_endless":false,"potions_floor_spawned":[6,10,18,23,25,28],"killed_by":"Automaton","ascension_level":6}