{"gold_per_floor":[111,33,33,6,18,53,53,81,132,160,160,81,256,270,270,366,366,366,366,366,366,366,366,74,74,74,74,74,74,74,74,74,74,74,74,74,47,47,47,47,47,47,47,47,47,47,47,47,47,47],"floor_reached":50,"playtime":3051,"items_purged":[],"score":768,"play_id":"056d421c-3107-48b5-b7b1-dc812cd308f6","local_time":"20181117152731","is_ascension_mode":true,"campfire_choices":[{"data":"Neutralize","floor":7.0,"key":"SMITH"},{"floor":15.0,"key":"REST"},{"floor":23.0,"key":"REST"},{"floor":32.0,"key":"REST"},{"floor":40.0,"key":"REST"},{"floor":42.0,"key":"REST"},{"floor":47,"key":"REST"},{"floor":49,"key":"REST"}],"neow_cost":"NONE","seed_source_timestamp":0,"circlet_count":0,"master_deck":["Defend_G","Defend_G","Defend_G","Defend_G","Defend_G","Strike_G","Strike_G","Strike_G","Strike_G","Strike_G+1","Survivor+1","Neutralize+1","Flying Knee+1","Finisher","Dodge and Roll","Dash","Deadly Poison","Bane","Blur","Doubt","Bane","A Thousand Cuts","Calculated Gamble","Skewer","Doppelganger","Well Laid Plans","A Thousand Cuts","Catalyst+1","Noxious Fumes","Night Terror","Footwork","Escape Plan","Deflect+1","Cloak And Dagger","Prepared+1","Deadly Poison","Masterful Stab","Madness","Madness","Swift Strike","Deflect","Dodge and Roll+1"],"special_seed":0,"relics":["Ring of the Snake","NeowsBlessing","Regal Pillow","Letter Opener","Juzu Bracelet","Bronze Scales","Gambling Chip","Ectoplasm","Ninja Scroll","Boot","Whetstone","Potion Belt","Snake Skull","Orrery","GremlinMask","Blood Vial"],"potions_floor_usage":[50,50,50,50],"damage_taken":[{"damage":0.0,"enemies":"2 Louse","floor":1.0,"turns":1.0},{"damage":0.0,"enemies":"Cultist","floor":5.0,"turns":1.0},{"damage":0.0,"enemies":"Gremlin Nob","floor":6.0,"turns":1.0},{"damage":17.0,"enemies":"3 Sentries","floor":8.0,"turns":9.0},{"damage":35.0,"enemies":"Lagavulin","floor":10.0,"turns":7.0},{"damage":0.0,"enemies":"Small Slimes","floor":14.0,"turns":5.0},{"damage":25.0,"enemies":"Hexaghost","floor":16.0,"turns":11.0},{"damage":1.0,"enemies":"3 Byrds","floor":18.0,"turns":3.0},{"damage":0.0,"enemies":"Chosen","floor":20.0,"turns":5.0},{"damage":8.0,"enemies":"Snake Plant","floor":22.0,"turns":4.0},{"damage":42.0,"enemies":"Book of Stabbing","floor":29.0,"turns":5.0},{"damage":58.0,"enemies":"Champ","floor":33.0,"turns":14.0},{"damage":1.0,"enemies":"3 Shapes","floor":35.0,"turns":4.0},{"damage":47.0,"enemies":"3 Darklings","floor":39.0,"turns":4.0},{"damage":56,"enemies":"Sphere and 2 Shapes","floor":46,"turns":6},{"damage":10,"enemies":"4 Shapes","floor":48,"turns":6},{"damage":75,"enemies":"Donu and Deca","floor":50,"turns":5}],"seed_played":"2485834436247518731","potions_obtained":[{"floor":1.0,"key":"SteroidPotion"},{"floor":5.0,"key":"Weak Potion"},{"floor":8.0,"key":"Ancient Potion"},{"floor":10.0,"key":"Fire Potion"},{"floor":16.0,"key":"Swift Potion"},{"floor":18.0,"key":"Fire Potion"},{"floor":22.0,"key":"Regen Potion"},{"floor":29.0,"key":"Dexterity Potion"},{"floor":36.0,"key":"Energy Potion"},{"floor":36.0,"key":"Strength Potion"},{"floor":39.0,"key":"Energy Potion"},{"floor":46,"key":"Swift Potion"}],"is_trial":false,"path_per_floor":["M","$","?","$","M","E","R","E","T","E","?","$","?","M","R","B",null,"M","?","M","?","M","R","$","T","T","?","$","E","?","T","R","B",null,"M","?","$","?","M","R","$","R","T","?","?","M","R","M","R","B"],"character_chosen":"THE_SILENT","items_purchased":["Finisher","Dodge and Roll","Blur","Ninja Scroll","Well Laid Plans","Deadly Poison"],"campfire_rested":7,"item_purchase_floors":[2,4,12,24,24,37],"current_hp_per_floor":[63,63,63,63,63,63,63,46,46,11,11,11,11,11,47,22,58,57,57,57,57,49,70,70,70,70,70,70,28,28,28,64,15,56,55,55,55,55,8,44,44,70,70,61,61,7,43,35,70,0],"gold":47,"neow_bonus":"THREE_ENEMY_KILL","is_prod":false,"is_daily":false,"chose_seed":false,"campfire_upgraded":1,"win_rate":0,"timestamp":1542468451,"path_taken":["M","$","?","$","?","E","R","E","T","E","?","?","?","M","R","BOSS","M","?","M","?","M","R","?","?","T","?","?","E","?","?","R","BOSS","M","?","?","?","M","R","$","R","T","?","?","M","R","M","R","BOSS"],"build_version":"2018-11-15","purchased_purges":0,"victory":false,"max_hp_per_floor":[70,70,70,70,70,70,70,70,70,70,70,70,70,70,70,70,70,70,70,70,70,70,70,70,70,70,70,70,70,70,70,70,70,70,70,70,70,70,70,70,70,70,70,70,70,70,70,70,70,70],"card_choices":[{"not_picked":["Bouncing Flask","Cloak And Dagger"],"picked":"Flying Knee","floor":1.0},{"not_picked":["Quick Slash","Adrenaline"],"picked":"Dash","floor":5.0},{"not_picked":["Dagger Throw","Outmaneuver"],"picked":"Deadly Poison","floor":6.0},{"not_picked":["Dagger Throw","Poisoned Stab","Choke"],"picked":"SKIP","floor":8.0},{"not_picked":["Acrobatics","Poisoned Stab"],"picked":"Bane","floor":10.0},{"not_picked":["Deflect","Tactician"],"picked":"Bane","floor":14.0},{"not_picked":["Unload","Malaise"],"picked":"A Thousand Cuts","floor":16.0},{"not_picked":["Dagger Throw","Dagger Spray"],"picked":"Calculated Gamble","floor":18.0},{"not_picked":["Backflip","Flechettes"],"picked":"Skewer","floor":20.0},{"not_picked":["Acrobatics","Concentrate"],"picked":"Doppelganger","floor":22.0},{"not_picked":["Bane","Cloak And Dagger"],"picked":"Catalyst+1","floor":29.0},{"not_picked":["Wraith Form v2","Adrenaline"],"picked":"Night Terror","floor":33.0},{"not_picked":["Acrobatics","Dash"],"picked":"Footwork","floor":34.0},{"not_picked":["Prepared","Dodge and Roll"],"picked":"Escape Plan","floor":34.0},{"not_picked":["Poisoned Stab","Dagger Spray+1"],"picked":"Deflect+1","floor":34.0},{"not_picked":["Expertise+1","Eviscerate"],"picked":"Cloak And Dagger","floor":34.0},{"not_picked":["Bane+1","Dagger Throw"],"picked":"Prepared+1","floor":35.0},{"not_picked":["Calculated Gamble+1","Quick Slash"],"picked":"Masterful Stab","floor":39.0},{"not_picked":["Impatience","Purity"],"picked":"Swift Strike","floor":45.0},{"not_picked":["Underhanded Strike+1","Unload"],"picked":"Deflect","floor":46},{"not_picked":["Dagger Spray","Heel Hook"],"picked":"Dodge and Roll+1","floor":48}],"player_experience":848541,"relics_obtained":[{"floor":6.0,"key":"Letter Opener"},{"floor":8.0,"key":"Juzu Bracelet"},{"floor":9.0,"key":"Bronze Scales"},{"floor":10.0,"key":"Gambling Chip"},{"floor":25.0,"key":"Boot"},{"floor":26.0,"key":"Whetstone"},{"floor":29.0,"key":"Potion Belt"},{"floor":31.0,"key":"Snake Skull"},{"floor":43.0,"key":"Blood Vial"}],"event_choices":[{"damage_healed":0.0,"max_hp_gain":0.0,"max_hp_loss":0.0,"gold_gain":0.0,"event_name":"WeMeetAgain","player_choice":"Gave Potion","floor":3.0,"gold_loss":0.0,"damage_taken":0.0,"relics_obtained":["Regal Pillow"]},{"damage_healed":0.0,"max_hp_gain":0.0,"max_hp_loss":0.0,"gold_gain":0.0,"event_name":"Accursed Blacksmith","player_choice":"Forge","floor":11.0,"gold_loss":0.0,"damage_taken":0.0,"cards_upgraded":["Survivor"]},{"damage_healed":0.0,"max_hp_gain":0.0,"max_hp_loss":0.0,"gold_gain":175.0,"event_name":"Liars Game","player_choice":"AGREE","floor":13.0,"gold_loss":0.0,"damage_taken":0.0,"cards_obtained":["Doubt"]},{"damage_healed":0.0,"max_hp_gain":0.0,"max_hp_loss":0.0,"gold_gain":99.0,"event_name":"Nest","player_choice":"Stole From Cult","floor":19.0,"gold_loss":0.0,"damage_taken":0.0},{"damage_healed":0.0,"max_hp_gain":0.0,"max_hp_loss":0.0,"gold_gain":0.0,"event_name":"Ghosts","player_choice":"Ignored","floor":21.0,"gold_loss":0.0,"damage_taken":0.0},{"damage_healed":0.0,"max_hp_gain":0.0,"max_hp_loss":0.0,"gold_gain":0.0,"event_name":"Duplicator","player_choice":"Copied","floor":27.0,"gold_loss":0.0,"damage_taken":0.0,"cards_obtained":["A Thousand Cuts"]},{"damage_healed":0.0,"max_hp_gain":0.0,"max_hp_loss":0.0,"gold_gain":0.0,"event_name":"The Library","player_choice":"Read","floor":30.0,"gold_loss":0.0,"damage_taken":0.0,"cards_obtained":["Noxious Fumes"]},{"damage_healed":0.0,"max_hp_gain":0.0,"max_hp_loss":0.0,"gold_gain":0.0,"event_name":"Lab","player_choice":"Got Potions","floor":36.0,"gold_loss":0.0,"damage_taken":0.0},{"damage_healed":0.0,"max_hp_gain":0.0,"max_hp_loss":0.0,"gold_gain":0.0,"event_name":"FaceTrader","player_choice":"Trade","floor":38.0,"gold_loss":0.0,"damage_taken":0.0,"relics_obtained":["GremlinMask"]},{"damage_healed":0.0,"max_hp_gain":0.0,"max_hp_loss":0.0,"gold_gain":0.0,"event_name":"Winding Halls","player_choice":"Embrace Madness","floor":44.0,"gold_loss":0.0,"damage_taken":9.0,"cards_obtained":["Madness","Madness"]},{"damage_healed":0.0,"max_hp_gain":0.0,"max_hp_loss":0.0,"gold_gain":0.0,"event_name":"SensoryStone","player_choice":"Memory 1","floor":45.0,"gold_loss":0.0,"damage_taken":0.0}],"is_beta":false,"boss_relics":[{"not_picked":["HoveringKite","Eternal Feather"],"picked":"Ectoplasm"},{"not_picked":["White Beast Statue","Coffee Dripper"],"picked":"Orrery"}],"items_purged_floors":[],"is_endless":false,"potions_floor_spawned":[1,5,8,10,16,18,22,29,39,46],"killed_by":"Donu and Deca","ascension_level":9}