{"gold_per_floor":[111,111,286,286,299,75,75,93,93,103,103,3,32,46,46,145,145,165,74,84,100,100,100,134,134,134,134,9,9,25,45,45,145,145,163,163,0,20,37,67,87,87,87,87,87,104,117,130,130,130],"floor_reached":51,"playtime":3639,"items_purged":["Doubt","Strike_R","Pain"],"score":749,"play_id":"bf788aca-2daa-43cd-8930-65529ff3e83e","local_time":"20180714013456","is_ascension_mode":false,"campfire_choices":[{"data":"Rage","floor":7,"key":"SMITH"},{"data":"Body Slam","floor":15,"key":"SMITH"},{"data":"Double Tap","floor":23,"key":"SMITH"},{"data":"Shrug It Off","floor":25,"key":"SMITH"},{"floor":27,"key":"REST"},{"data":"Inflame","floor":32,"key":"SMITH"},{"floor":42,"key":"REST"},{"floor":44,"key":"REST"},{"floor":49,"key":"REST"}],"neow_cost":"NONE","seed_source_timestamp":270430016395589,"circlet_count":0,"master_deck":["Strike_R+1","Strike_R","Strike_R+1","Defend_R","Defend_R","Defend_R+1","Defend_R+1","Bash","Infernal Blade","Rage+1","Body Slam+1","Shrug It Off+1","Fiend Fire","Double Tap+1","Inflame+1","Dramatic Entrance","Rampage+1","Whirlwind+1","Spot Weakness+1","Normality"],"relics":["Burning Blood","Happy Flower","War Paint","Oddly Smooth Stone","Shuriken","Matryoshka","Cursed Key","Unceasing Top","Anchor","Kunai","Fusion Hammer","Red Mask","Ice Cream","Blue Candle","Red Skull"],"potions_floor_usage":[13,24,30,39,40,40,47,48,48,48],"damage_taken":[{"damage":0,"enemies":"2 Louse","floor":1,"turns":4},{"damage":0,"enemies":"Jaw Worm","floor":5,"turns":5},{"damage":0,"enemies":"Cultist","floor":8,"turns":4},{"damage":0,"enemies":"2 Fungi Beasts","floor":10,"turns":4},{"damage":24,"enemies":"Lagavulin","floor":13,"turns":6},{"damage":0,"enemies":"Red Slaver","floor":14,"turns":3},{"damage":27,"enemies":"Hexaghost","floor":16,"turns":9},{"damage":1,"enemies":"2 Thieves","floor":18,"turns":3},{"damage":0,"enemies":"Chosen","floor":20,"turns":3},{"damage":26,"enemies":"Slaver and Parasite","floor":21,"turns":5},{"damage":31,"enemies":"Slavers","floor":24,"turns":8},{"damage":14,"enemies":"Centurion and Healer","floor":30,"turns":5},{"damage":0,"enemies":"Snake Plant","floor":31,"turns":2},{"damage":42,"enemies":"Collector","floor":33,"turns":10},{"damage":9,"enemies":"3 Shapes","floor":35,"turns":4},{"damage":0,"enemies":"3 Darklings","floor":38,"turns":2},{"damage":15,"enemies":"Spire Growth","floor":39,"turns":4},{"damage":52,"enemies":"Nemesis","floor":40,"turns":7},{"damage":0,"enemies":"Sphere and 2 Shapes","floor":41,"turns":1},{"damage":11,"enemies":"Maw","floor":46,"turns":6},{"damage":56,"enemies":"4 Shapes","floor":47,"turns":4},{"damage":5,"enemies":"Spire Growth","floor":48,"turns":5},{"damage":18,"enemies":"Donu and Deca","floor":50,"turns":5}],"seed_played":"7036164309491280566","potions_obtained":[{"floor":1,"key":"Regen Potion"},{"floor":5,"key":"Ancient Potion"},{"floor":16,"key":"Explosive Potion"},{"floor":21,"key":"Regen Potion"},{"floor":24,"key":"SkillPotion"},{"floor":33,"key":"PowerPotion"},{"floor":39,"key":"Block Potion"},{"floor":40,"key":"EssenceOfSteel"},{"floor":41,"key":"GamblersBrew"},{"floor":47,"key":"PowerPotion"}],"is_trial":false,"path_per_floor":["M","?","?","?","M","$","R","M","T","M","?","$","E","M","R","B",null,"M","$","M","M","?","R","E","R","T","R","$","?","M","M","R","B",null,"M","?","?","M","M","E","M","R","T","R","$","M","M","M","R","B"],"character_chosen":"IRONCLAD","items_purchased":["Oddly Smooth Stone","Dramatic Entrance"],"campfire_rested":4,"item_purchase_floors":[6,19],"current_hp_per_floor":[80,77,77,77,80,80,80,80,80,80,64,64,58,64,64,43,80,80,80,80,60,60,60,50,50,50,74,74,74,66,72,72,36,80,77,77,77,80,71,25,31,55,55,79,79,74,24,25,49,37],"gold":130,"neow_bonus":"RANDOM_COMMON_RELIC","is_prod":false,"is_daily":false,"chose_seed":false,"campfire_upgraded":5,"win_rate":0,"timestamp":1531528496,"path_taken":["M","?","?","?","M","?","R","M","T","M","?","$","E","?","R","BOSS","M","$","M","M","?","R","E","R","T","R","?","?","M","M","R","BOSS","M","?","?","?","M","E","M","R","T","R","$","M","M","M","R","BOSS"],"build_version":"2018-07-12","purchased_purges":3,"victory":true,"max_hp_per_floor":[80,80,80,80,80,80,80,80,80,80,80,80,80,80,80,80,80,80,80,80,80,80,80,80,80,80,80,80,80,80,80,80,80,80,80,80,80,80,80,80,80,80,80,80,80,80,80,80,80,80],"card_choices":[{"not_picked":["Body Slam","Thunderclap"],"picked":"Infernal Blade","floor":1},{"not_picked":["Clash","Warcry","Perfected Strike"],"picked":"SKIP","floor":5},{"not_picked":["Sentinel","Clash","Fire Breathing"],"picked":"SKIP","floor":8},{"not_picked":["Pommel Strike","Cleave"],"picked":"Body Slam","floor":10},{"not_picked":["Pommel Strike","Wild Strike"],"picked":"Shrug It Off","floor":13},{"not_picked":["Sword Boomerang","Armaments"],"picked":"Fiend Fire","floor":14},{"not_picked":["Exhume","Limit Break"],"picked":"Double Tap","floor":16},{"not_picked":["Perfected Strike+1","Body Slam"],"picked":"Inflame","floor":18},{"not_picked":["Warcry","Wild Strike","Second Wind+1"],"picked":"SKIP","floor":20},{"not_picked":["Headbutt","Perfected Strike","Shrug It Off"],"picked":"SKIP","floor":21},{"not_picked":["Heavy Blade","Battle Trance+1"],"picked":"Rampage+1","floor":24},{"not_picked":["Flex","Havoc+1","Searing Blow"],"picked":"SKIP","floor":30},{"not_picked":["Headbutt","Fire Breathing","Heavy Blade+1"],"picked":"SKIP","floor":31},{"not_picked":["Heavy Blade","Iron Wave"],"picked":"Whirlwind","floor":35},{"not_picked":["Heavy Blade","Body Slam+1"],"picked":"Spot Weakness+1","floor":38},{"not_picked":["Anger","Shrug It Off","Dark Embrace"],"picked":"SKIP","floor":39},{"not_picked":["Bludgeon","Clothesline","Hemokinesis+1"],"picked":"SKIP","floor":40},{"not_picked":["Reckless Charge+1","Havoc+1","Heavy Blade+1"],"picked":"SKIP","floor":41},{"not_picked":["Shrug It Off","Anger","Sword Boomerang+1"],"picked":"SKIP","floor":46},{"not_picked":["Perfected Strike+1","Sword Boomerang+1","Disarm"],"picked":"SKIP","floor":47},{"not_picked":["Hemokinesis+1","Shrug It Off","Bloodletting"],"picked":"SKIP","floor":48}],"player_experience":315145,"relics_obtained":[{"floor":9,"key":"Shuriken"},{"floor":13,"key":"Matryoshka"},{"floor":24,"key":"Unceasing Top"},{"floor":26,"key":"Anchor"},{"floor":26,"key":"Kunai"},{"floor":40,"key":"Ice Cream"},{"floor":43,"key":"Blue Candle"},{"floor":43,"key":"Red Skull"}],"event_choices":[{"event_name":"Scrap Ooze","player_choice":"success","floor":2,"damage_taken":3},{"event_name":"Liars Game","player_choice":"agreed","floor":3,"damage_taken":0},{"event_name":"Transmorgrifier","player_choice":"Transform","floor":4,"damage_taken":0},{"event_name":"Shining Light","player_choice":"Entered Light","floor":11,"damage_taken":0},{"event_name":"Ghosts","player_choice":"Ignored","floor":22,"damage_taken":0},{"event_name":"Vampires","player_choice":"Ignored","floor":29,"damage_taken":0},{"event_name":"Upgrade Shrine","player_choice":"Upgraded","floor":36,"damage_taken":0},{"event_name":"Tomb of Lord Red Mask","player_choice":"Paid","floor":37,"damage_taken":0}],"boss_relics":[{"not_picked":["White Beast Statue","Busted Crown"],"picked":"Cursed Key"},{"not_picked":["Runic Cube","Runic Dome"],"picked":"Fusion Hammer"}],"items_purged_floors":[6,12,28],"is_endless":false,"potions_floor_spawned":[1,5,16,21,24,33,39,40,41,46,47],"ascension_level":0}