{"path_per_floor":["M","?","?","M","M","R","M","$","T","?","M","R","?","M","R","B",null,"M","?","?","$","M","R","T","R","T","R","M","?","$","T","R"],"character_chosen":"IRONCLAD","items_purchased":["Flex","Bandage Up"],"gold_per_floor":[112,112,112,132,149,149,159,30,53,82,99,99,99,118,118,217,217,237,237,162,62,81,81,81,81,81,81,96,96,2,2,2,2],"floor_reached":33,"campfire_rested":0,"playtime":2520,"current_hp_per_floor":[80,80,68,76,80,80,76,76,76,79,72,72,72,75,75,51,80,80,80,80,80,80,80,80,80,87,87,85,85,85,85,85,0],"items_purged":["Strike_R","Strike_R"],"gold":2,"score":233,"play_id":"876a8f2f-683e-48e9-be39-b8b988ff02a2","local_time":"20180510153118","is_prod":false,"is_daily":false,"chose_seed":false,"is_ascension_mode":false,"campfire_upgraded":7,"timestamp":1525962678,"path_taken":["M","?","?","M","?","R","M","$","T","?","M","R","?","M","R","BOSS","M","?","?","$","?","R","?","R","T","R","M","?","?","?","R","BOSS"],"build_version":"2018-05-03","seed_source_timestamp":88298716539732,"purchased_purges":2,"victory":false,"master_deck":["Defend_R","Defend_R","Defend_R","Defend_R","Bash+1","Twin Strike","Cleave+1","Headbutt","Sword Boomerang","Iron Wave+1","Flex+1","Pommel Strike+1","Dropkick+1","Juggernaut+1","Anger+1","Dropkick+1","Shrug It Off+1","Flex","Bandage Up"],"max_hp_per_floor":[80,80,80,80,80,80,80,80,80,80,80,80,80,80,80,80,80,80,80,80,80,80,80,80,80,87,87,87,87,87,87,87,87],"relics":["Burning Blood","Blood Vial","Orichalcum","Odd Mushroom","Runic Cube","Bottled Tornado","Strawberry","Ginger"],"card_choices":[{"not_picked":["Reckless Charge","Evolve"],"picked":"Twin Strike","floor":1},{"not_picked":["Intimidate","Thunderclap"],"picked":"Headbutt","floor":4},{"not_picked":["Ghostly Armor","Wild Strike"],"picked":"Sword Boomerang","floor":5},{"not_picked":["Power Through","Immolate"],"picked":"Iron Wave","floor":7},{"not_picked":["Perfected Strike","Power Through"],"picked":"Pommel Strike","floor":10},{"not_picked":["Searing Blow","Twin Strike"],"picked":"Dropkick","floor":14},{"not_picked":["Dark Embrace","Brutality"],"picked":"Juggernaut","floor":16},{"not_picked":["Warcry","Body Slam"],"picked":"Anger","floor":18},{"not_picked":["Body Slam","Anger"],"picked":"Shrug It Off","floor":22},{"not_picked":["Body Slam","Rupture"],"picked":"Flex","floor":28}],"player_experience":79358,"potions_floor_usage":[16,16,28,33,33],"damage_taken":[{"damage":2,"enemies":"Jaw Worm","floor":1,"turns":6},{"damage":0,"enemies":"Cultist","floor":4,"turns":4},{"damage":0,"enemies":"Small Slimes","floor":5,"turns":4},{"damage":10,"enemies":"Looter","floor":7,"turns":3},{"damage":5,"enemies":"The Mushroom Lair","floor":10,"turns":4},{"damage":14,"enemies":"Exordium Wildlife","floor":11,"turns":4},{"damage":5,"enemies":"Lots of Slimes","floor":14,"turns":2},{"damage":44,"enemies":"Slime Boss","floor":16,"turns":9},{"damage":4,"enemies":"Chosen","floor":18,"turns":3},{"damage":6,"enemies":"Shell Parasite","floor":22,"turns":4},{"damage":8,"enemies":"Snecko","floor":28,"turns":5},{"damage":99,"enemies":"Automaton","floor":33,"turns":10}],"event_choices":[{"event_name":"Transmorgrifier","player_choice":"Transform","floor":2,"damage_taken":0},{"event_name":"Scrap Ooze","player_choice":"success","floor":3,"damage_taken":12},{"event_name":"Mushrooms","player_choice":"Fought Mushrooms","floor":10,"damage_taken":0},{"event_name":"Liars Game","player_choice":"disagreed","floor":13,"damage_taken":0},{"event_name":"Duplicator","player_choice":"One dupe","floor":19,"damage_taken":0},{"event_name":"Beggar","player_choice":"Gave Gold","floor":20,"damage_taken":0},{"event_name":"Back to Basics","player_choice":"Elegance","floor":29,"damage_taken":0}],"boss_relics":[{"not_picked":["Cursed Key","Ectoplasm"],"picked":"Runic Cube"}],"potions_floor_spawned":[1,7,10,16,18],"seed_played":"406990249793701092","killed_by":"Automaton","ascension_level":0,"is_trial":false}