{"gold_per_floor":[16,33,48,48,48,81,81,116,116,41,53,53],"floor_reached":12,"playtime":466,"items_purged":["Strike_R"],"score":101,"play_id":"429d203c-cee8-4f30-9768-3bc560e7c08c","local_time":"20190210191406","is_ascension_mode":true,"campfire_choices":[{"data":"Demon Form","floor":7,"key":"SMITH"}],"neow_cost":"NO_GOLD","seed_source_timestamp":123669768669400,"circlet_count":0,"master_deck":["Strike_R","Strike_R","Strike_R","Defend_R","Defend_R","Defend_R","Defend_R","Bash","Demon Form+1","Shrug It Off"],"relics":["Burning Blood","Dodecahedron","Charon\u0027s Ashes","WingedGreaves"],"potions_floor_usage":[6,8],"damage_taken":[{"damage":3,"enemies":"Small Slimes","floor":1,"turns":4},{"damage":12,"enemies":"Jaw Worm","floor":2,"turns":2},{"damage":3,"enemies":"2 Louse","floor":3,"turns":4},{"damage":32,"enemies":"Gremlin Nob","floor":6,"turns":5},{"damage":25,"enemies":"3 Sentries","floor":8,"turns":7},{"damage":24,"enemies":"Blue Slaver","floor":11,"turns":4},{"damage":21,"enemies":"The Mushroom Lair","floor":12,"turns":2}],"seed_played":"-7079118822562527960","potions_obtained":[{"floor":2,"key":"GamblersBrew"},{"floor":6,"key":"SkillPotion"},{"floor":8,"key":"Ancient Potion"}],"is_trial":false,"path_per_floor":["M","M","M","?","?","E","R","E","T","$","M","?"],"character_chosen":"IRONCLAD","items_purchased":[],"campfire_rested":0,"item_purchase_floors":[],"current_hp_per_floor":[80,74,77,77,82,56,56,37,37,37,19,0],"gold":53,"neow_bonus":"THREE_RARE_CARDS","is_prod":false,"is_daily":false,"chose_seed":false,"campfire_upgraded":1,"win_rate":0,"timestamp":1549854846,"path_taken":["M","M","M","?","?","E","R","E","T","$","M","?"],"build_version":"2019-01-23","purchased_purges":1,"victory":false,"max_hp_per_floor":[80,80,80,80,85,85,85,85,85,85,85,85],"card_choices":[{"not_picked":["Feed","Dark Embrace"],"picked":"Demon Form","floor":0},{"not_picked":["True Grit","Anger","Sword Boomerang"],"picked":"SKIP","floor":1},{"not_picked":["Wild Strike","Sever Soul","Fire Breathing"],"picked":"SKIP","floor":2},{"not_picked":["Blood for Blood","Headbutt"],"picked":"Shrug It Off","floor":3},{"not_picked":["Thunderclap","Armaments","Power Through"],"picked":"SKIP","floor":6},{"not_picked":["Body Slam","Perfected Strike","Uppercut"],"picked":"SKIP","floor":8},{"not_picked":["Rupture","Sword Boomerang","Metallicize"],"picked":"SKIP","floor":11},{"not_picked":["Rupture","Sword Boomerang","Metallicize"],"picked":"SKIP","floor":11}],"player_experience":120808,"relics_obtained":[{"floor":6,"key":"Dodecahedron"},{"floor":8,"key":"Charon\u0027s Ashes"},{"floor":9,"key":"WingedGreaves"}],"event_choices":[{"cards_removed":["Strike_R"],"damage_healed":0,"gold_gain":0,"player_choice":"Forget","damage_taken":0,"max_hp_gain":0,"max_hp_loss":0,"event_name":"Living Wall","floor":4,"gold_loss":0},{"damage_healed":0,"gold_gain":0,"player_choice":"Donut","damage_taken":0,"max_hp_gain":5,"max_hp_loss":0,"event_name":"Big Fish","floor":5,"gold_loss":0},{"damage_healed":0,"gold_gain":0,"player_choice":"Fought Mushrooms","damage_taken":0,"max_hp_gain":0,"max_hp_loss":0,"event_name":"Mushrooms","floor":12,"gold_loss":0}],"is_beta":false,"boss_relics":[],"items_purged_floors":[10],"is_endless":false,"potions_floor_spawned":[2,6,8],"killed_by":"The Mushroom Lair","ascension_level":3}