{"gold_per_floor":[113,113,66,86,86,86,114,114,161,179,189,206,206,186,186,286,286,305,43,53,66,80,80,90,90,116,148,148,183,183,194,194,194],"floor_reached":33,"playtime":1108,"items_purged":[],"score":373,"play_id":"33859994-19c5-4f5e-8db4-6b1968ada63b","local_time":"20190608152946","is_ascension_mode":true,"campfire_choices":[{"data":"Zap","floor":6.0,"key":"SMITH"},{"data":"Dualcast","floor":8.0,"key":"SMITH"},{"data":"Redo","floor":13.0,"key":"SMITH"},{"data":"Loop","floor":15.0,"key":"SMITH"},{"data":"Go for the Eyes","floor":23.0,"key":"SMITH"},{"data":"Go for the Eyes","floor":25.0,"key":"SMITH"},{"floor":28.0,"key":"REST"},{"data":"Echo Form","floor":30.0,"key":"SMITH"},{"floor":32,"key":"REST"}],"neow_cost":"NONE","seed_source_timestamp":0,"circlet_count":0,"master_deck":["Strike_B","Strike_B","Strike_B+1","Defend_B","Defend_B","Defend_B","Defend_B","Zap+1","Dualcast+1","Sweeping Beam","Loop+1","Gash","Redo+1","Go for the Eyes+1","Ball Lightning","All For One+1","Gash","Echo Form+1","Go for the Eyes+1","Sweeping Beam+1","Leap+1"],"special_seed":0,"relics":["Cracked Core","Meat on the Bone","DataDisk","Calling Bell","Boot","Dodecahedron","Ginger","Matryoshka","Whetstone","Omamori","Emotion Chip","Pantograph"],"potions_floor_usage":[31],"damage_taken":[{"damage":0.0,"enemies":"Small Slimes","floor":1.0,"turns":2.0},{"damage":1.0,"enemies":"Cultist","floor":4.0,"turns":4.0},{"damage":31.0,"enemies":"Gremlin Nob","floor":7.0,"turns":4.0},{"damage":0.0,"enemies":"2 Louse","floor":10.0,"turns":2.0},{"damage":14.0,"enemies":"Exordium Thugs","floor":11.0,"turns":3.0},{"damage":2.0,"enemies":"Exordium Wildlife","floor":12.0,"turns":2.0},{"damage":28.0,"enemies":"The Guardian","floor":16.0,"turns":7.0},{"damage":9.0,"enemies":"Shell Parasite","floor":18.0,"turns":3.0},{"damage":3.0,"enemies":"Chosen","floor":20.0,"turns":3.0},{"damage":28.0,"enemies":"Snake Plant","floor":21.0,"turns":3.0},{"damage":10.0,"enemies":"Snecko","floor":22.0,"turns":3.0},{"damage":2.0,"enemies":"3 Cultists","floor":24.0,"turns":3.0},{"damage":47.0,"enemies":"Slavers","floor":27.0,"turns":3.0},{"damage":25.0,"enemies":"Book of Stabbing","floor":29.0,"turns":3.0},{"damage":23,"enemies":"Centurion and Healer","floor":31,"turns":2},{"damage":71,"enemies":"Collector","floor":33,"turns":6}],"seed_played":"-1425315879808409471","potions_obtained":[{"floor":7.0,"key":"SpeedPotion"},{"floor":11.0,"key":"SkillPotion"},{"floor":14.0,"key":"FairyPotion"},{"floor":21.0,"key":"Swift Potion"},{"floor":22.0,"key":"GamblersBrew"},{"floor":24.0,"key":"FocusPotion"},{"floor":27.0,"key":"Strength Potion"},{"floor":29.0,"key":"Strength Potion"}],"is_trial":false,"path_per_floor":["M","?","$","M","?","R","E","R","T","M","M","M","R","?","R","B",null,"M","$","M","M","M","R","M","R","T","E","R","E","R","M","R","B"],"character_chosen":"DEFECT","items_purchased":["Gash","Matryoshka"],"campfire_rested":2,"item_purchase_floors":[3,19],"current_hp_per_floor":[68,75,75,74,74,74,43,43,43,43,41,39,39,39,39,23,62,53,53,50,34,36,36,46,46,46,19,41,28,28,17,39,0],"gold":194,"neow_bonus":"THREE_CARDS","is_prod":false,"is_daily":false,"chose_seed":false,"campfire_upgraded":7,"win_rate":0,"timestamp":1560032986,"path_taken":["M","?","?","M","?","R","E","R","T","?","M","M","R","?","R","BOSS","M","$","M","M","M","R","M","R","T","E","R","E","R","M","R","BOSS"],"build_version":"2019-01-23","purchased_purges":0,"victory":false,"max_hp_per_floor":[75,75,75,75,75,75,75,75,75,75,75,75,75,75,75,75,75,75,75,75,75,75,75,75,75,75,75,75,75,75,75,75,75],"card_choices":[{"not_picked":["Darkness","Leap"],"picked":"Sweeping Beam","floor":0.0},{"not_picked":["Steam","Aggregate"],"picked":"Loop","floor":1.0},{"not_picked":["Stack","Sweeping Beam"],"picked":"Redo","floor":4.0},{"not_picked":["Auto Shields","Melter"],"picked":"Go for the Eyes","floor":7.0},{"not_picked":["Steam","Leap"],"picked":"Ball Lightning","floor":10.0},{"not_picked":["Cold Snap","Blizzard"],"picked":"All For One","floor":11.0},{"not_picked":["Sweeping Beam","Sunder"],"picked":"Gash","floor":12.0},{"not_picked":["Hyperbeam","Meteor Strike"],"picked":"Echo Form","floor":16.0},{"not_picked":["Storm+1","Coolheaded","Melter"],"picked":"SKIP","floor":18.0},{"not_picked":["Sweeping Beam","Conserve Battery+1"],"picked":"Go for the Eyes","floor":20.0},{"not_picked":["Go for the Eyes","Lockon","Hologram+1"],"picked":"SKIP","floor":21.0},{"not_picked":["Rainbow","Reprogram"],"picked":"Sweeping Beam+1","floor":22.0},{"not_picked":["Sweeping Beam","Skim+1","Stack"],"picked":"SKIP","floor":24.0},{"not_picked":["Hologram+1","Compile Driver","Static Discharge"],"picked":"SKIP","floor":27.0},{"not_picked":["Rainbow","Hologram"],"picked":"Leap+1","floor":29.0},{"not_picked":["Rebound","Genetic Algorithm","Self Repair"],"picked":"SKIP","floor":31}],"player_experience":443987,"relics_obtained":[{"floor":7.0,"key":"Meat on the Bone"},{"floor":9.0,"key":"DataDisk"},{"floor":17.0,"key":"Boot"},{"floor":17.0,"key":"Dodecahedron"},{"floor":17.0,"key":"Ginger"},{"floor":26.0,"key":"Whetstone"},{"floor":26.0,"key":"Omamori"},{"floor":27.0,"key":"Emotion Chip"},{"floor":29.0,"key":"Pantograph"}],"event_choices":[{"damage_healed":7.0,"max_hp_gain":0.0,"max_hp_loss":0.0,"gold_gain":0.0,"event_name":"Wheel of Change","player_choice":"Full Heal","floor":2.0,"gold_loss":0.0,"damage_taken":0.0},{"cards_removed":["Strike_B"],"damage_healed":0.0,"max_hp_gain":0.0,"max_hp_loss":0.0,"gold_gain":0.0,"event_name":"Purifier","player_choice":"Purged","floor":5.0,"gold_loss":0.0,"damage_taken":0.0},{"damage_healed":0.0,"max_hp_gain":0.0,"max_hp_loss":0.0,"gold_gain":0.0,"event_name":"The Woman in Blue","player_choice":"Bought 1 Potion","floor":14.0,"gold_loss":0.0,"damage_taken":0.0}],"is_beta":false,"boss_relics":[{"not_picked":["White Beast Statue","Eternal Feather"],"picked":"Calling Bell"}],"items_purged_floors":[],"is_endless":false,"potions_floor_spawned":[7,11,21,22,24,27,29],"killed_by":"Collector","ascension_level":6}