{"path_per_floor":["M","$","?","M","$","R","M","M","T","M","?","M","M","M","R","B",null,"M","$","M","$","M","R","E","R","T","R","?"],"character_chosen":"THE_SILENT","items_purchased":["Sucker Punch","Bandage Up"],"gold_per_floor":[115,69,69,85,10,10,20,33,57,74,74,93,107,117,117,219,219,231,35,0,0,20,20,47,47,72,72,72,72],"floor_reached":29,"campfire_rested":3,"playtime":4921,"current_hp_per_floor":[69,69,74,74,74,74,74,71,71,71,71,52,52,52,74,30,75,75,75,63,63,57,75,28,65,65,65,51,0],"items_purged":["Strike_G","Strike_G"],"gold":72,"score":235,"play_id":"5f3b3398-d943-4264-b48e-d8dd23940f25","local_time":"20180509224754","is_prod":false,"is_daily":false,"chose_seed":false,"is_ascension_mode":false,"campfire_upgraded":2,"timestamp":1525902474,"path_taken":["M","$","?","M","?","R","M","M","T","M","?","?","M","M","R","BOSS","M","$","?","?","M","R","E","R","T","R","?","M"],"build_version":"2018-05-03","seed_source_timestamp":19101878441663,"purchased_purges":2,"victory":false,"master_deck":["Defend_G","Defend_G","Defend_G","Defend_G","Defend_G","Strike_G","Strike_G","Survivor+1","Neutralize","Sucker Punch","Sucker Punch","Outmaneuver","Heel Hook","Poisoned Stab","After Image+1","Backflip","After Image","Bandage Up","Quick Slash+1","Dodge and Roll","Cloak And Dagger"],"max_hp_per_floor":[70,70,75,75,75,75,75,75,75,75,75,75,75,75,75,75,75,75,75,75,75,75,75,75,75,75,75,80,80],"relics":["Ring of the Snake","Orichalcum","Prayer Wheel","Lizard Tail","Regal Pillow","Ancient Tea Set"],"card_choices":[{"not_picked":["Heel Hook","Reflex"],"picked":"Sucker Punch","floor":4},{"not_picked":["Dagger Throw","Finisher"],"picked":"Outmaneuver","floor":7},{"not_picked":["Prepared","Dodge and Roll"],"picked":"Heel Hook","floor":8},{"not_picked":["Underhanded Strike","Prepared"],"picked":"Poisoned Stab","floor":10},{"not_picked":["Deadly Poison","Acrobatics"],"picked":"After Image","floor":12},{"not_picked":["Prepared","Quick Slash"],"picked":"Backflip","floor":14},{"not_picked":["Storm of Steel","Corpse Explosion"],"picked":"After Image","floor":16},{"not_picked":["Deflect","Distraction"],"picked":"Quick Slash","floor":20},{"not_picked":["Deadly Poison","Sucker Punch"],"picked":"Dodge and Roll","floor":22},{"not_picked":["Crippling Poison","Flying Knee"],"picked":"Cloak And Dagger","floor":24}],"player_experience":63515,"potions_floor_usage":[16,16,24,24],"damage_taken":[{"damage":1,"enemies":"Cultist","floor":1,"turns":5},{"damage":0,"enemies":"2 Louse","floor":4,"turns":3},{"damage":0,"enemies":"Small Slimes","floor":7,"turns":3},{"damage":3,"enemies":"Exordium Thugs","floor":8,"turns":7},{"damage":0,"enemies":"Red Slaver","floor":10,"turns":5},{"damage":19,"enemies":"Gremlin Gang","floor":12,"turns":9},{"damage":0,"enemies":"Blue Slaver","floor":13,"turns":5},{"damage":0,"enemies":"3 Louse","floor":14,"turns":5},{"damage":44,"enemies":"Slime Boss","floor":16,"turns":26},{"damage":0,"enemies":"Shell Parasite","floor":18,"turns":13},{"damage":16,"enemies":"2 Thieves","floor":20,"turns":5},{"damage":10,"enemies":"Snecko","floor":22,"turns":12},{"damage":90,"enemies":"Slavers","floor":24,"turns":18},{"damage":66,"enemies":"3 Cultists","floor":29,"turns":7}],"event_choices":[{"event_name":"Big Fish","player_choice":"Donut","floor":3,"damage_taken":0},{"event_name":"Bonfire Elementals","player_choice":"BASIC","floor":11,"damage_taken":0},{"event_name":"Forgotten Altar","player_choice":"Shed Blood","floor":28,"damage_taken":0}],"boss_relics":[{"not_picked":["Runic Dome","Sozu"],"picked":"Lizard Tail"}],"potions_floor_spawned":[1,4,7,10,12,22],"seed_played":"-814640026292469869","killed_by":"3 Cultists","ascension_level":0,"is_trial":false}