{"gold_per_floor":[111,191,12,26,39,70,70,86,86,36,36,66,66,66,66,166,166,176,176,137,149,149,183,78,93,93,105,120,120,120,137,137,235,235,254,29,45,45,45,73,85,97,109,121,152,176,188,215,227,239],"floor_reached":50,"playtime":2222,"items_purged":["Accuracy"],"score":578,"play_id":"01b98a08-ed1b-484b-af2b-06f3444cdf76","local_time":"20190402233235","is_ascension_mode":true,"campfire_choices":[{"data":"Cloak And Dagger","floor":7,"key":"SMITH"},{"data":"Neutralize","floor":11,"key":"SMITH"},{"data":"Dagger Throw","floor":13,"key":"SMITH"},{"floor":15,"key":"REST"},{"data":"Finisher","floor":29,"key":"SMITH"},{"floor":32,"key":"REST"},{"data":"Adrenaline","floor":41,"key":"SMITH"},{"floor":44,"key":"REST"},{"floor":49,"key":"REST"}],"neow_cost":"NONE","seed_source_timestamp":171614399473200,"circlet_count":0,"master_deck":["Defend_G","Defend_G","Survivor","Neutralize+1","Masterful Stab+1","Distraction+1","Unload+1","Flying Knee","Cloak And Dagger+1","Backflip","Dagger Throw+1","Finisher+1","Backstab+1","Leg Sweep+1","Caltrops","Dagger Spray+1","Accuracy","Noxious Fumes+1","Masterful Stab","Envenom","Dash","Adrenaline+1","Cloak And Dagger+1","Backstab+1","Cloak And Dagger+1"],"relics":["Astrolabe","Boot","Gremlin Horn","Dodecahedron","Pantograph","Empty Cage","MutagenicStrength","Matryoshka","Sundial","Nunchaku","Sozu","Vajra","MawBank","Whetstone","Blue Candle"],"potions_floor_usage":[6,21,23,23,27,33,40],"damage_taken":[{"damage":0,"enemies":"2 Louse","floor":1,"turns":2},{"damage":0,"enemies":"Jaw Worm","floor":4,"turns":3},{"damage":0,"enemies":"Small Slimes","floor":5,"turns":2},{"damage":4,"enemies":"3 Sentries","floor":6,"turns":8},{"damage":0,"enemies":"2 Fungi Beasts","floor":8,"turns":2},{"damage":22,"enemies":"Gremlin Nob","floor":12,"turns":4},{"damage":48,"enemies":"The Guardian","floor":16,"turns":10},{"damage":0,"enemies":"Spheric Guardian","floor":18,"turns":3},{"damage":20,"enemies":"2 Thieves","floor":21,"turns":5},{"damage":0,"enemies":"Gremlin Leader","floor":23,"turns":2},{"damage":0,"enemies":"3 Cultists","floor":25,"turns":3},{"damage":11,"enemies":"Snake Plant","floor":27,"turns":3},{"damage":14,"enemies":"Centurion and Healer","floor":28,"turns":6},{"damage":12,"enemies":"Shelled Parasite and Fungi","floor":31,"turns":5},{"damage":63,"enemies":"Collector","floor":33,"turns":12},{"damage":20,"enemies":"3 Darklings","floor":35,"turns":4},{"damage":0,"enemies":"3 Shapes","floor":37,"turns":3},{"damage":18,"enemies":"Nemesis","floor":40,"turns":6},{"damage":21,"enemies":"Sphere and 2 Shapes","floor":45,"turns":3},{"damage":8,"enemies":"3 Darklings","floor":46,"turns":3},{"damage":6,"enemies":"4 Shapes","floor":48,"turns":2},{"damage":71,"enemies":"Donu and Deca","floor":50,"turns":4}],"seed_played":"-303793055984894582","potions_obtained":[{"floor":4,"key":"Swift Potion"},{"floor":12,"key":"Fire Potion"},{"floor":16,"key":"Regen Potion"},{"floor":21,"key":"Swift Potion"},{"floor":25,"key":"SkillPotion"},{"floor":27,"key":"SpeedPotion"},{"floor":33,"key":"SteroidPotion"}],"is_trial":false,"path_per_floor":["M","?","$","M","M","E","R","M","T","?","R","E","R","?","R","B",null,"M","?","$","M","?","E","$","M","T","M","M","R","?","M","R","B",null,"M","$","M","$","?","E","R","?","T","R","M","M","?","M","R","B"],"character_chosen":"THE_SILENT","items_purchased":["Boot","Cloak And Dagger","Backstab","Dagger Spray","Accuracy","Vajra"],"campfire_rested":4,"item_purchase_floors":[3,3,20,24,24,36],"current_hp_per_floor":[70,70,70,70,70,66,66,66,66,66,66,44,44,44,65,22,70,70,70,70,62,70,70,70,70,70,59,45,45,45,33,54,7,70,50,50,50,50,50,32,32,32,32,51,30,22,58,52,58,0],"gold":239,"neow_bonus":"BOSS_RELIC","is_prod":false,"is_daily":false,"chose_seed":false,"campfire_upgraded":5,"win_rate":0,"timestamp":1554273155,"path_taken":["M","?","$","M","M","E","R","M","T","?","R","E","R","?","R","BOSS","M","?","$","M","?","E","$","M","T","M","M","R","?","M","R","BOSS","M","$","?","$","?","E","R","?","T","R","M","M","?","M","R","BOSS"],"build_version":"2019-01-23","purchased_purges":1,"victory":false,"max_hp_per_floor":[70,70,70,70,70,70,70,70,70,70,70,70,70,70,70,70,70,70,70,70,70,70,70,70,70,70,70,70,70,70,70,70,70,70,70,70,70,70,66,66,66,66,66,66,66,66,58,58,58,58],"card_choices":[{"not_picked":["Deflect","Choke"],"picked":"Flying Knee","floor":1},{"not_picked":["PiercingWail","Choke","Underhanded Strike"],"picked":"SKIP","floor":4},{"not_picked":["Flying Knee","Dagger Throw"],"picked":"Backflip","floor":5},{"not_picked":["Bullet Time","Dagger Throw","Acrobatics"],"picked":"SKIP","floor":6},{"not_picked":["Tactician","Dagger Throw","Wraith Form v2"],"picked":"SKIP","floor":8},{"not_picked":["Blade Dance","Tactician"],"picked":"Dagger Throw","floor":12},{"not_picked":["Underhanded Strike","PiercingWail"],"picked":"Finisher","floor":18},{"not_picked":["Skewer+1","Cloak And Dagger"],"picked":"Leg Sweep+1","floor":21},{"not_picked":["Glass Knife","Sucker Punch"],"picked":"Caltrops","floor":23},{"not_picked":["Flechettes","Riddle With Holes"],"picked":"Accuracy","floor":25},{"not_picked":["Underhanded Strike","Poisoned Stab"],"picked":"Noxious Fumes+1","floor":27},{"not_picked":["Tactician","Expertise"],"picked":"Masterful Stab","floor":28},{"not_picked":["Bane","Dagger Spray"],"picked":"Dash","floor":31},{"not_picked":["Doppelganger","Tools of the Trade"],"picked":"Adrenaline","floor":33},{"not_picked":["Underhanded Strike","Outmaneuver+1","Caltrops"],"picked":"SKIP","floor":35},{"not_picked":["Footwork+1","Slice+1"],"picked":"Cloak And Dagger+1","floor":37},{"not_picked":["Setup","Concentrate+1","Sucker Punch"],"picked":"SKIP","floor":40},{"not_picked":["Flying Knee+1","Masterful Stab+1"],"picked":"Backstab+1","floor":45},{"not_picked":["Sucker Punch","Underhanded Strike+1","Bane+1"],"picked":"SKIP","floor":46},{"not_picked":["Quick Slash+1","Prepared+1"],"picked":"Cloak And Dagger+1","floor":48}],"player_experience":292865,"relics_obtained":[{"floor":6,"key":"Gremlin Horn"},{"floor":9,"key":"Dodecahedron"},{"floor":12,"key":"Pantograph"},{"floor":23,"key":"Matryoshka"},{"floor":26,"key":"Sundial"},{"floor":26,"key":"Nunchaku"},{"floor":40,"key":"MawBank"},{"floor":43,"key":"Whetstone"},{"floor":43,"key":"Blue Candle"}],"event_choices":[{"damage_healed":0,"gold_gain":80,"player_choice":"Gained Gold","damage_taken":0,"max_hp_gain":0,"max_hp_loss":0,"event_name":"Golden Wing","floor":2,"gold_loss":0},{"cards_removed":["Strike_G"],"damage_healed":0,"gold_gain":0,"player_choice":"Card Removal","damage_taken":0,"max_hp_gain":0,"max_hp_loss":0,"event_name":"The Cleric","floor":10,"gold_loss":50},{"cards_removed":["Strike_G"],"damage_healed":0,"gold_gain":0,"player_choice":"Forget","damage_taken":0,"max_hp_gain":0,"max_hp_loss":0,"event_name":"Living Wall","floor":14,"gold_loss":0},{"damage_healed":0,"gold_gain":0,"player_choice":"Inject Mutagens","damage_taken":0,"relics_obtained":["MutagenicStrength"],"max_hp_gain":0,"max_hp_loss":0,"event_name":"Drug Dealer","floor":19,"gold_loss":0},{"damage_healed":23,"gold_gain":0,"player_choice":"Heal","damage_taken":0,"max_hp_gain":0,"max_hp_loss":0,"event_name":"The Library","floor":22,"gold_loss":0},{"damage_healed":0,"gold_gain":0,"cards_transformed":["Defend_G"],"player_choice":"Transformed","damage_taken":0,"max_hp_gain":0,"max_hp_loss":0,"event_name":"Transmorgrifier","floor":30,"gold_loss":0,"cards_obtained":["Envenom"]},{"damage_healed":0,"gold_gain":0,"player_choice":"Max HP","damage_taken":0,"max_hp_gain":0,"max_hp_loss":4,"event_name":"Winding Halls","floor":39,"gold_loss":0},{"damage_healed":0,"gold_gain":0,"player_choice":"Ignored","damage_taken":0,"max_hp_gain":0,"max_hp_loss":0,"event_name":"Mysterious Sphere","floor":42,"gold_loss":0},{"damage_healed":58,"gold_gain":0,"player_choice":"Heal","damage_taken":0,"max_hp_gain":0,"max_hp_loss":8,"event_name":"The Moai Head","floor":47,"gold_loss":0}],"is_beta":false,"boss_relics":[{"not_picked":["Fusion Hammer","Runic Pyramid"],"picked":"Empty Cage"},{"not_picked":["Cursed Key","Runic Dome"],"picked":"Sozu"}],"items_purged_floors":[36],"is_endless":false,"potions_floor_spawned":[4,12,16,21,25,27,33,40,48],"killed_by":"Donu and Deca","ascension_level":2}