{"gold_per_floor":[115,190,208,223,223,223,258,277,325,325],"floor_reached":10,"playtime":304,"items_purged":[],"score":119,"play_id":"124ee854-8b81-42bb-82bd-814489966efe","local_time":"20190510191011","is_ascension_mode":true,"campfire_choices":[{"data":"Feed","floor":6,"key":"SMITH"}],"neow_cost":"TEN_PERCENT_HP_LOSS","seed_source_timestamp":183215563093700,"circlet_count":0,"master_deck":["AscendersBane","Strike_R","Strike_R","Strike_R","Strike_R","Strike_R","Defend_R","Defend_R","Defend_R","Defend_R","Bash","Feed+1","Cleave","Heavy Blade"],"relics":["Burning Blood","Golden Idol","Shuriken","Art of War"],"potions_floor_usage":[7,10],"damage_taken":[{"damage":7,"enemies":"Small Slimes","floor":1,"turns":3},{"damage":2,"enemies":"Jaw Worm","floor":3,"turns":3},{"damage":6,"enemies":"Cultist","floor":4,"turns":4},{"damage":18,"enemies":"Gremlin Nob","floor":7,"turns":4},{"damage":7,"enemies":"2 Fungi Beasts","floor":8,"turns":3},{"damage":60,"enemies":"Lagavulin Event","floor":10,"turns":5}],"seed_played":"7385328136318659103","potions_obtained":[{"floor":3,"key":"Energy Potion"},{"floor":7,"key":"GamblersBrew"}],"is_trial":false,"path_per_floor":["M","?","M","M","?","R","E","M","T","?"],"character_chosen":"IRONCLAD","items_purchased":[],"campfire_rested":0,"item_purchase_floors":[],"current_hp_per_floor":[70,59,66,69,69,69,57,60,60,0],"gold":325,"neow_bonus":"THREE_RARE_CARDS","is_prod":false,"is_daily":false,"chose_seed":false,"campfire_upgraded":1,"win_rate":0,"timestamp":1557540611,"path_taken":["M","?","M","M","?","R","E","?","T","?"],"build_version":"2019-01-23","purchased_purges":0,"victory":false,"max_hp_per_floor":[71,71,74,77,70,70,70,74,74,74],"card_choices":[{"not_picked":["Dark Embrace","Impervious"],"picked":"Feed","floor":0},{"not_picked":["Clothesline","Searing Blow"],"picked":"Cleave","floor":1},{"not_picked":["Searing Blow","Body Slam","Metallicize"],"picked":"SKIP","floor":3},{"not_picked":["Rage","True Grit"],"picked":"Heavy Blade","floor":4},{"not_picked":["Iron Wave","Warcry","Dropkick"],"picked":"SKIP","floor":7},{"not_picked":["Blood for Blood","Iron Wave","Carnage"],"picked":"SKIP","floor":8}],"player_experience":382526,"relics_obtained":[{"floor":7,"key":"Shuriken"},{"floor":9,"key":"Art of War"}],"event_choices":[{"damage_healed":0,"gold_gain":75,"player_choice":"Gather Gold","damage_taken":11,"max_hp_gain":0,"max_hp_loss":0,"event_name":"World of Goop","floor":2,"gold_loss":0},{"damage_healed":0,"gold_gain":0,"player_choice":"Lose Max HP","damage_taken":0,"relics_obtained":["Golden Idol"],"max_hp_gain":0,"max_hp_loss":7,"event_name":"Golden Idol","floor":5,"gold_loss":0},{"damage_healed":0,"gold_gain":0,"player_choice":"Searched \u00271\u0027 times","damage_taken":0,"max_hp_gain":0,"max_hp_loss":0,"event_name":"Dead Adventurer","floor":10,"gold_loss":0}],"is_beta":false,"boss_relics":[],"items_purged_floors":[],"is_endless":false,"potions_floor_spawned":[3,7],"killed_by":"Lagavulin Event","ascension_level":15}