{"gold_per_floor":[113,131,150,150,150,180,190,190],"floor_reached":8,"playtime":256,"items_purged":[],"score":70,"play_id":"e2492156-b69e-48df-9280-01962d44f1aa","local_time":"20190411152305","is_ascension_mode":true,"campfire_choices":[],"neow_cost":"NONE","seed_source_timestamp":369011686483202,"circlet_count":0,"master_deck":["Defend_G+1","Defend_G","Defend_G","Defend_G+1","Defend_G","Strike_G","Strike_G","Strike_G","Strike_G","Survivor","Neutralize","Infinite Blades","Infinite Blades","Dagger Spray"],"relics":["Sozu","Bottled Tornado"],"potions_floor_usage":[],"damage_taken":[{"damage":0,"enemies":"Cultist","floor":1,"turns":5},{"damage":9,"enemies":"2 Louse","floor":2,"turns":3},{"damage":0,"enemies":"Small Slimes","floor":3,"turns":3},{"damage":24,"enemies":"3 Sentries","floor":6,"turns":8},{"damage":8,"enemies":"3 Louse","floor":7,"turns":4},{"damage":16,"enemies":"Gremlin Nob","floor":8,"turns":3}],"seed_played":"-3013414510907453935","potions_obtained":[],"is_trial":false,"path_per_floor":["M","M","M","?","?","E","M","E"],"character_chosen":"THE_SILENT","items_purchased":[],"campfire_rested":0,"item_purchase_floors":[],"current_hp_per_floor":[70,61,61,61,47,23,15,0],"gold":190,"neow_bonus":"BOSS_RELIC","is_prod":false,"is_daily":false,"chose_seed":false,"campfire_upgraded":0,"win_rate":0,"timestamp":1555010585,"path_taken":["M","?","M","?","?","E","M","E"],"build_version":"2019-01-23","purchased_purges":0,"victory":false,"max_hp_per_floor":[70,70,70,70,70,70,70,70],"card_choices":[{"not_picked":["Dagger Throw","Outmaneuver"],"picked":"Infinite Blades","floor":1},{"not_picked":["Bane","Dagger Throw"],"picked":"Infinite Blades","floor":2},{"not_picked":["Acrobatics","PiercingWail","Blade Dance"],"picked":"SKIP","floor":3},{"not_picked":["Setup","All Out Attack"],"picked":"Dagger Spray","floor":6},{"not_picked":["Acrobatics","All Out Attack","Deadly Poison"],"picked":"SKIP","floor":7}],"player_experience":303431,"relics_obtained":[{"floor":6,"key":"Bottled Tornado"}],"event_choices":[{"cards_removed":["Strike_G"],"damage_healed":0,"gold_gain":0,"player_choice":"Forget","damage_taken":0,"max_hp_gain":0,"max_hp_loss":0,"event_name":"Living Wall","floor":4,"gold_loss":0},{"damage_healed":0,"gold_gain":0,"player_choice":"Entered Light","damage_taken":14,"max_hp_gain":0,"max_hp_loss":0,"event_name":"Shining Light","floor":5,"gold_loss":0,"cards_upgraded":["Defend_G","Defend_G"]}],"is_beta":false,"boss_relics":[],"items_purged_floors":[],"is_endless":false,"potions_floor_spawned":[1,2,3],"killed_by":"Gremlin Nob","ascension_level":4}