{"gold_per_floor":[118,68,68,86,104,104,121,140,220,230,31,31,60,71,71,172,172,190,207,219,236,134,168,202,202,226,244,259,259,269,285,285,383,383,400,418,436,116,132,164,164,179,205,205,205,80,91,104,104,104],"floor_reached":50,"playtime":17300,"items_purged":["Strike_R","Strike_R","Parasite"],"score":554,"play_id":"9b686380-0ba2-42ad-9d4a-7e9100a57570","local_time":"20190726045154","is_ascension_mode":false,"campfire_choices":[{"data":"Fiend Fire","floor":6,"key":"SMITH"},{"data":"Corruption","floor":15,"key":"SMITH"},{"floor":25,"key":"RECALL"},{"data":"Ghostly Armor","floor":32,"key":"SMITH"},{"data":"Pain","floor":45,"key":"PURGE"},{"data":"Strike_R","floor":49,"key":"PURGE"}],"neow_cost":"PERCENT_DAMAGE","seed_source_timestamp":39919273607612,"circlet_count":0,"master_deck":["Strike_R","Defend_R","Defend_R","Defend_R","Defend_R","Bash","Fiend Fire+1","Cleave","Whirlwind","Battle Trance","Flame Barrier","Shrug It Off","Ghostly Armor+1","Corruption+1","Apotheosis+1","Feel No Pain","Demon Form","Ghostly Armor","Warcry+1","Heavy Blade+1","Shrug It Off","Shockwave","Pummel","Heavy Blade","Disarm+1","Feed","Limit Break","Shrug It Off+1","Master of Strategy","Feel No Pain","Entrench+1","Dark Embrace","Flame Barrier+1","Body Slam+1"],"relics":["Burning Blood","Sundial","Mango","Coffee Dripper","Red Skull","Red Mask","Vajra","Sozu","Peace Pipe","WarpedTongs"],"potions_floor_usage":[7,16,23,27,31,33,40],"damage_taken":[{"damage":2,"enemies":"Small Slimes","floor":1,"turns":4},{"damage":1,"enemies":"2 Louse","floor":4,"turns":3},{"damage":6,"enemies":"Jaw Worm","floor":5,"turns":3},{"damage":9,"enemies":"Gremlin Gang","floor":7,"turns":5},{"damage":1,"enemies":"3 Louse","floor":8,"turns":3},{"damage":7,"enemies":"Blue Slaver","floor":10,"turns":2},{"damage":2,"enemies":"3 Sentries","floor":13,"turns":4},{"damage":0,"enemies":"2 Fungi Beasts","floor":14,"turns":3},{"damage":41,"enemies":"The Guardian","floor":16,"turns":9},{"damage":2,"enemies":"Spheric Guardian","floor":18,"turns":4},{"damage":14,"enemies":"Shell Parasite","floor":19,"turns":5},{"damage":1,"enemies":"Snake Plant","floor":20,"turns":4},{"damage":0,"enemies":"Chosen and Byrds","floor":21,"turns":7},{"damage":29,"enemies":"Slavers","floor":23,"turns":6},{"damage":12,"enemies":"Masked Bandits","floor":24,"turns":3},{"damage":9,"enemies":"Sentry and Sphere","floor":27,"turns":5},{"damage":4,"enemies":"Snake Plant","floor":28,"turns":5},{"damage":7,"enemies":"Colosseum Slavers","floor":29,"turns":6},{"damage":1,"enemies":"Centurion and Healer","floor":30,"turns":6},{"damage":3,"enemies":"Snecko","floor":31,"turns":5},{"damage":9,"enemies":"Champ","floor":33,"turns":8},{"damage":0,"enemies":"Orb Walker","floor":35,"turns":3},{"damage":10,"enemies":"3 Shapes","floor":36,"turns":4},{"damage":0,"enemies":"Jaw Worm Horde","floor":37,"turns":3},{"damage":5,"enemies":"Writhing Mass","floor":39,"turns":7},{"damage":42,"enemies":"Nemesis","floor":40,"turns":9},{"damage":23,"enemies":"Sphere and 2 Shapes","floor":42,"turns":4},{"damage":10,"enemies":"Transient","floor":47,"turns":5},{"damage":2,"enemies":"3 Darklings","floor":48,"turns":2},{"damage":52,"enemies":"Awakened One","floor":50,"turns":9}],"seed_played":"4894579627905975980","potions_obtained":[{"floor":4,"key":"SpeedPotion"},{"floor":7,"key":"Energy Potion"},{"floor":10,"key":"Regen Potion"},{"floor":13,"key":"PowerPotion"},{"floor":18,"key":"Ancient Potion"},{"floor":19,"key":"FearPotion"},{"floor":24,"key":"SteroidPotion"},{"floor":30,"key":"Dexterity Potion"}],"is_trial":false,"path_per_floor":["M","?","$","M","M","R","M","M","T","M","$","?","E","M","R","B",null,"M","M","M","M","$","E","?","R","T","M","M","?","M","M","R","B",null,"M","M","M","$","M","E","?","M","T","?","R","$","M","M","R","B"],"character_chosen":"IRONCLAD","items_purchased":["Corruption","Apotheosis","Shrug It Off","Master of Strategy","Feel No Pain"],"campfire_rested":0,"item_purchase_floors":[11,11,22,38,38],"current_hp_per_floor":[60,60,60,65,65,65,62,67,67,66,66,66,84,90,90,70,94,94,86,91,94,94,71,65,65,65,62,64,63,68,71,71,68,94,94,94,98,98,98,62,62,45,45,45,45,45,41,45,45,0],"gold":104,"neow_bonus":"THREE_RARE_CARDS","is_prod":false,"is_daily":false,"chose_seed":false,"campfire_upgraded":3,"win_rate":0,"timestamp":1564131114,"path_taken":["M","?","$","M","M","R","M","M","T","M","$","?","E","M","R","BOSS","M","M","M","M","$","E","?","R","T","M","M","?","M","M","R","BOSS","M","M","M","$","M","E","?","M","T","?","R","$","?","M","R","BOSS"],"build_version":"2019-07-17","purchased_purges":3,"victory":false,"max_hp_per_floor":[80,80,80,80,80,80,80,80,80,80,80,80,94,94,94,94,94,94,94,94,94,94,94,94,94,94,94,94,94,94,94,94,94,94,94,98,98,98,98,98,98,98,98,98,98,95,95,95,95,95],"card_choices":[{"not_picked":["Brutality","Feed"],"picked":"Fiend Fire","floor":0},{"not_picked":["Clothesline","Flex"],"picked":"Cleave","floor":1},{"not_picked":["Body Slam","Pommel Strike"],"picked":"Whirlwind","floor":4},{"not_picked":["Carnage","Fire Breathing"],"picked":"Battle Trance","floor":5},{"not_picked":["Clothesline","Cleave"],"picked":"Flame Barrier","floor":7},{"not_picked":["Power Through","Body Slam"],"picked":"Shrug It Off","floor":8},{"not_picked":["Whirlwind","Pummel"],"picked":"Ghostly Armor","floor":10},{"not_picked":["Armaments","Rampage"],"picked":"Feel No Pain","floor":13},{"not_picked":["Flex","True Grit","Twin Strike"],"picked":"SKIP","floor":14},{"not_picked":["Barricade","Impervious"],"picked":"Demon Form","floor":16},{"not_picked":["Thunderclap","Dual Wield"],"picked":"Ghostly Armor","floor":18},{"not_picked":["Thunderclap+1","Armaments"],"picked":"Warcry+1","floor":19},{"not_picked":["Hemokinesis","Armaments","True Grit"],"picked":"SKIP","floor":20},{"not_picked":["Headbutt","Perfected Strike"],"picked":"Heavy Blade+1","floor":21},{"not_picked":["Warcry","Sword Boomerang"],"picked":"Shockwave","floor":23},{"not_picked":["Body Slam","Rage"],"picked":"Pummel","floor":24},{"not_picked":["Perfected Strike+1","True Grit+1"],"picked":"Feel No Pain","floor":27},{"not_picked":["Fire Breathing","Armaments"],"picked":"Heavy Blade","floor":28},{"not_picked":["Flex","Seeing Red"],"picked":"Disarm+1","floor":30},{"not_picked":["Hemokinesis","Flex+1"],"picked":"Feed","floor":31},{"not_picked":["Bludgeon","Impervious"],"picked":"Limit Break","floor":33},{"not_picked":["Pummel+1","Perfected Strike+1","Rage"],"picked":"SKIP","floor":35},{"not_picked":["Clash+1","Armaments"],"picked":"Shrug It Off+1","floor":36},{"not_picked":["Reckless Charge+1","Perfected Strike","Berserk"],"picked":"SKIP","floor":37},{"not_picked":["True Grit","Burning Pact"],"picked":"Entrench+1","floor":39},{"not_picked":["Reaper","Searing Blow"],"picked":"Dark Embrace","floor":40},{"not_picked":["Thunderclap+1","Dropkick+1"],"picked":"Flame Barrier+1","floor":42},{"not_picked":["Twin Strike+1","Anger+1","True Grit"],"picked":"SKIP","floor":47},{"not_picked":["Hemokinesis","Blood for Blood"],"picked":"Body Slam+1","floor":48}],"player_experience":196499,"relics_obtained":[{"floor":9,"key":"Sundial"},{"floor":13,"key":"Mango"},{"floor":23,"key":"Red Skull"},{"floor":24,"key":"Red Mask"},{"floor":26,"key":"Vajra"},{"floor":40,"key":"Peace Pipe"}],"event_choices":[{"cards_removed":["Strike_R"],"damage_healed":0,"gold_gain":0,"player_choice":"Card Removal","damage_taken":0,"max_hp_gain":0,"max_hp_loss":0,"event_name":"The Cleric","floor":2,"gold_loss":50},{"damage_healed":0,"gold_gain":0,"player_choice":"Grow","damage_taken":0,"max_hp_gain":0,"max_hp_loss":0,"event_name":"Living Wall","floor":12,"gold_loss":0,"cards_upgraded":["Apotheosis"]},{"damage_healed":0,"gold_gain":0,"player_choice":"Fought Bandits","damage_taken":0,"max_hp_gain":0,"max_hp_loss":0,"event_name":"Masked Bandits","floor":24,"gold_loss":0},{"damage_healed":0,"gold_gain":0,"player_choice":"Fight","damage_taken":0,"max_hp_gain":0,"max_hp_loss":0,"event_name":"Colosseum","floor":29,"gold_loss":0},{"damage_healed":0,"gold_gain":0,"player_choice":"Fled From Nobs","damage_taken":0,"max_hp_gain":0,"max_hp_loss":0,"event_name":"Colosseum","floor":29,"gold_loss":0},{"cards_removed":["Feel No Pain"],"damage_healed":0,"gold_gain":0,"player_choice":"Removed Power","damage_taken":0,"max_hp_gain":0,"max_hp_loss":0,"event_name":"Falling","floor":41,"gold_loss":0},{"damage_healed":0,"gold_gain":0,"player_choice":"Rummage","damage_taken":0,"relics_obtained":["WarpedTongs"],"max_hp_gain":0,"max_hp_loss":0,"event_name":"Accursed Blacksmith","floor":44,"gold_loss":0,"cards_obtained":["Pain"]}],"is_beta":false,"boss_relics":[{"not_picked":["Orrery","Tiny House"],"picked":"Coffee Dripper"},{"not_picked":["Philosopher\u0027s Stone","Black Blood"],"picked":"Sozu"}],"items_purged_floors":[22,38,46],"is_endless":false,"potions_floor_spawned":[4,7,10,13,18,19,21,24,29,30,35,40,47],"killed_by":"Awakened One","ascension_level":0}