{"gold_per_floor":[117,117,131,81,98,98,98,23,50,74,104,104,124,124,124,124],"floor_reached":16,"playtime":469,"items_purged":["Strike_R"],"score":132,"play_id":"822ef7f2-508d-47fd-bb1f-0deda1c0b54c","local_time":"20190304153154","is_ascension_mode":true,"campfire_choices":[{"data":"Whirlwind","floor":6,"key":"SMITH"},{"floor":15,"key":"REST"}],"neow_cost":"NONE","seed_source_timestamp":154604007123800,"circlet_count":0,"master_deck":["Strike_R","Strike_R","Strike_R+1","Strike_R","Defend_R","Defend_R","Defend_R+1","Defend_R","Bash+1","Whirlwind+1","Shrug It Off","Twin Strike","Thunderclap+1"],"relics":["Burning Blood","Dodecahedron","Strawberry","Lantern","Vajra","Orichalcum"],"potions_floor_usage":[11,16,16],"damage_taken":[{"damage":8,"enemies":"2 Louse","floor":1,"turns":4},{"damage":17,"enemies":"Jaw Worm","floor":3,"turns":3},{"damage":0,"enemies":"Small Slimes","floor":5,"turns":3},{"damage":31,"enemies":"Lagavulin","floor":11,"turns":6},{"damage":15,"enemies":"Exordium Thugs","floor":13,"turns":3},{"damage":49,"enemies":"Hexaghost","floor":16,"turns":10}],"seed_played":"-5564212104573059928","potions_obtained":[{"floor":1,"key":"SpeedPotion"},{"floor":3,"key":"SteroidPotion"},{"floor":13,"key":"Block Potion"}],"is_trial":false,"path_per_floor":["M","?","M","?","M","R","?","$","T","T","E","?","M","T","R","B"],"character_chosen":"IRONCLAD","items_purchased":[],"campfire_rested":1,"item_purchase_floors":[],"current_hp_per_floor":[70,70,59,59,65,65,49,49,56,56,31,31,22,22,48,0],"gold":124,"neow_bonus":"UPGRADE_CARD","is_prod":false,"is_daily":false,"chose_seed":false,"campfire_upgraded":1,"win_rate":0,"timestamp":1551742314,"path_taken":["M","?","M","?","M","R","?","?","T","?","E","?","?","?","R","BOSS"],"build_version":"2019-01-23","purchased_purges":1,"victory":false,"max_hp_per_floor":[80,80,80,80,80,80,80,80,87,87,87,87,87,87,87,87],"card_choices":[{"not_picked":["Battle Trance","Blood for Blood"],"picked":"Whirlwind","floor":1},{"not_picked":["Perfected Strike","Pommel Strike"],"picked":"Shrug It Off","floor":3},{"not_picked":["Power Through","Rupture"],"picked":"Twin Strike","floor":5},{"not_picked":["Headbutt","Second Wind"],"picked":"Thunderclap","floor":11},{"not_picked":["Heavy Blade","Warcry","Dual Wield"],"picked":"SKIP","floor":13}],"player_experience":265808,"relics_obtained":[{"floor":9,"key":"Strawberry"},{"floor":10,"key":"Lantern"},{"floor":11,"key":"Vajra"},{"floor":14,"key":"Orichalcum"}],"event_choices":[{"damage_healed":0,"gold_gain":0,"player_choice":"Box","damage_taken":0,"relics_obtained":["Dodecahedron"],"max_hp_gain":0,"max_hp_loss":0,"event_name":"Big Fish","floor":2,"gold_loss":0,"cards_obtained":["Regret"]},{"cards_removed":["Regret"],"damage_healed":0,"gold_gain":0,"player_choice":"Card Removal","damage_taken":0,"max_hp_gain":0,"max_hp_loss":0,"event_name":"The Cleric","floor":4,"gold_loss":50},{"damage_healed":0,"gold_gain":0,"player_choice":"Entered Light","damage_taken":16,"max_hp_gain":0,"max_hp_loss":0,"event_name":"Shining Light","floor":7,"gold_loss":0,"cards_upgraded":["Defend_R","Strike_R"]},{"damage_healed":0,"gold_gain":0,"player_choice":"Grow","damage_taken":0,"max_hp_gain":0,"max_hp_loss":0,"event_name":"Living Wall","floor":12,"gold_loss":0,"cards_upgraded":["Thunderclap"]}],"is_beta":false,"boss_relics":[],"items_purged_floors":[8],"is_endless":false,"potions_floor_spawned":[1,3,13],"killed_by":"Hexaghost","ascension_level":7}