{"gold_per_floor":[118,138,63,77,77,77,94,94,94,94,94,108,8,24,24,121,121,145,174,61,74,74],"floor_reached":22,"playtime":916,"items_purged":["Strike_B","Defend_B","Pain"],"score":178,"play_id":"4db10067-6248-485d-aace-3c94e500796c","local_time":"20190217184032","is_ascension_mode":false,"campfire_choices":[{"data":"Doom and Gloom","floor":6,"key":"SMITH"},{"data":"Streamline","floor":8,"key":"SMITH"},{"data":"Dualcast","floor":10,"key":"SMITH"},{"floor":15,"key":"REST"}],"neow_cost":"NONE","seed_source_timestamp":324891773600,"circlet_count":0,"master_deck":["Strike_B","Strike_B","Defend_B","Zap","Dualcast+1","Auto Shields+1","Lockon+1","Chaos+1","Doom and Gloom+1","Sweeping Beam+1","Streamline+1","Auto Shields","Gash","Parasite","Decay","Beam Cell","Beam Cell"],"relics":["Astrolabe","Letter Opener","Calling Bell","MawBank","Meat on the Bone","Unceasing Top"],"potions_floor_usage":[],"damage_taken":[{"damage":5,"enemies":"Small Slimes","floor":1,"turns":4},{"damage":0,"enemies":"Cultist","floor":2,"turns":3},{"damage":11,"enemies":"Jaw Worm","floor":4,"turns":2},{"damage":8,"enemies":"Red Slaver","floor":7,"turns":3},{"damage":7,"enemies":"Blue Slaver","floor":12,"turns":3},{"damage":0,"enemies":"Gremlin Gang","floor":14,"turns":3},{"damage":49,"enemies":"Slime Boss","floor":16,"turns":8},{"damage":34,"enemies":"3 Byrds","floor":18,"turns":4},{"damage":9,"enemies":"Chosen","floor":19,"turns":5},{"damage":47,"enemies":"Centurion and Healer","floor":21,"turns":7},{"damage":14,"enemies":"Snake Plant","floor":22,"turns":1}],"seed_played":"4527232884293982728","potions_obtained":[{"floor":4,"key":"Dexterity Potion"},{"floor":7,"key":"EntropicBrew"},{"floor":14,"key":"FearPotion"}],"is_trial":false,"path_per_floor":["M","M","$","M","?","R","M","R","T","R","?","M","$","M","R","B",null,"M","M","$","M","M"],"character_chosen":"DEFECT","items_purchased":[],"campfire_rested":1,"item_purchase_floors":[],"current_hp_per_floor":[70,70,70,59,64,64,56,56,56,56,56,49,49,49,73,24,80,46,49,49,14,0],"gold":74,"neow_bonus":"BOSS_RELIC","is_prod":false,"is_daily":false,"chose_seed":false,"campfire_upgraded":3,"win_rate":0.0,"timestamp":1550457632,"path_taken":["M","M","$","M","?","R","M","R","T","R","?","M","$","M","R","BOSS","M","M","$","M","?"],"build_version":"2019-01-23","purchased_purges":3,"victory":false,"max_hp_per_floor":[75,75,75,75,80,80,80,80,80,80,80,80,80,80,80,80,80,80,80,80,80,80],"card_choices":[{"not_picked":["Cold Snap","Coolheaded"],"picked":"Doom and Gloom","floor":1},{"not_picked":["Stack","Cold Snap"],"picked":"Sweeping Beam","floor":2},{"not_picked":["Genetic Algorithm","Darkness","Cold Snap"],"picked":"SKIP","floor":4},{"not_picked":["Stack","Sweeping Beam"],"picked":"Streamline","floor":7},{"not_picked":["Gash","Turbo"],"picked":"Auto Shields","floor":12},{"not_picked":["Cold Snap","FTL"],"picked":"Gash","floor":14},{"not_picked":["Steam","Blizzard"],"picked":"Beam Cell","floor":18},{"not_picked":["Genetic Algorithm","Barrage+1","Ball Lightning"],"picked":"SKIP","floor":19},{"not_picked":["Double Energy","Reinforced Body"],"picked":"Beam Cell","floor":21}],"player_experience":185339,"relics_obtained":[{"floor":9,"key":"Letter Opener"},{"floor":17,"key":"MawBank"},{"floor":17,"key":"Meat on the Bone"},{"floor":17,"key":"Unceasing Top"}],"event_choices":[{"damage_healed":0,"gold_gain":0,"player_choice":"Donut","damage_taken":0,"max_hp_gain":5,"max_hp_loss":0,"event_name":"Big Fish","floor":5,"gold_loss":0},{"damage_healed":0,"gold_gain":0,"player_choice":"Upgraded","damage_taken":0,"max_hp_gain":0,"max_hp_loss":0,"event_name":"Upgrade Shrine","floor":11,"gold_loss":0,"cards_upgraded":["Sweeping Beam"]}],"is_beta":false,"boss_relics":[{"not_picked":["White Beast Statue","Pandora\u0027s Box"],"picked":"Calling Bell"}],"items_purged_floors":[3,13,20],"is_endless":false,"potions_floor_spawned":[4,7,14],"killed_by":"Snake Plant","ascension_level":0}