{"gold_per_floor":[118,129,28,38,38,38,49,69,115,127,191,208,208,218,218,321,321,339,239,274,274,324,324,336,362,362,362,372,389,389,407,407,510,510,523,398,418,20,31,31,44,75,128,141,153,166,166,166,166,166],"floor_reached":51,"playtime":2035,"items_purged":["Strike_R","Strike_R","Strike_R","Strike_R"],"score":1002,"play_id":"69d54c52-5439-4068-9bbd-846388ac85a0","local_time":"20190430184608","is_ascension_mode":true,"campfire_choices":[{"data":"Flex","floor":6.0,"key":"SMITH"},{"data":"Flex","floor":13.0,"key":"SMITH"},{"floor":15.0,"key":"REST"},{"data":"Flex","floor":23.0,"key":"SMITH"},{"data":"Sword Boomerang","floor":27.0,"key":"SMITH"},{"data":"Battle Trance","floor":30.0,"key":"SMITH"},{"data":"Limit Break","floor":32.0,"key":"SMITH"},{"data":"Twin Strike","floor":40.0,"key":"SMITH"},{"data":"Reaper","floor":49.0,"key":"SMITH"}],"neow_cost":"NONE","seed_source_timestamp":0,"circlet_count":0,"master_deck":["Defend_R","Defend_R","Defend_R","Bash+1","Flex+1","Flex+1","Flex+1","Sword Boomerang+1","Reaper+1","Twin Strike+1","Limit Break+1","Battle Trance+1","Heavy Blade+1","Sword Boomerang+1","Whirlwind+1"],"special_seed":0,"relics":["Burning Blood","Kunai","Vajra","Tiny Chest","Empty Cage","Red Mask","Meat on the Bone","Question Card","Sozu","Gremlin Horn","Art of War","Centennial Puzzle","Anchor"],"potions_floor_usage":[50],"damage_taken":[{"damage":0.0,"enemies":"Small Slimes","floor":1.0,"turns":3.0},{"damage":6.0,"enemies":"2 Louse","floor":2.0,"turns":3.0},{"damage":11.0,"enemies":"Cultist","floor":4.0,"turns":5.0},{"damage":31.0,"enemies":"Exordium Thugs","floor":7.0,"turns":6.0},{"damage":16.0,"enemies":"Blue Slaver","floor":8.0,"turns":3.0},{"damage":17.0,"enemies":"Lots of Slimes","floor":10.0,"turns":4.0},{"damage":39.0,"enemies":"3 Sentries","floor":11.0,"turns":7.0},{"damage":11.0,"enemies":"Gremlin Gang","floor":12.0,"turns":3.0},{"damage":20.0,"enemies":"Exordium Wildlife","floor":14.0,"turns":3.0},{"damage":41.0,"enemies":"The Guardian","floor":16.0,"turns":10.0},{"damage":7.0,"enemies":"Chosen","floor":18.0,"turns":3.0},{"damage":24.0,"enemies":"Masked Bandits","floor":20.0,"turns":3.0},{"damage":10.0,"enemies":"Shell Parasite","floor":24.0,"turns":2.0},{"damage":20.0,"enemies":"Gremlin Leader","floor":25.0,"turns":4.0},{"damage":5.0,"enemies":"Snecko","floor":28.0,"turns":3.0},{"damage":26.0,"enemies":"Centurion and Healer","floor":29.0,"turns":3.0},{"damage":10.0,"enemies":"3 Cultists","floor":31.0,"turns":4.0},{"damage":43.0,"enemies":"Collector","floor":33.0,"turns":5.0},{"damage":44.0,"enemies":"3 Darklings","floor":35.0,"turns":4.0},{"damage":8.0,"enemies":"3 Shapes","floor":37.0,"turns":2.0},{"damage":0.0,"enemies":"Sphere and 2 Shapes","floor":39.0,"turns":1.0},{"damage":30.0,"enemies":"Maw","floor":41.0,"turns":4.0},{"damage":48.0,"enemies":"Nemesis","floor":42.0,"turns":3.0},{"damage":36.0,"enemies":"4 Shapes","floor":44.0,"turns":3.0},{"damage":13.0,"enemies":"Writhing Mass","floor":45.0,"turns":2.0},{"damage":12.0,"enemies":"Sphere and 2 Shapes","floor":46.0,"turns":1.0},{"damage":92,"enemies":"Time Eater","floor":50,"turns":6}],"seed_played":"-6282438972149754712","potions_obtained":[{"floor":4.0,"key":"Regen Potion"},{"floor":10.0,"key":"FairyPotion"},{"floor":11.0,"key":"AttackPotion"},{"floor":12.0,"key":"SpeedPotion"},{"floor":14.0,"key":"LiquidBronze"},{"floor":20.0,"key":"Strength Potion"},{"floor":24.0,"key":"Fire Potion"},{"floor":28.0,"key":"Explosive Potion"}],"is_trial":false,"path_per_floor":["M","M","$","M","?","R","M","M","T","M","E","M","R","M","R","B",null,"M","$","?","?","?","R","M","E","T","R","M","M","R","M","R","B",null,"M","$","M","$","M","R","M","E","T","M","M","M","T","?","R","B",null],"character_chosen":"IRONCLAD","items_purchased":["Flex","Gremlin Horn"],"campfire_rested":1,"item_purchase_floors":[3,38],"current_hp_per_floor":[78,78,78,73,61,61,51,41,41,30,15,30,30,34,58,32,68,80,80,62,62,62,62,58,66,66,66,67,47,47,61,61,54,74,74,74,72,72,78,78,74,44,44,66,59,78,78,78,78,19],"gold":166,"neow_bonus":"UPGRADE_CARD","is_prod":false,"is_daily":false,"chose_seed":false,"campfire_upgraded":8,"win_rate":0,"timestamp":1556675168,"path_taken":["M","M","$","M","?","R","M","M","T","M","E","M","R","M","R","BOSS","M","$","?","?","?","R","M","E","T","R","M","M","R","M","R","BOSS","M","$","M","$","M","R","M","E","T","M","?","M","?","?","R","BOSS"],"build_version":"2019-01-23","purchased_purges":4,"victory":true,"max_hp_per_floor":[80,80,80,80,80,80,80,80,80,80,80,80,80,80,80,80,80,80,80,80,80,80,80,80,80,80,80,80,80,80,80,80,80,80,80,80,80,80,80,80,80,80,80,80,80,80,80,80,80,80],"card_choices":[{"not_picked":["Havoc","Cleave"],"picked":"Flex","floor":1.0},{"not_picked":["Perfected Strike","Armaments"],"picked":"Flex","floor":2.0},{"not_picked":["Pommel Strike","Feel No Pain","Perfected Strike"],"picked":"SKIP","floor":4.0},{"not_picked":["Flex","Searing Blow","Wild Strike"],"picked":"SKIP","floor":7.0},{"not_picked":["Body Slam","True Grit"],"picked":"Sword Boomerang","floor":8.0},{"not_picked":["Carnage","Rupture"],"picked":"Reaper","floor":10.0},{"not_picked":["Cleave","Iron Wave"],"picked":"Twin Strike","floor":11.0},{"not_picked":["Blood for Blood","Twin Strike","Clothesline"],"picked":"SKIP","floor":12.0},{"not_picked":["Armaments","Flame Barrier","Clash"],"picked":"SKIP","floor":14.0},{"not_picked":["Immolate","Berserk"],"picked":"Limit Break","floor":16.0},{"not_picked":["Ghostly Armor+1","Anger+1","Armaments"],"picked":"SKIP","floor":18.0},{"not_picked":["Thunderclap+1","Iron Wave"],"picked":"Battle Trance","floor":20.0},{"not_picked":["Dropkick","Metallicize"],"picked":"Heavy Blade+1","floor":24.0},{"not_picked":["Double Tap","Rupture+1","Clothesline"],"picked":"SKIP","floor":25.0},{"not_picked":["Iron Wave+1","Dual Wield+1","Disarm","True Grit+1"],"picked":"SKIP","floor":28.0},{"not_picked":["Flame Barrier","Pommel Strike","Armaments+1"],"picked":"Sword Boomerang+1","floor":29.0},{"not_picked":["Rampage","Combust","Wild Strike","Flex"],"picked":"SKIP","floor":31.0},{"not_picked":["Heavy Blade","Entrench+1","Wild Strike"],"picked":"Whirlwind+1","floor":35.0},{"not_picked":["Rage","Wild Strike","Dropkick+1","Body Slam+1"],"picked":"SKIP","floor":37.0},{"not_picked":["Hemokinesis","Anger+1","Entrench","Sever Soul"],"picked":"SKIP","floor":39.0},{"not_picked":["Armaments+1","Uppercut+1","Spot Weakness","Twin Strike"],"picked":"SKIP","floor":41.0},{"not_picked":["Twin Strike","Headbutt+1","Warcry+1","Limit Break"],"picked":"SKIP","floor":42.0},{"not_picked":["Cleave","Warcry+1","Corruption","Perfected Strike+1"],"picked":"SKIP","floor":44.0},{"not_picked":["Headbutt","Barricade","Armaments+1","Cleave+1"],"picked":"SKIP","floor":45.0},{"not_picked":["Clothesline+1","Twin Strike+1","Iron Wave+1","Cleave+1"],"picked":"SKIP","floor":46.0}],"player_experience":330805,"relics_obtained":[{"floor":9.0,"key":"Vajra"},{"floor":11.0,"key":"Tiny Chest"},{"floor":20.0,"key":"Red Mask"},{"floor":25.0,"key":"Meat on the Bone"},{"floor":26.0,"key":"Question Card"},{"floor":42.0,"key":"Art of War"},{"floor":43.0,"key":"Centennial Puzzle"},{"floor":47.0,"key":"Anchor"}],"event_choices":[{"damage_healed":0.0,"max_hp_gain":0.0,"max_hp_loss":0.0,"gold_gain":0.0,"event_name":"Scrap Ooze","player_choice":"Success","floor":5.0,"gold_loss":0.0,"damage_taken":12.0,"relics_obtained":["Kunai"]},{"damage_healed":0.0,"max_hp_gain":0.0,"max_hp_loss":0.0,"gold_gain":0.0,"event_name":"Masked Bandits","player_choice":"Fought Bandits","floor":20.0,"gold_loss":0.0,"damage_taken":0.0},{"damage_healed":0.0,"max_hp_gain":0.0,"max_hp_loss":0.0,"gold_gain":0.0,"event_name":"The Mausoleum","player_choice":"Ignored","floor":21.0,"gold_loss":0.0,"damage_taken":0.0},{"damage_healed":0.0,"max_hp_gain":0.0,"max_hp_loss":0.0,"gold_gain":100.0,"event_name":"The Joust","player_choice":"Bet on Murderer","floor":22.0,"gold_loss":50.0,"damage_taken":0.0},{"damage_healed":0.0,"max_hp_gain":0.0,"max_hp_loss":0.0,"gold_gain":0.0,"event_name":"Match and Keep!","player_choice":"0 cards matched","floor":48.0,"gold_loss":0.0,"damage_taken":0.0,"cards_obtained":[]}],"is_beta":false,"boss_relics":[{"not_picked":["Astrolabe","Runic Cube"],"picked":"Empty Cage"},{"not_picked":["Snecko Eye","Fusion Hammer"],"picked":"Sozu"}],"items_purged_floors":[3,19,36,38],"is_endless":false,"potions_floor_spawned":[4,10,11,12,14,20,24,28,35,39,42],"ascension_level":8}