{"gold_per_floor":[114,126,136,86,86,116,129,129,155,190,190,209,234,308,308,404,404,414,414,268,285,285,285,311,311,311,17,34,34,34,54,54,151,201,216,92,0,10,10,10,36,36,36,63,63,81,99,99,99,203,203,220,38,38,114,289,318,40,40,40,67,82,92,102,133,133,232,232,252,252,252,262,262,289,86,104,135,35,50,50,0,18,18,116,116,128,38,55,108,108,133,133,167,201,201,217,217,7,25,25,120,120,133,143,143,157,157,188,198,210,243,18,18,18,32,58,58,158,158,176,24,24,24,36,36,36,36,64,83,83,101,101,121,121,225,225,240,240,240,285,285,285,295,314,344,355,385,385,395,409,409,508,508,523,18,18,18,33,33,50,109,134,64,92,110,127,127,127,127],"floor_reached":169,"playtime":23167,"items_purged":["Strike_G","Decay","Normality"],"score":4941,"play_id":"980ebeef-9319-4ee9-a9c2-7428d04e9763","local_time":"20180810200750","is_ascension_mode":false,"campfire_choices":[{"data":"Neutralize","floor":8.0,"key":"SMITH"},{"floor":11.0,"key":"REST"},{"data":"Terror","floor":15.0,"key":"SMITH"},{"data":"Phantasmal Killer","floor":23.0,"key":"SMITH"},{"floor":25.0,"key":"REST"},{"data":"Skewer","floor":32.0,"key":"SMITH"},{"floor":40.0,"key":"REST"},{"floor":42.0,"key":"REST"},{"data":"Noxious Fumes","floor":49.0,"key":"SMITH"},{"data":"Mind Blast","floor":59.0,"key":"SMITH"},{"data":"Infinite Blades","floor":66.0,"key":"SMITH"},{"data":"Infinite Blades","floor":80,"key":"SMITH"},{"data":"Dash","floor":83,"key":"SMITH"},{"data":"Mind Blast","floor":92,"key":"SMITH"},{"data":"Accuracy","floor":95,"key":"SMITH"},{"data":"Caltrops","floor":100,"key":"SMITH"},{"data":"Dagger Spray","floor":117,"key":"SMITH"},{"floor":126,"key":"REST"},{"floor":130,"key":"REST"},{"floor":134,"key":"REST"},{"floor":142,"key":"REST"},{"floor":148,"key":"REST"},{"floor":151,"key":"REST"},{"floor":159,"key":"REST"},{"floor":168,"key":"REST"}],"neow_cost":"","seed_source_timestamp":0,"circlet_count":0,"master_deck":["Defend_G+1","Defend_G+1","Defend_G+1","Defend_G+1","Defend_G+1","Survivor","Neutralize+1","Terror+1","Skewer+1","Dagger Spray+1","Quick Slash","Backflip","Slice","Dash+1","Infinite Blades+1","Phantasmal Killer+1","Deflect+1","RitualDagger","Accuracy+1","Catalyst","Poisoned Stab","Infinite Blades+1","PiercingWail+1","Phantasmal Killer+1","Blur+1","Caltrops+1","Noxious Fumes+1","Mind Blast+1","Footwork+1","PiercingWail+1","Backflip+1","Blade Dance+1","Cloak And Dagger+1","Magnetism","Die Die Die","Apotheosis+1","Footwork+1","Caltrops+1","Blur+1","Finisher","Dash","A Thousand Cuts+1","Accuracy+1","Tools of the Trade+1","Blur+1","Leg Sweep+1","Mind Blast+1","Footwork+1","After Image+1","Deflect+1","Cloak And Dagger+1","Phantasmal Killer+1","Mind Blast+1","Blur+1","Cloak And Dagger+1","Infinite Blades+1","Accuracy+1","Die Die Die","Calculated Gamble+1","Catalyst+1","PiercingWail+1","Corpse Explosion+1","Footwork+1","PiercingWail+1","Infinite Blades+1","Accuracy+1","Noxious Fumes+1","Well Laid Plans+1","Dagger Spray+1","Mind Blast+1","Footwork+1","Choke+1","A Thousand Cuts+1","After Image+1","A Thousand Cuts+1","Footwork+1","Noxious Fumes+1","Blur+1","Terror+1","Envenom+1","Envenom+1"],"special_seed":0,"relics":["Ring of the Snake","Omamori","Snake Skull","Happy Flower","Calipers","Sozu","Mummified Hand","Shuriken","Bird Faced Urn","Ancient Tea Set","Tiny House","Red Mask","Unceasing Top","Toxic Egg 2","Bag of Preparation","Black Star","Frozen Egg 2","Dodecahedron","Letter Opener","Orrery","NlothsMask","TwistedFunnel","Lizard Tail","Prayer Wheel","Tough Bandages","Art of War","Empty Cage","Oddly Smooth Stone","FaceOfCleric","Fusion Hammer","Blood Vial","Nunchaku","Cursed Key","Torii","Thread and Needle"],"potions_floor_usage":[],"damage_taken":[{"damage":0.0,"enemies":"Small Slimes","floor":1.0,"turns":5.0},{"damage":1.0,"enemies":"Jaw Worm","floor":2.0,"turns":4.0},{"damage":0.0,"enemies":"Cultist","floor":3.0,"turns":4.0},{"damage":10.0,"enemies":"Gremlin Nob","floor":6.0,"turns":3.0},{"damage":2.0,"enemies":"2 Fungi Beasts","floor":7.0,"turns":3.0},{"damage":8.0,"enemies":"3 Sentries","floor":10.0,"turns":7.0},{"damage":2.0,"enemies":"Looter","floor":12.0,"turns":2.0},{"damage":5.0,"enemies":"Lagavulin","floor":13.0,"turns":5.0},{"damage":28.0,"enemies":"Slime Boss","floor":16.0,"turns":10.0},{"damage":5.0,"enemies":"Shell Parasite","floor":18.0,"turns":4.0},{"damage":0.0,"enemies":"Chosen","floor":21.0,"turns":4.0},{"damage":17.0,"enemies":"Gremlin Leader","floor":24.0,"turns":6.0},{"damage":0.0,"enemies":"Snake Plant","floor":28.0,"turns":2.0},{"damage":0.0,"enemies":"Centurion and Healer","floor":31.0,"turns":4.0},{"damage":35.0,"enemies":"Automaton","floor":33.0,"turns":8.0},{"damage":5.0,"enemies":"Orb Walker","floor":35.0,"turns":3.0},{"damage":21.0,"enemies":"3 Darklings","floor":38.0,"turns":6.0},{"damage":36.0,"enemies":"2 Orb Walkers","floor":41.0,"turns":5.0},{"damage":13.0,"enemies":"Giant Head","floor":44.0,"turns":7.0},{"damage":9.0,"enemies":"4 Shapes","floor":46.0,"turns":7.0},{"damage":0.0,"enemies":"Sphere and 2 Shapes","floor":47.0,"turns":4.0},{"damage":42.0,"enemies":"Awakened One","floor":50.0,"turns":10.0},{"damage":0.0,"enemies":"2 Louse","floor":52.0,"turns":2.0},{"damage":0.0,"enemies":"3 Sentries","floor":57.0,"turns":5.0},{"damage":0.0,"enemies":"Gremlin Nob","floor":61.0,"turns":3.0},{"damage":0.0,"enemies":"Small Slimes","floor":62.0,"turns":1.0},{"damage":0.0,"enemies":"Cultist","floor":63.0,"turns":2.0},{"damage":0.0,"enemies":"2 Fungi Beasts","floor":64.0,"turns":2.0},{"damage":7.0,"enemies":"Lagavulin","floor":65.0,"turns":3.0},{"damage":0.0,"enemies":"The Guardian","floor":67.0,"turns":6.0},{"damage":12.0,"enemies":"2 Thieves","floor":69.0,"turns":3.0},{"damage":0.0,"enemies":"3 Byrds","floor":72.0,"turns":2.0},{"damage":0.0,"enemies":"Gremlin Leader","floor":74.0,"turns":3.0},{"damage":0.0,"enemies":"3 Cultists","floor":76.0,"turns":2.0},{"damage":0.0,"enemies":"Book of Stabbing","floor":77.0,"turns":3.0},{"damage":0.0,"enemies":"Snecko","floor":79.0,"turns":3.0},{"damage":0,"enemies":"Cultist and Chosen","floor":82,"turns":4},{"damage":10,"enemies":"Champ","floor":84,"turns":7},{"damage":11,"enemies":"3 Darklings","floor":86,"turns":3},{"damage":0,"enemies":"Orb Walker","floor":88,"turns":2},{"damage":0,"floor":89,"turns":5},{"damage":10,"enemies":"2 Orb Walkers","floor":91,"turns":3},{"damage":0,"enemies":"Nemesis","floor":93,"turns":5},{"damage":3,"enemies":"Giant Head","floor":94,"turns":5},{"damage":0,"enemies":"Sphere and 2 Shapes","floor":96,"turns":2},{"damage":0,"floor":97,"turns":2},{"damage":0,"enemies":"Flame Bruiser 2 Orb","floor":99,"turns":3},{"damage":93,"enemies":"Time Eater","floor":101,"turns":9},{"damage":0,"enemies":"Small Slimes","floor":103,"turns":1},{"damage":0,"enemies":"Jaw Worm","floor":104,"turns":1},{"damage":0,"enemies":"2 Louse","floor":106,"turns":1},{"damage":0,"enemies":"Gremlin Nob","floor":108,"turns":1},{"damage":0,"enemies":"Large Slime","floor":109,"turns":1},{"damage":0,"enemies":"Exordium Thugs","floor":110,"turns":1},{"damage":0,"enemies":"Lagavulin","floor":111,"turns":2},{"damage":0,"enemies":"Lots of Slimes","floor":115,"turns":2},{"damage":0,"enemies":"3 Sentries","floor":116,"turns":2},{"damage":0,"enemies":"Slime Boss","floor":118,"turns":3},{"damage":0,"enemies":"3 Byrds","floor":120,"turns":2},{"damage":0,"enemies":"Spheric Guardian","floor":124,"turns":1},{"damage":14,"enemies":"Book of Stabbing","floor":128,"turns":2},{"damage":0,"enemies":"Snake Plant","floor":129,"turns":1},{"damage":0,"enemies":"Cultist and Chosen","floor":131,"turns":2},{"damage":0,"enemies":"Centurion and Healer","floor":133,"turns":2},{"damage":0,"enemies":"Automaton","floor":135,"turns":4},{"damage":0,"enemies":"Flame Bruiser 1 Orb","floor":137,"turns":2},{"damage":0,"floor":140,"turns":2},{"damage":0,"enemies":"Orb Walker","floor":143,"turns":1},{"damage":0,"enemies":"Spire Growth","floor":144,"turns":2},{"damage":16,"enemies":"2 Orb Walkers","floor":145,"turns":3},{"damage":0,"enemies":"Maw","floor":146,"turns":5},{"damage":0,"enemies":"Giant Head","floor":147,"turns":4},{"damage":0,"enemies":"Sphere and 2 Shapes","floor":149,"turns":1},{"damage":1,"enemies":"Spire Growth","floor":150,"turns":2},{"damage":52,"enemies":"Time Eater","floor":152,"turns":7},{"damage":0,"enemies":"Small Slimes","floor":154,"turns":1},{"damage":0,"enemies":"2 Louse","floor":158,"turns":1},{"damage":0,"enemies":"Cultist","floor":160,"turns":1},{"damage":0,"enemies":"3 Sentries","floor":162,"turns":2},{"damage":0,"enemies":"Lagavulin","floor":164,"turns":1},{"damage":0,"enemies":"2 Fungi Beasts","floor":165,"turns":1},{"damage":0,"enemies":"Blue Slaver","floor":166,"turns":1},{"damage":112,"enemies":"Hexaghost","floor":169,"turns":2}],"seed_played":"-5497458449098463787","potions_obtained":[{"floor":2.0,"key":"Fire Potion"},{"floor":7.0,"key":"SteroidPotion"},{"floor":13.0,"key":"SpeedPotion"},{"floor":16.0,"key":"Strength Potion"}],"is_trial":true,"path_per_floor":["M","M","M","?","$","E","M","R","T","E","R","M","E","?","R","B",null,"M","?","$","M","?","R","E","R","T","$","M","?","$","M","R","B",null,"M","$","?","M","$","R","E","R","T","E","?","M","M","?","R","B",null,"M","$","?","?","?","E","$","R","T","E","M","M","M","E","R","B",null,"M","?","?","M","?","E","$","M","E","$","M","R","$","M","R","B",null,"M","$","M","?","?","E","R","E","E","R","M","?","$","M","R","B",null,"M","M","$","M","?","E","M","M","E","$","?","$","M","E","R","B",null,"M","$","?","?","M","?","R","?","E","M","R","M","?","M","R","B",null,"M","?","?","?","?","R","M","M","E","M","E","R","M","M","R","B",null,"M","$","?","?","M","R","M","?","E","$","E","M","M","?","R"],"character_chosen":"THE_SILENT","items_purchased":["Accuracy","Bird Faced Urn","Noxious Fumes","Mind Blast","Apotheosis+1","Dodecahedron","Caltrops+1","TwistedFunnel","Deflect+1","Mind Blast","Art of War","Accuracy+1","Oddly Smooth Stone","Noxious Fumes+1","Blood Vial","Thread and Needle","Blur+1","Envenom+1"],"campfire_rested":12,"item_purchase_floors":[20,27,36,36,53,58,58,75,81,87,98,98,112,112,121,155,155,163],"current_hp_per_floor":[70,69,69,69,69,59,57,57,57,49,70,68,63,63,63,35,70,65,59,59,59,59,59,42,63,63,63,65,65,65,70,70,41,75,70,70,70,57,57,75,43,65,65,62,62,65,71,71,71,47,75,75,75,75,75,75,75,75,75,75,75,75,75,75,72,72,75,75,69,69,69,75,75,75,75,75,75,75,75,75,75,75,75,75,75,64,64,70,75,75,65,65,75,75,75,75,75,75,75,75,39,75,75,75,75,75,75,75,75,75,75,75,75,75,76,77,77,78,78,79,79,79,79,80,80,80,80,73,82,82,83,83,84,84,85,85,86,86,86,87,87,87,88,89,74,91,92,92,93,93,94,65,95,95,95,76,76,83,95,95,95,95,95,95,95,95,95,95,0],"gold":127,"neow_bonus":"","is_prod":false,"is_daily":false,"chose_seed":false,"campfire_upgraded":13,"win_rate":0,"timestamp":1533928070,"path_taken":["M","M","M","?","$","E","M","R","T","E","R","M","E","?","R","BOSS","M","?","$","?","?","R","E","R","T","$","?","?","?","?","R","BOSS","M","$","?","M","$","R","E","R","T","E","?","M","M","?","R","BOSS","M","$","?","?","?","E","?","R","T","E","M","M","M","E","R","BOSS","M","?","?","?","?","E","$","M","E","$","M","R","?","M","R","BOSS","M","$","M","?","?","E","R","E","E","R","M","?","$","M","R","BOSS","M","M","$","M","?","E","M","M","E","$","?","$","M","E","R","BOSS","M","$","?","?","M","?","R","?","E","M","R","?","?","M","R","BOSS","M","?","?","?","?","R","?","M","E","?","E","R","M","M","R","BOSS","M","$","?","?","?","R","M","?","E","$","E","?","M","?","R","BOSS"],"build_version":"2018-08-09","purchased_purges":3,"victory":false,"max_hp_per_floor":[70,70,70,70,70,70,70,70,70,70,70,70,70,70,70,70,70,70,70,70,70,70,70,70,70,70,70,70,70,70,70,70,70,75,75,75,75,75,75,75,75,75,75,75,75,75,75,75,75,75,75,75,75,75,75,75,75,75,75,75,75,75,75,75,75,75,75,75,75,75,75,75,75,75,75,75,75,75,75,75,75,75,75,75,75,75,75,75,75,75,75,75,75,75,75,75,75,75,75,75,75,75,75,75,75,75,75,75,75,75,75,75,75,75,76,77,77,78,78,79,79,79,79,80,80,80,80,81,82,82,83,83,84,84,85,85,86,86,86,87,87,87,88,89,90,91,92,92,93,94,94,95,95,95,95,95,95,95,95,95,95,95,95,95,95,95,95,95,95],"card_choices":[{"not_picked":["Dagger Throw","Cloak And Dagger"],"picked":"Terror","floor":1.0},{"not_picked":["Acrobatics","Masterful Stab"],"picked":"Skewer","floor":2.0},{"not_picked":["Sucker Punch","Poisoned Stab"],"picked":"Dagger Spray","floor":3.0},{"not_picked":["Masterful Stab","Dagger Throw"],"picked":"Quick Slash","floor":6.0},{"not_picked":["Deadly Poison","Quick Slash"],"picked":"Backflip","floor":7.0},{"not_picked":["Concentrate","Storm of Steel"],"picked":"Slice","floor":10.0},{"not_picked":["Flying Knee","Calculated Gamble"],"picked":"Dash","floor":12.0},{"not_picked":["Night Terror","Prepared"],"picked":"Infinite Blades","floor":13.0},{"not_picked":["Burst","Corpse Explosion"],"picked":"Phantasmal Killer","floor":16.0},{"not_picked":["Escape Plan","Slice+1"],"picked":"Deflect","floor":18.0},{"not_picked":["Sucker Punch","Quick Slash"],"picked":"Catalyst","floor":21.0},{"not_picked":["Flying Knee","Dodge and Roll"],"picked":"Poisoned Stab","floor":24.0},{"not_picked":["Flying Knee","Endless Agony+1"],"picked":"Infinite Blades","floor":28.0},{"not_picked":["Burst","Flying Knee+1"],"picked":"PiercingWail","floor":31.0},{"not_picked":["Night Terror","Venomology"],"picked":"Phantasmal Killer","floor":33.0},{"not_picked":["PiercingWail+1","Dagger Throw"],"picked":"Blur+1","floor":34.0},{"not_picked":["Leg Sweep","Cloak And Dagger"],"picked":"Caltrops","floor":35.0},{"not_picked":["Choke+1","Noxious Fumes+1"],"picked":"Footwork+1","floor":38.0},{"not_picked":["Reflex+1","Quick Slash"],"picked":"PiercingWail+1","floor":41.0},{"not_picked":["Flying Knee+1","Prepared+1"],"picked":"Backflip+1","floor":44.0},{"not_picked":["Deadly Poison+1","Sucker Punch"],"picked":"Blade Dance+1","floor":46.0},{"not_picked":["Dagger Spray","Prepared+1"],"picked":"Cloak And Dagger+1","floor":47.0},{"not_picked":["Enlightenment+1","Jack Of All Trades+1"],"picked":"Magnetism","floor":48.0},{"not_picked":["Burst+1","Storm of Steel+1"],"picked":"Die Die Die","floor":50.0},{"not_picked":["Quick Slash","Deadly Poison+1","PiercingWail+1"],"picked":"SKIP","floor":52.0},{"not_picked":["Dodge and Roll+1","PiercingWail+1"],"picked":"Footwork+1","floor":57.0},{"not_picked":["PiercingWail+1","Dagger Spray","Sucker Punch"],"picked":"SKIP","floor":61.0},{"not_picked":["Quick Slash","Tactician+1"],"picked":"Prepared+1","floor":62.0},{"not_picked":["Heel Hook","Bane"],"picked":"Blur+1","floor":63.0},{"not_picked":["Poisoned Stab","Backflip+1"],"picked":"Finisher","floor":64.0},{"not_picked":["Backflip+1","Burst+1"],"picked":"Dash","floor":65.0},{"not_picked":["Corpse Explosion+1","Venomology+1"],"picked":"A Thousand Cuts+1","floor":67.0},{"not_picked":["Deadly Poison+1","Bane"],"picked":"Accuracy+1","floor":68.0},{"not_picked":["PiercingWail+1","Escape Plan+1"],"picked":"Tools of the Trade+1","floor":68.0},{"not_picked":["Setup+1","Acrobatics+1"],"picked":"Blur+1","floor":68.0},{"not_picked":["Outmaneuver+1","Dagger Spray+1","Deflect+1"],"picked":"SKIP","floor":69.0},{"not_picked":["Bane+1","Sucker Punch"],"picked":"Leg Sweep+1","floor":72.0},{"not_picked":["Setup+1","Deadly Poison+1"],"picked":"Footwork+1","floor":74.0},{"not_picked":["Bane","Dagger Spray","Sucker Punch"],"picked":"SKIP","floor":76.0},{"not_picked":["Sucker Punch","Grand Finale"],"picked":"After Image+1","floor":77.0},{"not_picked":["Dagger Spray+1","Sucker Punch","Prepared+1"],"picked":"SKIP","floor":79.0},{"not_picked":["Dagger Spray+1","Sucker Punch","Prepared+1"],"picked":"SKIP","floor":79.0},{"not_picked":["Finisher","Heel Hook"],"picked":"Cloak And Dagger+1","floor":82},{"not_picked":["Wraith Form v2+1","Grand Finale"],"picked":"Phantasmal Killer+1","floor":84},{"not_picked":["Quick Slash+1","Slice","Acrobatics+1"],"picked":"SKIP","floor":86},{"not_picked":["Acrobatics+1","Bane+1","Catalyst+1"],"picked":"SKIP","floor":88},{"not_picked":["Dagger Throw","Sucker Punch+1","Tactician+1"],"picked":"SKIP","floor":91},{"not_picked":["PiercingWail+1","Finisher"],"picked":"Blur+1","floor":93},{"not_picked":["Bouncing Flask+1","Acrobatics+1"],"picked":"Cloak And Dagger+1","floor":94},{"not_picked":["Flying Knee+1","Poisoned Stab"],"picked":"Infinite Blades+1","floor":96},{"not_picked":["Underhanded Strike","Deflect+1","Setup+1"],"picked":"SKIP","floor":96},{"not_picked":["All Out Attack+1","Riddle With Holes"],"picked":"Die Die Die","floor":99},{"not_picked":["Dagger Throw","Slice","Acrobatics+1"],"picked":"SKIP","floor":99},{"not_picked":["Outmaneuver+1","Deflect+1"],"picked":"Calculated Gamble+1","floor":103},{"not_picked":["Blade Dance+1","Poisoned Stab"],"picked":"Catalyst+1","floor":103},{"not_picked":["Predator","Flechettes"],"picked":"PiercingWail+1","floor":104},{"not_picked":["Dodge and Roll+1","Blade Dance+1"],"picked":"Corpse Explosion+1","floor":104},{"not_picked":["Quick Slash","Flechettes"],"picked":"Footwork+1","floor":106},{"not_picked":["Slice","Flechettes","Predator"],"picked":"SKIP","floor":106},{"not_picked":["Flying Knee","Acrobatics+1"],"picked":"PiercingWail+1","floor":108},{"not_picked":["Outmaneuver+1","Endless Agony"],"picked":"Infinite Blades+1","floor":109},{"not_picked":["Bane","Glass Knife","Flying Knee"],"picked":"SKIP","floor":109},{"not_picked":["Well Laid Plans+1","Dagger Throw"],"picked":"Accuracy+1","floor":110},{"not_picked":["Sucker Punch","Caltrops+1","Dodge and Roll+1"],"picked":"SKIP","floor":110},{"not_picked":["Tactician+1","Skewer","Catalyst+1"],"picked":"SKIP","floor":111},{"not_picked":["Quick Slash","Dash","Dagger Spray"],"picked":"SKIP","floor":115},{"not_picked":["Masterful Stab","Endless Agony","Deadly Poison+1"],"picked":"SKIP","floor":115},{"not_picked":["Venomology+1","Backflip+1"],"picked":"Well Laid Plans+1","floor":116},{"not_picked":["Dodge and Roll+1","Blade Dance+1"],"picked":"Dagger Spray+1","floor":120},{"not_picked":["Reflex+1","Deflect+1","All Out Attack"],"picked":"SKIP","floor":120},{"not_picked":["Crippling Poison+1","Quick Slash","Bouncing Flask+1"],"picked":"SKIP","floor":124},{"not_picked":["Cloak And Dagger+1","Setup+1","Flying Knee"],"picked":"SKIP","floor":124},{"not_picked":["Corpse Explosion+1","Underhanded Strike","Tactician+1"],"picked":"SKIP","floor":128},{"not_picked":["Dagger Throw","Outmaneuver+1"],"picked":"Choke","floor":129},{"not_picked":["Outmaneuver+1","Bouncing Flask+1","Tactician+1"],"picked":"SKIP","floor":129},{"not_picked":["Skewer","Dagger Throw","Deflect+1"],"picked":"SKIP","floor":131},{"not_picked":["Footwork+1","PiercingWail+1","Quick Slash+1"],"picked":"SKIP","floor":131},{"not_picked":["Sucker Punch","Prepared+1","Choke"],"picked":"SKIP","floor":133},{"not_picked":["Blade Dance+1","Tools of the Trade+1","Escape Plan+1"],"picked":"SKIP","floor":133},{"not_picked":["Tools of the Trade+1","Grand Finale"],"picked":"A Thousand Cuts+1","floor":135},{"not_picked":["Bane+1","Acrobatics+1","Sucker Punch+1"],"picked":"SKIP","floor":137},{"not_picked":["Blade Dance+1","Flechettes","Dagger Spray+1"],"picked":"SKIP","floor":137},{"not_picked":["Sucker Punch+1","Prepared+1"],"picked":"After Image+1","floor":143},{"not_picked":["Sucker Punch+1","Reflex+1","Poisoned Stab+1"],"picked":"SKIP","floor":143},{"not_picked":["Sucker Punch+1","Reflex+1","Poisoned Stab+1"],"picked":"SKIP","floor":143},{"not_picked":["Choke","Dagger Throw+1","Acrobatics+1"],"picked":"SKIP","floor":144},{"not_picked":["Dagger Throw","Poisoned Stab","Dodge and Roll+1"],"picked":"SKIP","floor":144},{"not_picked":["Finisher+1","Unload","Choke+1"],"picked":"SKIP","floor":145},{"not_picked":["Sucker Punch+1","Quick Slash+1"],"picked":"A Thousand Cuts+1","floor":146},{"not_picked":["Prepared+1","Blade Dance+1","Catalyst+1"],"picked":"SKIP","floor":146},{"not_picked":["Slice+1","Storm of Steel+1","Underhanded Strike"],"picked":"SKIP","floor":147},{"not_picked":["Deadly Poison+1","Finisher","Leg Sweep+1"],"picked":"SKIP","floor":149},{"not_picked":["Acrobatics+1","PiercingWail+1","Dodge and Roll+1"],"picked":"SKIP","floor":149},{"not_picked":["Blade Dance+1","Slice"],"picked":"Footwork+1","floor":150},{"not_picked":["Eviscerate+1","Tools of the Trade+1","Flying Knee+1"],"picked":"SKIP","floor":150},{"not_picked":["Masterful Stab","Flying Knee"],"picked":"Noxious Fumes+1","floor":154},{"not_picked":["Masterful Stab","Slice","Deflect+1"],"picked":"SKIP","floor":154},{"not_picked":["Quick Slash","Blade Dance+1","Outmaneuver+1"],"picked":"SKIP","floor":158},{"not_picked":["Acrobatics+1","Prepared+1","Slice"],"picked":"SKIP","floor":158},{"not_picked":["Dagger Spray","Leg Sweep+1"],"picked":"Terror+1","floor":160},{"not_picked":["Poisoned Stab","Unload","Dash"],"picked":"SKIP","floor":160},{"not_picked":["Tactician+1","Dagger Throw","Cloak And Dagger+1"],"picked":"SKIP","floor":162},{"not_picked":["Reflex+1","Noxious Fumes+1"],"picked":"Envenom+1","floor":164},{"not_picked":["Bane","Poisoned Stab","Distraction+1"],"picked":"SKIP","floor":165},{"not_picked":["Dodge and Roll+1","Cloak And Dagger+1","Flying Knee"],"picked":"SKIP","floor":165},{"not_picked":["Flying Knee","Dagger Spray","Acrobatics+1"],"picked":"SKIP","floor":166},{"not_picked":["Skewer","Underhanded Strike","Choke"],"picked":"SKIP","floor":166}],"player_experience":628188,"relics_obtained":[{"floor":6.0,"key":"Omamori"},{"floor":9.0,"key":"Snake Skull"},{"floor":10.0,"key":"Happy Flower"},{"floor":13.0,"key":"Calipers"},{"floor":24.0,"key":"Mummified Hand"},{"floor":26.0,"key":"Shuriken"},{"floor":41.0,"key":"Unceasing Top"},{"floor":43.0,"key":"Toxic Egg 2"},{"floor":44.0,"key":"Bag of Preparation"},{"floor":60.0,"key":"Letter Opener"},{"floor":89,"key":"Prayer Wheel"},{"floor":97,"key":"Tough Bandages"},{"floor":140,"key":"Torii"}],"event_choices":[{"event_name":"The Cleric","player_choice":"Card Removal","floor":4.0,"damage_taken":0.0},{"event_name":"Golden Wing","player_choice":"Gained Gold","floor":14.0,"damage_taken":0.0},{"event_name":"Nest","player_choice":"Joined the Cult","floor":19.0,"damage_taken":0.0},{"event_name":"Back to Basics","player_choice":"Simplicity","floor":22.0,"damage_taken":0.0},{"event_name":"The Mausoleum","player_choice":"Yes","floor":29.0,"damage_taken":0.0},{"event_name":"Tomb of Lord Red Mask","player_choice":"Paid","floor":37.0,"damage_taken":0.0},{"event_name":"Upgrade Shrine","player_choice":"Upgraded","floor":45.0,"damage_taken":0.0},{"event_name":"SensoryStone","player_choice":"Memory 1","floor":48.0,"damage_taken":0.0},{"event_name":"Big Fish","player_choice":"Box","floor":54.0,"damage_taken":0.0},{"event_name":"Golden Wing","player_choice":"Gained Gold","floor":55.0,"damage_taken":0.0},{"event_name":"Liars Game","player_choice":"agreed","floor":56.0,"damage_taken":0.0},{"event_name":"Forgotten Altar","player_choice":"Smashed Altar","floor":70.0,"damage_taken":0.0},{"event_name":"FaceTrader","player_choice":"Trade","floor":71.0,"damage_taken":0.0},{"event_name":"Duplicator","player_choice":"One dupe","floor":73.0,"damage_taken":0.0},{"event_name":"Mysterious Sphere","player_choice":"Fight","floor":89,"damage_taken":0},{"event_name":"The Lab","player_choice":"Got Potions","floor":90,"damage_taken":0},{"event_name":"MindBloom","player_choice":"Fight","floor":97,"damage_taken":0},{"event_name":"Bonfire Elementals","player_choice":"BASIC","floor":107,"damage_taken":0},{"event_name":"FaceTrader","player_choice":"Trade","floor":113,"damage_taken":0},{"event_name":"Duplicator","player_choice":"One dupe","floor":122,"damage_taken":0},{"event_name":"Back to Basics","player_choice":"Simplicity","floor":123,"damage_taken":0},{"event_name":"Transmorgrifier","player_choice":"Skipped","floor":125,"damage_taken":0},{"event_name":"The Library","player_choice":"Read","floor":127,"damage_taken":0},{"event_name":"Accursed Blacksmith","player_choice":"Rummage","floor":132,"damage_taken":0},{"event_name":"The Woman in Blue","player_choice":"Bought 0 Potions","floor":138,"damage_taken":0},{"event_name":"Tomb of Lord Red Mask","player_choice":"Ignored","floor":139,"damage_taken":0},{"event_name":"Mysterious Sphere","player_choice":"Fight","floor":140,"damage_taken":0},{"event_name":"Falling","player_choice":"Removed Skill","floor":141,"damage_taken":0},{"event_name":"Shining Light","player_choice":"Entered Light","floor":156,"damage_taken":0},{"event_name":"The Cleric","player_choice":"Leave","floor":157,"damage_taken":0},{"event_name":"Golden Wing","player_choice":"Gained Gold","floor":161,"damage_taken":0},{"event_name":"Transmorgrifier","player_choice":"Skipped","floor":167,"damage_taken":0}],"is_beta":false,"boss_relics":[{"not_picked":["Fusion Hammer","Runic Dome"],"picked":"Sozu"},{"not_picked":["Empty Cage","Runic Pyramid"],"picked":"Tiny House"},{"not_picked":["Coffee Dripper","Orrery"],"picked":"Black Star"},{"not_picked":["Runic Dome","Ring of the Serpent"],"picked":"Orrery"},{"not_picked":["Coffee Dripper","Eternal Feather"],"picked":"Lizard Tail"},{"not_picked":["Pandora\u0027s Box","Runic Pyramid"],"picked":"Empty Cage"},{"not_picked":["WristBlade","Calling Bell"],"picked":"Fusion Hammer"},{"not_picked":["Ring of the Serpent","HoveringKite"],"picked":"Cursed Key"},{"not_picked":["Coffee Dripper","Snecko Eye","Philosopher\u0027s Stone"]}],"items_purged_floors":[20,78,155],"is_endless":true,"potions_floor_spawned":[2,7,13,16,21,31,33,41,46,52,61,65,72,77,82,86,91,96,97,101,109,110,111,115,116,118,124,129,133,135,143,144,145,146,149,160,164],"killed_by":"Hexaghost","ascension_level":1}