{"gold_per_floor":[215,232,252,177,177,177,192,192,274,294,307,307,48,66,66,163,163,180,55,73,50,63,63,63,63,63,77,92,92,53,118,118,118],"floor_reached":33,"playtime":9517,"items_purged":["Strike_B","Defend_G","Strike_B"],"score":259,"play_id":"1f1cf79b-0564-4b84-aa97-5a4b29fcbf92","local_time":"20190801033908","is_ascension_mode":false,"campfire_choices":[{"data":"Cold Snap","floor":6,"key":"SMITH"},{"data":"Ball Lightning","floor":8,"key":"SMITH"},{"data":"Defragment","floor":12,"key":"SMITH"},{"data":"Multi-Cast","floor":15,"key":"SMITH"},{"data":"Coolheaded","floor":23,"key":"SMITH"},{"data":"Reboot","floor":29,"key":"SMITH"},{"data":"Double Energy","floor":32,"key":"SMITH"}],"neow_cost":"NONE","seed_source_timestamp":38298095546297,"circlet_count":0,"master_deck":["Strike_B","Strike_B","Defend_B","Defend_B","Defend_B","Defend_B","Zap","Ball Lightning+1","Cold Snap+1","Defragment+1","Barrage","Multi-Cast+1","Reboot+1","Sweeping Beam","Tempest","Coolheaded+1","Hologram","Genetic Algorithm+1","Coolheaded","Double Energy+1","Skim"],"relics":["Cracked Core","Coffee Dripper","Nunchaku","Thread and Needle","Tiny Chest"],"potions_floor_usage":[22,31,31],"damage_taken":[{"damage":5,"enemies":"Small Slimes","floor":1,"turns":3},{"damage":0,"enemies":"Cultist","floor":2,"turns":3},{"damage":1,"enemies":"Jaw Worm","floor":3,"turns":3},{"damage":1,"enemies":"Exordium Wildlife","floor":7,"turns":5},{"damage":22,"enemies":"Gremlin Gang","floor":10,"turns":5},{"damage":2,"enemies":"2 Fungi Beasts","floor":11,"turns":3},{"damage":0,"enemies":"Blue Slaver","floor":14,"turns":3},{"damage":21,"enemies":"The Guardian","floor":16,"turns":10},{"damage":26,"enemies":"2 Thieves","floor":18,"turns":4},{"damage":5,"enemies":"3 Byrds","floor":20,"turns":3},{"damage":0,"enemies":"Cultist and Chosen","floor":22,"turns":6},{"damage":0,"enemies":"Sentry and Sphere","floor":27,"turns":5},{"damage":0,"enemies":"3 Cultists","floor":28,"turns":5},{"damage":13,"enemies":"Gremlin Leader","floor":31,"turns":6},{"damage":69,"enemies":"Automaton","floor":33,"turns":14}],"seed_played":"5076828901029997628","potions_obtained":[{"floor":2,"key":"FocusPotion"},{"floor":16,"key":"Swift Potion"},{"floor":22,"key":"AttackPotion"},{"floor":28,"key":"FearPotion"}],"is_trial":false,"path_per_floor":["M","M","M","$","?","R","M","R","T","M","M","R","$","M","R","B",null,"M","$","M","$","M","R","T","?","T","M","M","R","$","E","R","B"],"character_chosen":"DEFECT","items_purchased":["Multi-Cast","Coolheaded","Double Energy"],"campfire_rested":0,"item_purchase_floors":[13,21,30],"current_hp_per_floor":[70,70,69,69,69,69,68,68,68,46,44,44,44,44,44,23,75,49,49,44,44,44,44,44,69,69,69,69,69,69,56,56,0],"gold":118,"neow_bonus":"HUNDRED_GOLD","is_prod":false,"is_daily":false,"chose_seed":false,"campfire_upgraded":7,"win_rate":1,"timestamp":1564645148,"path_taken":["M","M","M","$","?","R","M","R","T","M","M","R","$","M","R","BOSS","M","$","M","$","?","R","?","?","T","M","M","R","$","E","R","BOSS"],"build_version":"2019-07-17","purchased_purges":3,"victory":false,"max_hp_per_floor":[75,75,75,75,75,75,75,75,75,75,75,75,75,75,75,75,75,75,75,75,75,75,75,75,75,75,75,75,75,75,75,75,75],"card_choices":[{"not_picked":["Leap","Gash"],"picked":"Ball Lightning","floor":1},{"not_picked":["Darkness","FTL"],"picked":"Cold Snap","floor":2},{"not_picked":["Static Discharge","Cold Snap","Tempest"],"picked":"SKIP","floor":3},{"not_picked":["Streamline","Redo","Reinforced Body"],"picked":"SKIP","floor":7},{"not_picked":["Gash","Beam Cell"],"picked":"Defragment","floor":10},{"not_picked":["Consume","Gash"],"picked":"Barrage","floor":11},{"not_picked":["Lockon","Ball Lightning","Stack"],"picked":"SKIP","floor":14},{"not_picked":["Buffer","Machine Learning"],"picked":"Reboot","floor":16},{"not_picked":["Go for the Eyes","Scrape+1"],"picked":"Sweeping Beam","floor":18},{"not_picked":["Rebound","Gash+1"],"picked":"Tempest","floor":20},{"not_picked":["Tempest+1","Blizzard"],"picked":"Hologram","floor":22},{"not_picked":["Barrage+1","Streamline"],"picked":"Genetic Algorithm+1","floor":27},{"not_picked":["Go for the Eyes","Consume"],"picked":"Coolheaded","floor":28},{"not_picked":["Coolheaded+1","All For One"],"picked":"Skim","floor":31}],"player_experience":307224,"relics_obtained":[{"floor":24,"key":"Nunchaku"},{"floor":26,"key":"Thread and Needle"},{"floor":31,"key":"Tiny Chest"}],"event_choices":[{"cards_removed":["Dualcast"],"damage_healed":0,"gold_gain":0,"player_choice":"Took Card","damage_taken":0,"max_hp_gain":0,"max_hp_loss":0,"event_name":"NoteForYourself","floor":5,"gold_loss":0,"cards_obtained":["Defend_G"]},{"damage_healed":25,"gold_gain":0,"player_choice":"Heal","damage_taken":0,"max_hp_gain":0,"max_hp_loss":0,"event_name":"The Library","floor":25,"gold_loss":0}],"is_beta":false,"boss_relics":[{"not_picked":["Runic Pyramid","Tiny House"],"picked":"Coffee Dripper"}],"items_purged_floors":[4,13,19],"is_endless":false,"potions_floor_spawned":[2,16,22,28],"killed_by":"Automaton","ascension_level":0}