{"gold_per_floor":[219,219,219,232,250,281,281,281,281,281,293,56,56,76,76,153,153,168,218,228,248,108,108,108],"floor_reached":24,"playtime":783,"items_purged":["Strike_R","Parasite"],"score":323,"play_id":"26420ebb-0802-429c-8ac5-e8d738c76f0f","local_time":"20190502164929","is_ascension_mode":true,"campfire_choices":[{"data":"Strike_R","floor":8,"key":"PURGE"},{"data":"Strike_R","floor":10,"key":"PURGE"},{"data":"Demon Form","floor":15,"key":"SMITH"},{"floor":23,"key":"REST"}],"neow_cost":"NONE","seed_source_timestamp":278022176351899,"circlet_count":0,"master_deck":["AscendersBane","Bash","Body Slam+1","Heavy Blade","Barricade","Demon Form+1","Limit Break","True Grit+1","Flex+1","Entrench"],"relics":["Burning Blood","Peace Pipe","Dream Catcher","Charon\u0027s Ashes","Pandora\u0027s Box"],"potions_floor_usage":[16,20,24],"damage_taken":[{"damage":1,"enemies":"Cultist","floor":1,"turns":3},{"damage":7,"enemies":"Small Slimes","floor":4,"turns":3},{"damage":8,"enemies":"Jaw Worm","floor":5,"turns":4},{"damage":32,"enemies":"Gremlin Nob","floor":6,"turns":5},{"damage":8,"enemies":"Blue Slaver","floor":11,"turns":4},{"damage":7,"enemies":"2 Fungi Beasts","floor":14,"turns":6},{"damage":36,"enemies":"The Guardian","floor":16,"turns":8},{"damage":11,"enemies":"Spheric Guardian","floor":18,"turns":3},{"damage":18,"enemies":"3 Byrds","floor":20,"turns":4},{"damage":46,"enemies":"Centurion and Healer","floor":21,"turns":5},{"damage":38,"enemies":"Gremlin Leader","floor":24,"turns":3}],"seed_played":"8001505074083544761","potions_obtained":[{"floor":6,"key":"SpeedPotion"},{"floor":11,"key":"Explosive Potion"},{"floor":21,"key":"Poison Potion"}],"is_trial":false,"path_per_floor":["M","?","?","M","M","E","?","R","T","R","M","$","?","M","R","B",null,"M","?","M","M","$","R","E"],"character_chosen":"IRONCLAD","items_purchased":["Barricade","Entrench"],"campfire_rested":1,"item_purchase_floors":[12,22],"current_hp_per_floor":[77,74,74,73,71,45,45,45,45,45,43,43,63,62,62,32,68,63,63,51,11,11,34,0],"gold":108,"neow_bonus":"HUNDRED_GOLD","is_prod":false,"is_daily":false,"chose_seed":false,"campfire_upgraded":1,"win_rate":0,"timestamp":1556840969,"path_taken":["M","?","?","?","M","E","?","R","T","R","M","$","?","M","R","BOSS","M","?","?","M","$","R","E"],"build_version":"2019-01-23","purchased_purges":2,"victory":false,"max_hp_per_floor":[80,80,80,80,80,80,80,80,80,80,80,80,80,80,80,80,80,80,80,80,80,77,77,77],"card_choices":[{"not_picked":["Iron Wave","Pommel Strike"],"picked":"Body Slam","floor":1},{"not_picked":["Pommel Strike","Sever Soul","Perfected Strike"],"picked":"SKIP","floor":4},{"not_picked":["Bloodletting","Second Wind","Clash"],"picked":"SKIP","floor":5},{"not_picked":["Twin Strike","Warcry","Searing Blow"],"picked":"SKIP","floor":6},{"not_picked":["Armaments","Clash"],"picked":"Heavy Blade","floor":11},{"not_picked":["Havoc","Twin Strike"],"picked":"Demon Form","floor":14},{"not_picked":["Immolate","Berserk"],"picked":"Limit Break","floor":16},{"not_picked":["Shrug It Off","Havoc"],"picked":"True Grit+1","floor":18},{"not_picked":["Pommel Strike","Twin Strike"],"picked":"Flex+1","floor":20},{"not_picked":["Hemokinesis","Warcry+1","Clothesline"],"picked":"SKIP","floor":21}],"player_experience":360355,"relics_obtained":[{"floor":6,"key":"Dream Catcher"},{"floor":9,"key":"Charon\u0027s Ashes"}],"event_choices":[{"damage_healed":0,"gold_gain":0,"player_choice":"Success","damage_taken":3,"relics_obtained":["Peace Pipe"],"max_hp_gain":0,"max_hp_loss":0,"event_name":"Scrap Ooze","floor":2,"gold_loss":0},{"damage_healed":0,"gold_gain":0,"player_choice":"Grow","damage_taken":0,"max_hp_gain":0,"max_hp_loss":0,"event_name":"Living Wall","floor":3,"gold_loss":0,"cards_upgraded":["Body Slam"]},{"damage_healed":0,"gold_gain":0,"player_choice":"Ignored","damage_taken":0,"max_hp_gain":0,"max_hp_loss":0,"event_name":"Liars Game","floor":7,"gold_loss":0},{"damage_healed":20,"gold_gain":0,"player_choice":"Healed and dodged fight","damage_taken":0,"max_hp_gain":0,"max_hp_loss":0,"event_name":"Mushrooms","floor":13,"gold_loss":0,"cards_obtained":["Parasite"]},{"damage_healed":0,"gold_gain":100,"player_choice":"Bet on Murderer","damage_taken":0,"max_hp_gain":0,"max_hp_loss":0,"event_name":"The Joust","floor":19,"gold_loss":50}],"is_beta":false,"boss_relics":[{"not_picked":["Philosopher\u0027s Stone","Sozu"],"picked":"Pandora\u0027s Box"}],"items_purged_floors":[12,22],"is_endless":false,"potions_floor_spawned":[6,11,21],"killed_by":"Gremlin Leader","ascension_level":13}