{"gold_per_floor":[111,128,144,144,160,160,63,63,111,123,123,153,65,75,75,173,173,186,186,61,61,72,72,103,103,103,120,120,137,137,163,163,261,261,274,85,130,130,140,140,140],"floor_reached":41,"playtime":2866,"items_purged":["Pain","Strike_R","Strike_R","Strike_R"],"score":583,"play_id":"50895e80-c34f-4a8b-bacf-73719b1a7764","local_time":"20190303193108","is_ascension_mode":true,"campfire_choices":[{"data":"Rampage","floor":6,"key":"SMITH"},{"data":"Sword Boomerang","floor":8,"key":"SMITH"},{"data":"Pommel Strike","floor":11,"key":"SMITH"},{"floor":15,"key":"REST"},{"data":"Limit Break","floor":23,"key":"SMITH"},{"data":"Flex","floor":25,"key":"SMITH"},{"floor":30,"key":"REST"},{"floor":32,"key":"REST"},{"floor":40,"key":"REST"}],"neow_cost":"NONE","seed_source_timestamp":80161288848500,"circlet_count":0,"master_deck":["Strike_R","Strike_R","Defend_R","Defend_R","Defend_R","Defend_R","Bash+1","Flex+1","Rampage+1","Pommel Strike+1","Sword Boomerang+1","Thunderclap","Feed","Limit Break+1","Necronomicurse","Reaper","Spot Weakness+1","Whirlwind","Battle Trance+1"],"relics":["Burning Blood","WarpedTongs","Bronze Scales","MawBank","Lizard Tail","Necronomicon","Pocketwatch","Vajra","Bottled Lightning","Philosopher\u0027s Stone","Shovel"],"potions_floor_usage":[10,12,16,16,31,33,33,33],"damage_taken":[{"damage":1,"enemies":"Cultist","floor":1,"turns":3},{"damage":2,"enemies":"2 Louse","floor":2,"turns":3},{"damage":6,"enemies":"Jaw Worm","floor":3,"turns":4},{"damage":10,"enemies":"Looter","floor":5,"turns":4},{"damage":0,"enemies":"Exordium Wildlife","floor":10,"turns":1},{"damage":40,"enemies":"Lagavulin","floor":12,"turns":4},{"damage":13,"enemies":"Blue Slaver","floor":14,"turns":3},{"damage":33,"enemies":"Hexaghost","floor":16,"turns":7},{"damage":4,"enemies":"Chosen","floor":18,"turns":3},{"damage":5,"enemies":"3 Byrds","floor":22,"turns":3},{"damage":74,"enemies":"Book of Stabbing","floor":24,"turns":5},{"damage":16,"enemies":"Snake Plant","floor":27,"turns":2},{"damage":0,"enemies":"Chosen and Byrds","floor":29,"turns":4},{"damage":56,"enemies":"Slavers","floor":31,"turns":4},{"damage":48,"enemies":"Automaton","floor":33,"turns":8},{"damage":9,"enemies":"Orb Walker","floor":35,"turns":2},{"damage":64,"enemies":"2 Orb Walkers","floor":37,"turns":4},{"damage":61,"enemies":"3 Shapes","floor":39,"turns":4},{"damage":47,"enemies":"Writhing Mass","floor":41,"turns":2}],"seed_played":"295985971790214340","potions_obtained":[{"floor":1,"key":"SteroidPotion"},{"floor":5,"key":"BloodPotion"},{"floor":12,"key":"Block Potion"},{"floor":14,"key":"Regen Potion"},{"floor":22,"key":"SpeedPotion"},{"floor":27,"key":"PowerPotion"},{"floor":29,"key":"Fire Potion"},{"floor":31,"key":"PowerPotion"},{"floor":39,"key":"Dexterity Potion"}],"is_trial":false,"path_per_floor":["M","M","M","?","M","R","$","R","T","M","R","E","$","M","R","B",null,"M","?","$","?","M","R","E","R","T","M","$","M","R","E","R","B",null,"M","$","?","?","M","R","M"],"character_chosen":"IRONCLAD","items_purchased":["Sword Boomerang","Whirlwind"],"campfire_rested":4,"item_purchase_floors":[7,36],"current_hp_per_floor":[77,80,80,80,76,76,76,76,76,80,80,54,54,47,71,58,75,81,65,65,65,69,69,49,49,49,39,39,48,75,28,55,13,73,89,89,51,42,11,40,0],"gold":140,"neow_bonus":"UPGRADE_CARD","is_prod":false,"is_daily":false,"chose_seed":false,"campfire_upgraded":5,"win_rate":0,"timestamp":1551670268,"path_taken":["M","?","M","?","?","R","?","R","T","M","R","E","$","M","R","BOSS","M","?","$","?","M","R","E","R","T","M","$","M","R","E","R","BOSS","M","$","?","?","M","R","?"],"build_version":"2019-01-23","purchased_purges":4,"victory":false,"max_hp_per_floor":[80,80,80,80,80,80,80,80,80,80,80,80,80,80,80,80,80,84,84,84,84,87,87,87,87,87,87,87,90,90,93,93,93,93,93,93,93,93,97,97,97],"card_choices":[{"not_picked":["Rage","Warcry"],"picked":"Flex","floor":1},{"not_picked":["Reckless Charge","Bloodletting","Evolve"],"picked":"SKIP","floor":2},{"not_picked":["Iron Wave","Anger"],"picked":"Rampage","floor":3},{"not_picked":["Reckless Charge","Iron Wave"],"picked":"Pommel Strike","floor":5},{"not_picked":["True Grit","Evolve"],"picked":"Thunderclap","floor":10},{"not_picked":["Twin Strike","Perfected Strike"],"picked":"Feed","floor":12},{"not_picked":["Wild Strike","True Grit","Armaments"],"picked":"SKIP","floor":14},{"not_picked":["Feed","Dark Embrace"],"picked":"Limit Break","floor":16},{"not_picked":["Thunderclap","Headbutt+1","Burning Pact+1"],"picked":"SKIP","floor":18},{"not_picked":["Body Slam","Cleave","Wild Strike+1"],"picked":"SKIP","floor":22},{"not_picked":["Twin Strike+1","Iron Wave","Sentinel"],"picked":"SKIP","floor":24},{"not_picked":["Headbutt","Sword Boomerang","Iron Wave"],"picked":"SKIP","floor":27},{"not_picked":["Inflame","True Grit","Body Slam+1"],"picked":"SKIP","floor":29},{"not_picked":["Carnage+1","Headbutt","Barricade"],"picked":"SKIP","floor":31},{"not_picked":["Immolate","Offering"],"picked":"Reaper","floor":33},{"not_picked":["Pommel Strike","True Grit"],"picked":"Spot Weakness+1","floor":35},{"not_picked":["Clash","Entrench+1"],"picked":"Battle Trance+1","floor":37},{"not_picked":["Thunderclap","Warcry","Headbutt"],"picked":"SKIP","floor":39}],"player_experience":241260,"relics_obtained":[{"floor":9,"key":"Bronze Scales"},{"floor":12,"key":"MawBank"},{"floor":19,"key":"Necronomicon"},{"floor":24,"key":"Pocketwatch"},{"floor":26,"key":"Vajra"},{"floor":31,"key":"Bottled Lightning"},{"floor":37,"key":"Shovel"}],"event_choices":[{"damage_healed":0,"gold_gain":0,"player_choice":"Rummage","damage_taken":0,"relics_obtained":["WarpedTongs"],"max_hp_gain":0,"max_hp_loss":0,"event_name":"Accursed Blacksmith","floor":4,"gold_loss":0,"cards_obtained":["Pain"]},{"damage_healed":0,"gold_gain":0,"player_choice":"Obtained Book","damage_taken":16,"max_hp_gain":0,"max_hp_loss":0,"event_name":"Cursed Tome","floor":19,"gold_loss":0},{"damage_healed":0,"gold_gain":0,"player_choice":"Ignored","damage_taken":0,"max_hp_gain":0,"max_hp_loss":0,"event_name":"Vampires","floor":21,"gold_loss":0},{"damage_healed":0,"gold_gain":0,"player_choice":"Fight","damage_taken":0,"max_hp_gain":0,"max_hp_loss":0,"event_name":"Mysterious Sphere","floor":37,"gold_loss":0},{"damage_healed":0,"gold_gain":0,"player_choice":"Damaged","damage_taken":9,"max_hp_gain":0,"max_hp_loss":0,"event_name":"Wheel of Change","floor":38,"gold_loss":0}],"is_beta":false,"boss_relics":[{"not_picked":["Coffee Dripper","Snecko Eye"],"picked":"Lizard Tail"},{"not_picked":["Astrolabe","Empty Cage"],"picked":"Philosopher\u0027s Stone"}],"items_purged_floors":[7,13,20,36],"is_endless":false,"potions_floor_spawned":[1,5,12,14,22,27,29,31,39],"killed_by":"Writhing Mass","ascension_level":6}