{"gold_per_floor":[116,39,39,16,16,16,36,54,100,118,138,170,170,182,182,281,281,297,96,96,161,178,205,286,336,336,355,370,370,129,141,141,141],"floor_reached":33,"playtime":1471,"items_purged":[],"score":269,"play_id":"b584b5a6-d8e0-419f-8138-916e4a33fa23","local_time":"20190621160515","is_ascension_mode":false,"campfire_choices":[{"data":"Caltrops","floor":6,"key":"SMITH"},{"data":"Neutralize","floor":15,"key":"SMITH"},{"data":"Wraith Form v2","floor":29,"key":"SMITH"},{"data":"Backflip","floor":32,"key":"SMITH"}],"neow_cost":"NONE","seed_source_timestamp":656785063243727,"circlet_count":0,"master_deck":["Defend_G","Defend_G","Defend_G","Defend_G","Defend_G","Strike_G","Strike_G","Strike_G","Strike_G","Strike_G","Survivor","Neutralize+1","Caltrops+1","Caltrops+1","Backflip+1","Sucker Punch","Wraith Form v2+1","Dagger Spray"],"relics":["Coffee Dripper","Bird Faced Urn","Orichalcum","Calipers","Busted Crown","MealTicket","SsserpentHead","Potion Belt","Red Mask","Mango","Sundial","Meat on the Bone"],"potions_floor_usage":[12,16,16,24,31,33],"damage_taken":[{"damage":6,"enemies":"Jaw Worm","floor":1,"turns":5},{"damage":0,"enemies":"Cultist","floor":7,"turns":3},{"damage":0,"enemies":"2 Louse","floor":8,"turns":3},{"damage":0,"enemies":"Large Slime","floor":10,"turns":8},{"damage":9,"enemies":"Lots of Slimes","floor":11,"turns":3},{"damage":21,"enemies":"Gremlin Nob","floor":12,"turns":4},{"damage":0,"enemies":"Blue Slaver","floor":14,"turns":4},{"damage":32,"enemies":"Slime Boss","floor":16,"turns":14},{"damage":0,"enemies":"3 Byrds","floor":18,"turns":3},{"damage":8,"enemies":"Chosen","floor":21,"turns":6},{"damage":8,"enemies":"Snake Plant","floor":22,"turns":4},{"damage":7,"enemies":"Book of Stabbing","floor":23,"turns":6},{"damage":4,"enemies":"Masked Bandits","floor":24,"turns":4},{"damage":31,"enemies":"3 Cultists","floor":27,"turns":6},{"damage":0,"enemies":"Snecko","floor":28,"turns":7},{"damage":12,"enemies":"Shelled Parasite and Fungi","floor":31,"turns":7},{"damage":89,"enemies":"Automaton","floor":33,"turns":12}],"seed_played":"-1291380868610741194","potions_obtained":[{"floor":7,"key":"Regen Potion"},{"floor":11,"key":"PowerPotion"},{"floor":12,"key":"Fire Potion"},{"floor":18,"key":"Explosive Potion"},{"floor":27,"key":"Poison Potion"},{"floor":28,"key":"Weak Potion"}],"is_trial":false,"path_per_floor":["M","$","?","$","?","R","M","M","T","M","M","E","?","M","R","B",null,"M","$","?","M","M","E","?","T","T","M","M","R","$","M","R","B"],"character_chosen":"THE_SILENT","items_purchased":["Caltrops","Backflip","MealTicket","Meat on the Bone"],"campfire_rested":0,"item_purchase_floors":[2,4,19,30],"current_hp_per_floor":[64,64,64,64,61,61,65,67,67,70,63,48,48,52,52,39,70,70,70,70,63,61,60,62,76,76,51,57,57,72,66,66,0],"gold":141,"neow_bonus":"BOSS_RELIC","is_prod":false,"is_daily":false,"chose_seed":false,"campfire_upgraded":4,"win_rate":0,"timestamp":1561147515,"path_taken":["M","$","?","?","?","R","M","M","T","M","M","E","?","M","R","BOSS","M","$","?","?","M","E","?","?","T","M","M","R","$","M","R","BOSS"],"build_version":"2019-01-23","purchased_purges":0,"victory":false,"max_hp_per_floor":[70,70,70,70,70,70,70,70,70,70,70,70,70,70,70,70,70,70,70,70,70,70,70,70,84,84,84,84,84,84,84,84,84],"card_choices":[{"not_picked":["Underhanded Strike","Cloak And Dagger"],"picked":"Caltrops","floor":1},{"not_picked":["Flechettes","Deadly Poison","Eviscerate"],"picked":"SKIP","floor":7},{"not_picked":["Deadly Poison","Deflect","Blade Dance"],"picked":"SKIP","floor":8},{"not_picked":["Eviscerate","Underhanded Strike","Calculated Gamble"],"picked":"SKIP","floor":10},{"not_picked":["Blade Dance","Catalyst","Crippling Poison"],"picked":"SKIP","floor":11},{"not_picked":["Finisher","Dodge and Roll","Phantasmal Killer"],"picked":"SKIP","floor":12},{"not_picked":["Tactician","Bouncing Flask"],"picked":"Sucker Punch","floor":14},{"not_picked":["A Thousand Cuts","Envenom"],"picked":"Wraith Form v2","floor":16},{"not_picked":["Choke+1"],"picked":"SKIP","floor":18},{"not_picked":["Poisoned Stab"],"picked":"SKIP","floor":21},{"not_picked":["Endless Agony"],"picked":"SKIP","floor":22},{"not_picked":["Endless Agony"],"picked":"SKIP","floor":23},{"not_picked":[],"picked":"Dagger Spray","floor":27},{"not_picked":["Slice"],"picked":"SKIP","floor":28},{"not_picked":["Poisoned Stab"],"picked":"SKIP","floor":31}],"player_experience":484123,"relics_obtained":[{"floor":9,"key":"Orichalcum"},{"floor":12,"key":"Calipers"},{"floor":23,"key":"Potion Belt"},{"floor":24,"key":"Red Mask"},{"floor":25,"key":"Mango"},{"floor":26,"key":"Sundial"}],"event_choices":[{"damage_healed":0,"gold_gain":0,"player_choice":"Forge","damage_taken":0,"max_hp_gain":0,"max_hp_loss":0,"event_name":"Accursed Blacksmith","floor":3,"gold_loss":0,"cards_upgraded":["Caltrops"]},{"damage_healed":0,"gold_gain":0,"player_choice":"Success","damage_taken":3,"relics_obtained":["Bird Faced Urn"],"max_hp_gain":0,"max_hp_loss":0,"event_name":"Scrap Ooze","floor":5,"gold_loss":0},{"damage_healed":0,"gold_gain":0,"player_choice":"Ignored","damage_taken":0,"max_hp_gain":0,"max_hp_loss":0,"event_name":"Liars Game","floor":13,"gold_loss":0},{"damage_healed":0,"gold_gain":0,"player_choice":"Trade","damage_taken":0,"relics_obtained":["SsserpentHead"],"max_hp_gain":0,"max_hp_loss":0,"event_name":"FaceTrader","floor":20,"gold_loss":0},{"damage_healed":0,"gold_gain":0,"player_choice":"Fought Bandits","damage_taken":0,"max_hp_gain":0,"max_hp_loss":0,"event_name":"Masked Bandits","floor":24,"gold_loss":0}],"is_beta":false,"boss_relics":[{"not_picked":["Ectoplasm","Black Star"],"picked":"Busted Crown"}],"items_purged_floors":[],"is_endless":false,"potions_floor_spawned":[7,11,12,18,27,28],"killed_by":"Automaton","ascension_level":0}