{"gold_per_floor":[116,19,34,34,34,34,61,61,138,138,158,82,82,82,82,182,182,201,56,76,0,0,0,18,18,90,122,174,174,191,206,206,305,305,321,335,238,238,250,250],"floor_reached":40,"playtime":1224,"items_purged":["Venomology"],"score":584,"play_id":"d8b93c57-41b1-4d4b-b0ce-e9274ac3bb1c","local_time":"20190516130941","is_ascension_mode":true,"campfire_choices":[{"data":"Noxious Fumes","floor":6,"key":"SMITH"},{"floor":8,"key":"REST"},{"floor":15,"key":"REST"},{"floor":23,"key":"REST"},{"data":"Catalyst","floor":25,"key":"SMITH"},{"floor":32,"key":"REST"}],"neow_cost":"NONE","seed_source_timestamp":797335637363635,"circlet_count":0,"master_deck":["Defend_G","Defend_G+1","Defend_G","Defend_G","Defend_G","Strike_G","Strike_G","Strike_G+1","Strike_G","Survivor","Neutralize","Dagger Spray","Noxious Fumes+1","Poisoned Stab","Crippling Poison","Prepared","Escape Plan","Unload","Sucker Punch+1","Caltrops","Catalyst+1","Catalyst+1","Corpse Explosion","Dash","Bane"],"relics":["Ring of the Snake","Boot","Singing Bowl","Omamori","Sozu","Ancient Tea Set","Pear","Pocketwatch","Smiling Mask","Busted Crown"],"potions_floor_usage":[16,27,36],"damage_taken":[{"damage":1,"enemies":"Cultist","floor":1,"turns":5},{"damage":7,"enemies":"Small Slimes","floor":3,"turns":3},{"damage":35,"enemies":"3 Sentries","floor":7,"turns":7},{"damage":0,"enemies":"Jaw Worm","floor":11,"turns":4},{"damage":15,"enemies":"The Guardian","floor":16,"turns":11},{"damage":0,"enemies":"3 Byrds","floor":18,"turns":3},{"damage":26,"enemies":"2 Thieves","floor":20,"turns":5},{"damage":1,"enemies":"Cultist and Chosen","floor":24,"turns":4},{"damage":29,"enemies":"Slavers","floor":27,"turns":4},{"damage":20,"enemies":"3 Cultists","floor":30,"turns":5},{"damage":2,"enemies":"Centurion and Healer","floor":31,"turns":5},{"damage":34,"enemies":"Collector","floor":33,"turns":5},{"damage":15,"enemies":"3 Shapes","floor":35,"turns":3},{"damage":3,"enemies":"3 Darklings","floor":36,"turns":3},{"damage":3,"enemies":"4 Shapes","floor":39,"turns":3},{"damage":105,"enemies":"Giant Head","floor":40,"turns":8}],"seed_played":"1996862873746963968","potions_obtained":[{"floor":7,"key":"Swift Potion"},{"floor":11,"key":"Explosive Potion"}],"is_trial":false,"path_per_floor":["M","$","M","$","?","R","E","R","T","?","M","$","?","?","R","B",null,"M","$","M","?","?","R","M","R","T","E","T","?","M","M","R","B",null,"M","M","$","?","M","E"],"character_chosen":"THE_SILENT","items_purchased":["Noxious Fumes","Poisoned Stab","Escape Plan","Caltrops","Dash","Bane"],"campfire_rested":4,"item_purchase_floors":[2,2,12,19,37,37],"current_hp_per_floor":[76,76,69,69,69,69,34,57,57,57,59,59,41,25,48,33,68,68,68,44,44,44,68,67,67,77,50,50,50,32,32,61,27,80,67,66,66,68,67,0],"gold":250,"neow_bonus":"TEN_PERCENT_HP_BONUS","is_prod":false,"is_daily":false,"chose_seed":false,"campfire_upgraded":2,"win_rate":0,"timestamp":1558026581,"path_taken":["M","$","M","?","?","R","E","R","T","?","?","$","?","?","R","BOSS","M","$","M","?","?","R","M","R","T","E","?","?","?","M","R","BOSS","M","M","$","?","M","E"],"build_version":"2019-01-23","purchased_purges":1,"victory":false,"max_hp_per_floor":[77,77,77,77,77,77,77,77,77,77,79,79,79,79,79,79,79,79,79,81,81,81,81,81,81,91,93,93,93,95,97,97,97,97,99,101,101,103,105,105],"card_choices":[{"not_picked":["PiercingWail","Dodge and Roll"],"picked":"Dagger Spray","floor":1},{"not_picked":["Heel Hook","Backstab"],"picked":"Venomology","floor":3},{"not_picked":["Terror","Deflect"],"picked":"Crippling Poison","floor":7},{"not_picked":["Concentrate","Sucker Punch","Acrobatics"],"picked":"Singing Bowl","floor":11},{"not_picked":["Grand Finale","Night Terror"],"picked":"Unload","floor":16},{"not_picked":["Dagger Spray","Calculated Gamble"],"picked":"Sucker Punch+1","floor":18},{"not_picked":["Sucker Punch","Dagger Spray","Eviscerate"],"picked":"Singing Bowl","floor":20},{"not_picked":["PiercingWail+1","Caltrops+1"],"picked":"Catalyst","floor":24},{"not_picked":["Setup+1","Concentrate","Endless Agony+1"],"picked":"Singing Bowl","floor":27},{"not_picked":["Deflect+1","Riddle With Holes","Flying Knee+1"],"picked":"Singing Bowl","floor":30},{"not_picked":["All Out Attack","Blur+1","Flying Knee"],"picked":"Singing Bowl","floor":31},{"not_picked":["Glass Knife","A Thousand Cuts"],"picked":"Corpse Explosion","floor":33},{"not_picked":["All Out Attack"],"picked":"Singing Bowl","floor":35},{"not_picked":["Expertise+1"],"picked":"Singing Bowl","floor":36},{"not_picked":["Metamorphosis"],"picked":"Singing Bowl","floor":38},{"not_picked":["Poisoned Stab+1"],"picked":"Singing Bowl","floor":39}],"player_experience":345825,"relics_obtained":[{"floor":7,"key":"Boot"},{"floor":9,"key":"Singing Bowl"},{"floor":26,"key":"Pear"},{"floor":27,"key":"Pocketwatch"},{"floor":28,"key":"Smiling Mask"}],"event_choices":[{"damage_healed":0,"gold_gain":0,"player_choice":"Leave","damage_taken":0,"max_hp_gain":0,"max_hp_loss":0,"event_name":"The Cleric","floor":5,"gold_loss":0},{"damage_healed":0,"gold_gain":0,"cards_transformed":["Strike_G"],"player_choice":"Transformed","damage_taken":0,"max_hp_gain":0,"max_hp_loss":0,"event_name":"Transmorgrifier","floor":10,"gold_loss":0,"cards_obtained":["Prepared"]},{"damage_healed":0,"gold_gain":0,"player_choice":"Success","damage_taken":18,"relics_obtained":["Omamori"],"max_hp_gain":0,"max_hp_loss":0,"event_name":"Scrap Ooze","floor":13,"gold_loss":0},{"damage_healed":0,"gold_gain":0,"player_choice":"Entered Light","damage_taken":16,"max_hp_gain":0,"max_hp_loss":0,"event_name":"Shining Light","floor":14,"gold_loss":0,"cards_upgraded":["Defend_G","Strike_G"]},{"damage_healed":0,"gold_gain":0,"player_choice":"Paid Fearfully","damage_taken":0,"max_hp_gain":0,"max_hp_loss":0,"event_name":"Masked Bandits","floor":21,"gold_loss":76},{"damage_healed":0,"gold_gain":0,"player_choice":"Opened","damage_taken":0,"relics_obtained":["Ancient Tea Set"],"max_hp_gain":0,"max_hp_loss":0,"event_name":"The Mausoleum","floor":22,"gold_loss":0,"cards_obtained":["Writhe"]},{"damage_healed":0,"gold_gain":0,"player_choice":"Copied","damage_taken":0,"max_hp_gain":0,"max_hp_loss":0,"event_name":"Duplicator","floor":29,"gold_loss":0,"cards_obtained":["Catalyst"]},{"damage_healed":0,"gold_gain":0,"player_choice":"Memory 1","damage_taken":0,"max_hp_gain":0,"max_hp_loss":0,"event_name":"SensoryStone","floor":38,"gold_loss":0}],"is_beta":false,"boss_relics":[{"not_picked":["Eternal Feather","Pandora\u0027s Box"],"picked":"Sozu"},{"not_picked":["Runic Pyramid","Astrolabe"],"picked":"Busted Crown"}],"items_purged_floors":[19],"is_endless":false,"potions_floor_spawned":[7,11,16,18,27,30,35,39],"killed_by":"Giant Head","ascension_level":5}