{"gold_per_floor":[114,126,136,86,86,116,129,129,155,190,190,209,234,308,308,404,404,414,414,268,285,285,285,311,311,311,17,34,34,34,54,54,151,201,216,92,0,10,10,10,36,36,36,63,63,81,99,99,99,203,203,220,38,38,114,289,318,40,40,40,67,82,92,102,133,133,232,232,252,252,252,262,262,289,86,104,135,35,50,50,50,68,68,166,166,178,195,205,258,277,311,311,327,360,360,388,388,168,178,178,178],"floor_reached":101,"playtime":19477,"items_purged":["Strike_G","Decay"],"score":2206,"play_id":"e4dc908e-7c94-4bf4-976a-17b3b890eee1","local_time":"20180809184853","is_ascension_mode":false,"campfire_choices":[{"data":"Neutralize","floor":8.0,"key":"SMITH"},{"floor":11.0,"key":"REST"},{"data":"Terror","floor":15.0,"key":"SMITH"},{"data":"Phantasmal Killer","floor":23.0,"key":"SMITH"},{"floor":25.0,"key":"REST"},{"data":"Skewer","floor":32.0,"key":"SMITH"},{"floor":40.0,"key":"REST"},{"floor":42.0,"key":"REST"},{"data":"Noxious Fumes","floor":49.0,"key":"SMITH"},{"data":"Mind Blast","floor":59.0,"key":"SMITH"},{"data":"Infinite Blades","floor":66.0,"key":"SMITH"},{"data":"Accuracy","floor":80,"key":"SMITH"},{"data":"Infinite Blades","floor":83,"key":"SMITH"},{"floor":92,"key":"REST"},{"floor":95,"key":"REST"},{"data":"Magnetism","floor":100,"key":"SMITH"}],"neow_cost":"","seed_source_timestamp":0,"circlet_count":0,"master_deck":["Defend_G+1","Defend_G+1","Defend_G+1","Defend_G+1","Defend_G+1","Strike_G+1","Strike_G+1","Strike_G+1","Survivor","Neutralize+1","Terror+1","Skewer+1","Dagger Spray","Quick Slash","Backflip","Slice","Dash","Infinite Blades+1","Phantasmal Killer+1","Deflect","RitualDagger","Accuracy+1","Catalyst","Poisoned Stab","Infinite Blades+1","PiercingWail+1","Phantasmal Killer+1","Blur+1","Caltrops","Noxious Fumes+1","Mind Blast+1","Footwork+1","PiercingWail+1","Backflip+1","Blade Dance+1","Cloak And Dagger+1","Magnetism+1","Die Die Die","Apotheosis+1","Footwork+1","Caltrops+1","Prepared+1","Blur+1","Finisher","Dash","A Thousand Cuts+1","Accuracy+1","Tools of the Trade+1","Blur+1","Leg Sweep+1","Mind Blast+1","Footwork+1","After Image+1","Acrobatics+1","Crippling Poison+1","Noxious Fumes+1","Cloak And Dagger+1","Infinite Blades+1","Noxious Fumes+1","Heel Hook+1","Accuracy+1","Deflect+1"],"special_seed":0,"relics":["Ring of the Snake","Omamori","Snake Skull","Happy Flower","Calipers","Sozu","Mummified Hand","Shuriken","Bird Faced Urn","Ancient Tea Set","Tiny House","Red Mask","Unceasing Top","Toxic Egg 2","Bag of Preparation","Black Star","Frozen Egg 2","Dodecahedron","Letter Opener","Orrery","NlothsMask","TwistedFunnel","Lizard Tail","Prayer Wheel","Regal Pillow"],"potions_floor_usage":[],"damage_taken":[{"damage":0.0,"enemies":"Small Slimes","floor":1.0,"turns":5.0},{"damage":1.0,"enemies":"Jaw Worm","floor":2.0,"turns":4.0},{"damage":0.0,"enemies":"Cultist","floor":3.0,"turns":4.0},{"damage":10.0,"enemies":"Gremlin Nob","floor":6.0,"turns":3.0},{"damage":2.0,"enemies":"2 Fungi Beasts","floor":7.0,"turns":3.0},{"damage":8.0,"enemies":"3 Sentries","floor":10.0,"turns":7.0},{"damage":2.0,"enemies":"Looter","floor":12.0,"turns":2.0},{"damage":5.0,"enemies":"Lagavulin","floor":13.0,"turns":5.0},{"damage":28.0,"enemies":"Slime Boss","floor":16.0,"turns":10.0},{"damage":5.0,"enemies":"Shell Parasite","floor":18.0,"turns":4.0},{"damage":0.0,"enemies":"Chosen","floor":21.0,"turns":4.0},{"damage":17.0,"enemies":"Gremlin Leader","floor":24.0,"turns":6.0},{"damage":0.0,"enemies":"Snake Plant","floor":28.0,"turns":2.0},{"damage":0.0,"enemies":"Centurion and Healer","floor":31.0,"turns":4.0},{"damage":35.0,"enemies":"Automaton","floor":33.0,"turns":8.0},{"damage":5.0,"enemies":"Orb Walker","floor":35.0,"turns":3.0},{"damage":21.0,"enemies":"3 Darklings","floor":38.0,"turns":6.0},{"damage":36.0,"enemies":"2 Orb Walkers","floor":41.0,"turns":5.0},{"damage":13.0,"enemies":"Giant Head","floor":44.0,"turns":7.0},{"damage":9.0,"enemies":"4 Shapes","floor":46.0,"turns":7.0},{"damage":0.0,"enemies":"Sphere and 2 Shapes","floor":47.0,"turns":4.0},{"damage":42.0,"enemies":"Awakened One","floor":50.0,"turns":10.0},{"damage":0.0,"enemies":"2 Louse","floor":52.0,"turns":2.0},{"damage":0.0,"enemies":"3 Sentries","floor":57.0,"turns":5.0},{"damage":0.0,"enemies":"Gremlin Nob","floor":61.0,"turns":3.0},{"damage":0.0,"enemies":"Small Slimes","floor":62.0,"turns":1.0},{"damage":0.0,"enemies":"Cultist","floor":63.0,"turns":2.0},{"damage":0.0,"enemies":"2 Fungi Beasts","floor":64.0,"turns":2.0},{"damage":7.0,"enemies":"Lagavulin","floor":65.0,"turns":3.0},{"damage":0.0,"enemies":"The Guardian","floor":67.0,"turns":6.0},{"damage":12.0,"enemies":"2 Thieves","floor":69.0,"turns":3.0},{"damage":0.0,"enemies":"3 Byrds","floor":72.0,"turns":2.0},{"damage":0.0,"enemies":"Gremlin Leader","floor":74.0,"turns":3.0},{"damage":0.0,"enemies":"3 Cultists","floor":76.0,"turns":2.0},{"damage":0.0,"enemies":"Book of Stabbing","floor":77.0,"turns":3.0},{"damage":0.0,"enemies":"Snecko","floor":79.0,"turns":3.0},{"damage":0,"enemies":"Cultist and Chosen","floor":82,"turns":4},{"damage":30,"enemies":"Champ","floor":84,"turns":8},{"damage":0,"enemies":"3 Darklings","floor":86,"turns":2},{"damage":8,"enemies":"Orb Walker","floor":87,"turns":2},{"damage":0,"enemies":"Sphere and 2 Shapes","floor":88,"turns":2},{"damage":15,"floor":89,"turns":5},{"damage":0,"enemies":"Flame Bruiser 2 Orb","floor":90,"turns":3},{"damage":46,"enemies":"2 Orb Walkers","floor":91,"turns":5},{"damage":0,"enemies":"4 Shapes","floor":93,"turns":3},{"damage":20,"enemies":"Nemesis","floor":94,"turns":5},{"damage":0,"enemies":"Giant Head","floor":96,"turns":3},{"damage":6,"enemies":"Sphere and 2 Shapes","floor":99,"turns":3},{"damage":160,"enemies":"Time Eater","floor":101,"turns":9}],"seed_played":"-5497458449098463787","potions_obtained":[{"floor":2.0,"key":"Fire Potion"},{"floor":7.0,"key":"SteroidPotion"},{"floor":13.0,"key":"SpeedPotion"},{"floor":16.0,"key":"Strength Potion"}],"is_trial":true,"path_per_floor":["M","M","M","?","$","E","M","R","T","E","R","M","E","?","R","B",null,"M","?","$","M","?","R","E","R","T","$","M","?","$","M","R","B",null,"M","$","?","M","$","R","E","R","T","E","?","M","M","?","R","B",null,"M","$","?","?","?","E","$","R","T","E","M","M","M","E","R","B",null,"M","?","?","M","?","E","$","M","E","$","M","R","$","M","R","B",null,"M","M","M","?","M","E","R","M","E","R","E","?","$","M","R"],"character_chosen":"THE_SILENT","items_purchased":["Accuracy","Bird Faced Urn","Noxious Fumes","Mind Blast","Apotheosis+1","Dodecahedron","Caltrops+1","TwistedFunnel","Regal Pillow","Accuracy+1"],"campfire_rested":6,"item_purchase_floors":[20,27,36,36,53,58,58,75,98,98],"current_hp_per_floor":[70,69,69,69,69,59,57,57,57,49,70,68,63,63,63,35,70,65,59,59,59,59,59,42,63,63,63,65,65,65,70,70,41,75,70,70,70,57,57,75,43,65,65,62,62,65,71,71,71,47,75,75,75,75,75,75,75,75,75,75,75,75,75,75,72,72,75,75,69,69,69,75,75,75,75,75,75,75,75,75,75,75,75,55,75,75,69,75,71,75,37,59,73,67,75,75,75,75,73,73,0],"gold":178,"neow_bonus":"","is_prod":false,"is_daily":false,"chose_seed":false,"campfire_upgraded":10,"win_rate":0,"timestamp":1533836933,"path_taken":["M","M","M","?","$","E","M","R","T","E","R","M","E","?","R","BOSS","M","?","$","?","?","R","E","R","T","$","?","?","?","?","R","BOSS","M","$","?","M","$","R","E","R","T","E","?","M","M","?","R","BOSS","M","$","?","?","?","E","?","R","T","E","M","M","M","E","R","BOSS","M","?","?","?","?","E","$","M","E","$","M","R","?","M","R","BOSS","M","M","M","?","M","E","R","M","E","R","E","?","$","M","R","BOSS"],"build_version":"2018-08-02","purchased_purges":2,"victory":false,"max_hp_per_floor":[70,70,70,70,70,70,70,70,70,70,70,70,70,70,70,70,70,70,70,70,70,70,70,70,70,70,70,70,70,70,70,70,70,75,75,75,75,75,75,75,75,75,75,75,75,75,75,75,75,75,75,75,75,75,75,75,75,75,75,75,75,75,75,75,75,75,75,75,75,75,75,75,75,75,75,75,75,75,75,75,75,75,75,75,75,75,75,75,75,75,75,75,75,75,75,75,75,75,75,75,75],"card_choices":[{"not_picked":["Dagger Throw","Cloak And Dagger"],"picked":"Terror","floor":1.0},{"not_picked":["Acrobatics","Masterful Stab"],"picked":"Skewer","floor":2.0},{"not_picked":["Sucker Punch","Poisoned Stab"],"picked":"Dagger Spray","floor":3.0},{"not_picked":["Masterful Stab","Dagger Throw"],"picked":"Quick Slash","floor":6.0},{"not_picked":["Deadly Poison","Quick Slash"],"picked":"Backflip","floor":7.0},{"not_picked":["Concentrate","Storm of Steel"],"picked":"Slice","floor":10.0},{"not_picked":["Flying Knee","Calculated Gamble"],"picked":"Dash","floor":12.0},{"not_picked":["Night Terror","Prepared"],"picked":"Infinite Blades","floor":13.0},{"not_picked":["Burst","Corpse Explosion"],"picked":"Phantasmal Killer","floor":16.0},{"not_picked":["Escape Plan","Slice+1"],"picked":"Deflect","floor":18.0},{"not_picked":["Sucker Punch","Quick Slash"],"picked":"Catalyst","floor":21.0},{"not_picked":["Flying Knee","Dodge and Roll"],"picked":"Poisoned Stab","floor":24.0},{"not_picked":["Flying Knee","Endless Agony+1"],"picked":"Infinite Blades","floor":28.0},{"not_picked":["Burst","Flying Knee+1"],"picked":"PiercingWail","floor":31.0},{"not_picked":["Night Terror","Venomology"],"picked":"Phantasmal Killer","floor":33.0},{"not_picked":["PiercingWail+1","Dagger Throw"],"picked":"Blur+1","floor":34.0},{"not_picked":["Leg Sweep","Cloak And Dagger"],"picked":"Caltrops","floor":35.0},{"not_picked":["Choke+1","Noxious Fumes+1"],"picked":"Footwork+1","floor":38.0},{"not_picked":["Reflex+1","Quick Slash"],"picked":"PiercingWail+1","floor":41.0},{"not_picked":["Flying Knee+1","Prepared+1"],"picked":"Backflip+1","floor":44.0},{"not_picked":["Deadly Poison+1","Sucker Punch"],"picked":"Blade Dance+1","floor":46.0},{"not_picked":["Dagger Spray","Prepared+1"],"picked":"Cloak And Dagger+1","floor":47.0},{"not_picked":["Enlightenment+1","Jack Of All Trades+1"],"picked":"Magnetism","floor":48.0},{"not_picked":["Burst+1","Storm of Steel+1"],"picked":"Die Die Die","floor":50.0},{"not_picked":["Quick Slash","Deadly Poison+1","PiercingWail+1"],"picked":"SKIP","floor":52.0},{"not_picked":["Dodge and Roll+1","PiercingWail+1"],"picked":"Footwork+1","floor":57.0},{"not_picked":["PiercingWail+1","Dagger Spray","Sucker Punch"],"picked":"SKIP","floor":61.0},{"not_picked":["Quick Slash","Tactician+1"],"picked":"Prepared+1","floor":62.0},{"not_picked":["Heel Hook","Bane"],"picked":"Blur+1","floor":63.0},{"not_picked":["Poisoned Stab","Backflip+1"],"picked":"Finisher","floor":64.0},{"not_picked":["Backflip+1","Burst+1"],"picked":"Dash","floor":65.0},{"not_picked":["Corpse Explosion+1","Venomology+1"],"picked":"A Thousand Cuts+1","floor":67.0},{"not_picked":["Deadly Poison+1","Bane"],"picked":"Accuracy+1","floor":68.0},{"not_picked":["PiercingWail+1","Escape Plan+1"],"picked":"Tools of the Trade+1","floor":68.0},{"not_picked":["Setup+1","Acrobatics+1"],"picked":"Blur+1","floor":68.0},{"not_picked":["Outmaneuver+1","Dagger Spray+1","Deflect+1"],"picked":"SKIP","floor":69.0},{"not_picked":["Bane+1","Sucker Punch"],"picked":"Leg Sweep+1","floor":72.0},{"not_picked":["Setup+1","Deadly Poison+1"],"picked":"Footwork+1","floor":74.0},{"not_picked":["Bane","Dagger Spray","Sucker Punch"],"picked":"SKIP","floor":76.0},{"not_picked":["Sucker Punch","Grand Finale"],"picked":"After Image+1","floor":77.0},{"not_picked":["Dagger Spray+1","Sucker Punch","Prepared+1"],"picked":"SKIP","floor":79.0},{"not_picked":["Dagger Spray+1","Sucker Punch","Prepared+1"],"picked":"SKIP","floor":79.0},{"not_picked":["Cloak And Dagger+1","Finisher","Heel Hook"],"picked":"SKIP","floor":82},{"not_picked":["Quick Slash+1","Slice"],"picked":"Acrobatics+1","floor":86},{"not_picked":["Quick Slash+1","Masterful Stab+1","Dash"],"picked":"SKIP","floor":87},{"not_picked":["Poisoned Stab","Slice+1","PiercingWail+1"],"picked":"SKIP","floor":88},{"not_picked":["Skewer+1","Bane+1"],"picked":"Crippling Poison+1","floor":89},{"not_picked":["Prepared+1","Concentrate+1"],"picked":"Noxious Fumes+1","floor":90},{"not_picked":["Bane+1","Deadly Poison+1","Quick Slash+1"],"picked":"SKIP","floor":90},{"not_picked":["All Out Attack","Flying Knee"],"picked":"Cloak And Dagger+1","floor":91},{"not_picked":["Outmaneuver+1","Predator"],"picked":"Infinite Blades+1","floor":93},{"not_picked":["Riddle With Holes","Leg Sweep+1"],"picked":"Noxious Fumes+1","floor":93},{"not_picked":["Reflex+1","Grand Finale"],"picked":"Heel Hook+1","floor":94},{"not_picked":["Deadly Poison+1","Storm of Steel+1","Outmaneuver+1"],"picked":"SKIP","floor":96},{"not_picked":["Reflex+1","Deadly Poison+1"],"picked":"Deflect+1","floor":99},{"not_picked":["Quick Slash+1","Riddle With Holes","Eviscerate+1"],"picked":"SKIP","floor":99}],"player_experience":603287,"relics_obtained":[{"floor":6.0,"key":"Omamori"},{"floor":9.0,"key":"Snake Skull"},{"floor":10.0,"key":"Happy Flower"},{"floor":13.0,"key":"Calipers"},{"floor":24.0,"key":"Mummified Hand"},{"floor":26.0,"key":"Shuriken"},{"floor":41.0,"key":"Unceasing Top"},{"floor":43.0,"key":"Toxic Egg 2"},{"floor":44.0,"key":"Bag of Preparation"},{"floor":60.0,"key":"Letter Opener"},{"floor":89,"key":"Prayer Wheel"}],"event_choices":[{"event_name":"The Cleric","player_choice":"Card Removal","floor":4.0,"damage_taken":0.0},{"event_name":"Golden Wing","player_choice":"Gained Gold","floor":14.0,"damage_taken":0.0},{"event_name":"Nest","player_choice":"Joined the Cult","floor":19.0,"damage_taken":0.0},{"event_name":"Back to Basics","player_choice":"Simplicity","floor":22.0,"damage_taken":0.0},{"event_name":"The Mausoleum","player_choice":"Yes","floor":29.0,"damage_taken":0.0},{"event_name":"Tomb of Lord Red Mask","player_choice":"Paid","floor":37.0,"damage_taken":0.0},{"event_name":"Upgrade Shrine","player_choice":"Upgraded","floor":45.0,"damage_taken":0.0},{"event_name":"SensoryStone","player_choice":"Memory 1","floor":48.0,"damage_taken":0.0},{"event_name":"Big Fish","player_choice":"Box","floor":54.0,"damage_taken":0.0},{"event_name":"Golden Wing","player_choice":"Gained Gold","floor":55.0,"damage_taken":0.0},{"event_name":"Liars Game","player_choice":"agreed","floor":56.0,"damage_taken":0.0},{"event_name":"Forgotten Altar","player_choice":"Smashed Altar","floor":70.0,"damage_taken":0.0},{"event_name":"FaceTrader","player_choice":"Trade","floor":71.0,"damage_taken":0.0},{"event_name":"Duplicator","player_choice":"One dupe","floor":73.0,"damage_taken":0.0},{"event_name":"Mysterious Sphere","player_choice":"Fight","floor":89,"damage_taken":0},{"event_name":"The Lab","player_choice":"Got Potions","floor":97,"damage_taken":0}],"is_beta":false,"boss_relics":[{"not_picked":["Fusion Hammer","Runic Dome"],"picked":"Sozu"},{"not_picked":["Empty Cage","Runic Pyramid"],"picked":"Tiny House"},{"not_picked":["Coffee Dripper","Orrery"],"picked":"Black Star"},{"not_picked":["Runic Dome","Ring of the Serpent"],"picked":"Orrery"},{"not_picked":["Coffee Dripper","Eternal Feather"],"picked":"Lizard Tail"}],"items_purged_floors":[20,78],"is_endless":true,"potions_floor_spawned":[2,7,13,16,21,31,33,41,46,52,61,65,72,77,82,86,89,91,99],"killed_by":"Time Eater","ascension_level":1}