{"gold_per_floor":[114,125,142,157,172,229,244,14,40,40,90,108,108,108,108,210,210,196,215,85,85,85,85,99,99],"floor_reached":25,"playtime":3277,"items_purged":["Strike_B","Strike_B"],"score":205,"play_id":"2dab64e8-9b0e-474d-b07d-12b1c1877588","local_time":"20190801232454","is_ascension_mode":false,"campfire_choices":[{"floor":13,"key":"REST"},{"data":"Zap","floor":15,"key":"SMITH"},{"data":"Creative AI","floor":23,"key":"SMITH"}],"neow_cost":"NONE","seed_source_timestamp":23838084382700,"circlet_count":0,"master_deck":["Strike_B","Defend_B","Defend_B","Defend_B","Defend_B+1","Zap+1","Dualcast+1","Forethought","Reprogram","Static Discharge","Defragment+1","Self Repair","Reinforced Body","All For One","Ball Lightning","Iron Wave","Creative AI+1","Leap+1","Melter","BootSequence"],"relics":["Cracked Core","Tiny Chest","War Paint","Smiling Mask","Inserter","Frozen Egg 2"],"potions_floor_usage":[5,6,6,18,18,24,24,24],"damage_taken":[{"damage":0,"enemies":"Small Slimes","floor":1,"turns":4},{"damage":8,"enemies":"2 Louse","floor":2,"turns":3},{"damage":1,"enemies":"Cultist","floor":3,"turns":3},{"damage":7,"enemies":"2 Fungi Beasts","floor":4,"turns":4},{"damage":8,"enemies":"3 Louse","floor":5,"turns":4},{"damage":16,"enemies":"Lagavulin","floor":6,"turns":9},{"damage":9,"enemies":"Blue Slaver","floor":7,"turns":4},{"damage":28,"enemies":"Exordium Thugs","floor":12,"turns":5},{"damage":42,"enemies":"The Guardian","floor":16,"turns":10},{"damage":19,"enemies":"2 Thieves","floor":18,"turns":5},{"damage":19,"enemies":"Shell Parasite","floor":19,"turns":5},{"damage":0,"enemies":"Sentry and Sphere","floor":24,"turns":4},{"damage":76,"enemies":"3 Cultists","floor":25,"turns":5}],"seed_played":"-7833365993276182324","potions_obtained":[{"floor":2,"key":"SteroidPotion"},{"floor":3,"key":"Weak Potion"},{"floor":5,"key":"Ancient Potion"},{"floor":6,"key":"SteroidPotion"},{"floor":16,"key":"EntropicBrew"},{"floor":19,"key":"Regen Potion"},{"floor":24,"key":"Strength Potion"}],"is_trial":false,"path_per_floor":["M","M","M","M","M","E","M","$","T","?","?","M","R","?","R","B",null,"M","M","$","T","?","R","M","M"],"character_chosen":"DEFECT","items_purchased":["War Paint","Melter"],"campfire_rested":1,"item_purchase_floors":[8,20],"current_hp_per_floor":[75,67,66,59,58,49,47,47,47,47,47,26,48,48,48,13,75,63,51,51,51,51,51,67,0],"gold":99,"neow_bonus":"RANDOM_COLORLESS","is_prod":false,"is_daily":false,"chose_seed":false,"campfire_upgraded":2,"win_rate":0.0,"timestamp":1564669494,"path_taken":["M","M","M","M","M","E","M","$","T","?","?","M","R","?","R","BOSS","M","M","$","?","?","R","M","M"],"build_version":"2019-07-17","purchased_purges":2,"victory":false,"max_hp_per_floor":[75,75,75,75,75,75,75,75,75,75,75,75,75,75,75,75,75,75,75,75,75,75,75,75,75],"card_choices":[{"not_picked":["Chill","Coolheaded"],"picked":"Reprogram","floor":1},{"not_picked":["Genetic Algorithm","Conserve Battery"],"picked":"Static Discharge","floor":2},{"not_picked":["Rebound","Conserve Battery"],"picked":"Defragment","floor":3},{"not_picked":["Go for the Eyes","Blizzard"],"picked":"Self Repair","floor":4},{"not_picked":["Compile Driver","Sweeping Beam"],"picked":"Reinforced Body","floor":5},{"not_picked":["Hologram","Stack"],"picked":"All For One","floor":6},{"not_picked":["Aggregate","Fusion","Static Discharge"],"picked":"SKIP","floor":7},{"not_picked":["FTL","Glacier"],"picked":"Ball Lightning","floor":12},{"not_picked":["Fission","Reboot"],"picked":"Creative AI","floor":16},{"not_picked":["Coolheaded","Beam Cell","Hello World"],"picked":"SKIP","floor":18},{"not_picked":["White Noise","Force Field"],"picked":"Leap+1","floor":19},{"not_picked":["Streamline","Self Repair+1"],"picked":"BootSequence","floor":24}],"player_experience":52557,"relics_obtained":[{"floor":6,"key":"Tiny Chest"},{"floor":9,"key":"Smiling Mask"},{"floor":21,"key":"Frozen Egg 2"}],"event_choices":[{"damage_healed":0,"gold_gain":0,"player_choice":"Grow","damage_taken":0,"max_hp_gain":0,"max_hp_loss":0,"event_name":"Living Wall","floor":10,"gold_loss":0,"cards_upgraded":["Defragment"]},{"damage_healed":0,"gold_gain":50,"player_choice":"Gained Gold","damage_taken":0,"max_hp_gain":0,"max_hp_loss":0,"event_name":"Golden Wing","floor":11,"gold_loss":0},{"cards_removed":["Strike_B"],"damage_healed":0,"gold_gain":0,"player_choice":"Took Card","damage_taken":0,"max_hp_gain":0,"max_hp_loss":0,"event_name":"NoteForYourself","floor":14,"gold_loss":0,"cards_obtained":["Iron Wave"]},{"damage_healed":0,"gold_gain":0,"player_choice":"Ignored","damage_taken":0,"max_hp_gain":0,"max_hp_loss":0,"event_name":"Vampires","floor":22,"gold_loss":0}],"is_beta":false,"boss_relics":[{"not_picked":["Snecko Eye","Coffee Dripper"],"picked":"Inserter"}],"items_purged_floors":[8,20],"is_endless":false,"potions_floor_spawned":[2,3,5,6,16,19,24],"killed_by":"3 Cultists","ascension_level":0}