{"path_per_floor":["M","?","?","?","$","E","R","?","T","R","M","E","$","?","R","B",null,"M","M","?","?","$","R","E","M","T","M","$","$","?","E","R","B",null,"M","M","$","?","?","R","E","R","T","E","M","$","R","?","R"],"character_chosen":"IRONCLAD","items_purchased":["Apotheosis","Searing Blow","Mind Blast","Whirlwind","Limit Break+1"],"gold_per_floor":[118,293,243,243,40,68,68,68,68,68,86,120,86,86,86,182,182,195,205,205,205,39,39,73,86,86,104,24,24,24,58,58,155,155,165,184,9,9,59,59,115,115,196,225,235,110,110,110,110,110],"floor_reached":50,"campfire_rested":3,"playtime":3440,"item_purchase_floors":[5,13,22,28,37],"current_hp_per_floor":[80,80,80,80,80,68,68,68,68,68,73,70,70,70,70,51,90,81,85,85,76,76,76,58,62,62,72,72,72,102,90,90,62,102,98,76,76,76,43,73,60,90,90,61,70,70,103,110,110,0],"items_purged":["Strike_R","Searing Blow","Strike_R"],"gold":110,"score":613,"play_id":"4d67750e-86a6-488f-b5ab-5c9e23b3c664","local_time":"20180602203702","is_prod":false,"is_daily":false,"chose_seed":false,"is_ascension_mode":false,"campfire_upgraded":5,"win_rate":0,"timestamp":1527968222,"campfire_choices":[{"data":"Apotheosis","floor":7,"key":"SMITH"},{"data":"Iron Wave","floor":10,"key":"SMITH"},{"data":"Rampage","floor":15,"key":"SMITH"},{"data":"Mind Blast","floor":23,"key":"SMITH"},{"data":"Strike_R","floor":32,"key":"PURGE"},{"floor":40,"key":"REST"},{"floor":42,"key":"REST"},{"floor":47,"key":"REST"},{"data":"Whirlwind","floor":49,"key":"SMITH"}],"path_taken":["M","?","?","?","$","E","R","?","T","R","?","E","?","?","R","BOSS","M","M","?","?","$","R","E","?","T","M","?","$","?","E","R","BOSS","M","M","$","?","?","R","E","R","T","E","?","$","R","?","R","BOSS"],"build_version":"2018-05-31","seed_source_timestamp":448207098503351,"purchased_purges":3,"victory":false,"master_deck":["Strike_R","Defend_R","Defend_R","Defend_R","Defend_R","Bash","Pommel Strike","Iron Wave+1","Apotheosis+1","Twin Strike","Shrug It Off+1","Rampage+1","Feed","Body Slam+1","Headbutt","Mind Blast+1","Inflame","Ghostly Armor+1","Berserk","Whirlwind+1","Double Tap+1","Rage+1","Limit Break+1","Rage+1","Flex+1","Writhe"],"max_hp_per_floor":[80,80,80,80,80,80,80,80,80,80,80,80,80,80,80,90,90,90,94,94,94,94,94,98,98,98,102,102,102,102,102,102,102,102,102,102,102,102,102,102,102,102,102,102,110,110,110,110,110,114],"relics":["Burning Blood","Meat on the Bone","Toxic Egg 2","Gremlin Horn","Velvet Choker","Peace Pipe","Red Skull","Bottled Lightning","Bottled Flame","Sozu","Shovel","Tiny Chest","Mummified Hand","Question Card"],"card_choices":[{"not_picked":["Havoc","Intimidate"],"picked":"Pommel Strike","floor":0},{"not_picked":["Evolve","Thunderclap"],"picked":"Iron Wave","floor":1},{"not_picked":["Hemokinesis","Sword Boomerang"],"picked":"Twin Strike","floor":6},{"not_picked":["Cleave","Body Slam"],"picked":"Shrug It Off+1","floor":11},{"not_picked":["Battle Trance+1","Bloodletting+1"],"picked":"Rampage","floor":12},{"not_picked":["Fiend Fire","Bludgeon"],"picked":"Feed","floor":16},{"not_picked":["Pommel Strike+1","True Grit+1"],"picked":"Body Slam+1","floor":18},{"not_picked":["Heavy Blade+1","Perfected Strike+1"],"picked":"Headbutt","floor":19},{"not_picked":["Heavy Blade+1","True Grit+1"],"picked":"Inflame","floor":24},{"not_picked":["Sword Boomerang","Pommel Strike"],"picked":"Ghostly Armor+1","floor":25},{"not_picked":["True Grit+1","Flex+1"],"picked":"Berserk","floor":27},{"not_picked":["Heavy Blade","Fiend Fire","Corruption+1"],"picked":"SKIP","floor":31},{"not_picked":["Impervious+1","Fiend Fire"],"picked":"Double Tap+1","floor":33},{"not_picked":["Pommel Strike+1","Dropkick+1","Clothesline+1"],"picked":"SKIP","floor":35},{"not_picked":["Corruption","Perfected Strike"],"picked":"Rage+1","floor":36},{"not_picked":["Second Wind+1","Bloodletting+1","Inflame"],"picked":"SKIP","floor":41},{"not_picked":["Shrug It Off+1","Brutality"],"picked":"Flex+1","floor":44},{"not_picked":["Spot Weakness+1","Body Slam+1","Pummel","Clothesline+1"],"picked":"SKIP","floor":45}],"player_experience":248017,"potions_floor_usage":[16,16,25,39,50],"damage_taken":[{"damage":4,"enemies":"2 Louse","floor":1,"turns":3},{"damage":18,"enemies":"Gremlin Nob","floor":6,"turns":6},{"damage":1,"enemies":"Jaw Worm","floor":11,"turns":3},{"damage":9,"enemies":"3 Sentries","floor":12,"turns":6},{"damage":47,"enemies":"Slime Boss","floor":16,"turns":9},{"damage":15,"enemies":"Spheric Guardian","floor":18,"turns":4},{"damage":6,"enemies":"3 Byrds","floor":19,"turns":4},{"damage":28,"enemies":"Slavers","floor":24,"turns":5},{"damage":2,"enemies":"Sentry and Sphere","floor":25,"turns":3},{"damage":0,"enemies":"Chosen and Byrds","floor":27,"turns":5},{"damage":18,"enemies":"Gremlin Leader","floor":31,"turns":5},{"damage":46,"enemies":"Automaton","floor":33,"turns":10},{"damage":10,"enemies":"Orb Walker","floor":35,"turns":2},{"damage":28,"enemies":"3 Darklings","floor":36,"turns":4},{"damage":51,"enemies":"Mysterious Sphere","floor":39,"turns":7},{"damage":19,"enemies":"2 Orb Walkers","floor":41,"turns":4},{"damage":47,"enemies":"Giant Head","floor":44,"turns":8},{"damage":17,"enemies":"Sphere and 2 Shapes","floor":45,"turns":5},{"damage":123,"enemies":"Donu and Deca","floor":50,"turns":8}],"relics_obtained":[{"floor":6,"key":"Meat on the Bone"},{"floor":9,"key":"Toxic Egg 2"},{"floor":12,"key":"Gremlin Horn"},{"floor":24,"key":"Red Skull"},{"floor":26,"key":"Bottled Lightning"},{"floor":31,"key":"Bottled Flame"},{"floor":39,"key":"Shovel"},{"floor":41,"key":"Tiny Chest"},{"floor":43,"key":"Mummified Hand"},{"floor":44,"key":"Question Card"}],"event_choices":[{"event_name":"Liars Game","player_choice":"agreed","floor":2,"damage_taken":0},{"event_name":"The Cleric","player_choice":"Card Removal","floor":3,"damage_taken":0},{"event_name":"Purifier","player_choice":"One Purge","floor":4,"damage_taken":0},{"event_name":"The Woman in Blue","player_choice":"Bought 0 Potions","floor":8,"damage_taken":0},{"event_name":"The Lab","player_choice":"Got Potions","floor":14,"damage_taken":0},{"event_name":"Accursed Blacksmith","player_choice":"Rummage","floor":20,"damage_taken":0},{"event_name":"Wheel of Change","player_choice":"Damage","floor":21,"damage_taken":0},{"event_name":"The Library","player_choice":"Heal","floor":30,"damage_taken":0},{"event_name":"Match and Keep!","player_choice":"1 cards matched","floor":38,"damage_taken":0},{"event_name":"Mysterious Sphere","player_choice":"Fight","floor":39,"damage_taken":0},{"event_name":"Winding Halls","player_choice":"Writhe","floor":48,"damage_taken":0}],"boss_relics":[{"not_picked":["Mark of Pain","Runic Dome"],"picked":"Velvet Choker"},{"not_picked":["Philosopher\u0027s Stone","Tiny House"],"picked":"Sozu"}],"items_purged_floors":[22,37,46],"potions_floor_spawned":[1,11,12,19,33,35,41],"seed_played":"4990295979195415729","killed_by":"Donu and Deca","ascension_level":0,"potions_obtained":[{"floor":1,"key":"LiquidBronze"},{"floor":11,"key":"Dexterity Potion"},{"floor":12,"key":"SkillPotion"},{"floor":14,"key":"Fruit Juice"},{"floor":14,"key":"Fruit Juice"},{"floor":19,"key":"Fire Potion"},{"floor":33,"key":"Poison Potion"}],"is_trial":false}