{"gold_per_floor":[112,126,137,147,222,222,234,248,548,473,490,500,500,524,524,619,619,636,551,583,682,697,714,734,753,799,811,571,583,203,203,203,203],"floor_reached":33,"playtime":1049,"items_purged":["Defend_B","Strike_B","Strike_B"],"score":243,"play_id":"326fa79b-5e9d-4366-b31c-02334a05efc6","local_time":"20190217185811","is_ascension_mode":false,"campfire_choices":[{"floor":6,"key":"REST"},{"floor":15,"key":"REST"},{"floor":27,"key":"REST"},{"floor":32,"key":"REST"}],"neow_cost":"NONE","seed_source_timestamp":1251830724800,"circlet_count":0,"master_deck":["Strike_B+1","Strike_B+1","Defend_B","Defend_B","Defend_B","Zap+1","Dualcast","Genetic Algorithm","Skim","Streamline+1","Rebound","Go for the Eyes","Ball Lightning","Consume","Hyperbeam","Go for the Eyes","Beam Cell+1"],"relics":["Cracked Core","Old Coin","Orichalcum","Sozu","Singing Bowl","Red Mask","MawBank","Whetstone","Bottled Lightning"],"potions_floor_usage":[16,16,16],"damage_taken":[{"damage":0,"enemies":"Cultist","floor":1,"turns":3},{"damage":0,"enemies":"Jaw Worm","floor":2,"turns":4},{"damage":12,"enemies":"2 Louse","floor":3,"turns":3},{"damage":7,"enemies":"Blue Slaver","floor":4,"turns":3},{"damage":1,"enemies":"Looter","floor":7,"turns":2},{"damage":1,"enemies":"2 Fungi Beasts","floor":8,"turns":3},{"damage":17,"enemies":"Exordium Wildlife","floor":11,"turns":4},{"damage":5,"enemies":"Looter","floor":12,"turns":3},{"damage":17,"enemies":"Hexaghost","floor":16,"turns":6},{"damage":12,"enemies":"Shell Parasite","floor":18,"turns":5},{"damage":25,"enemies":"Masked Bandits","floor":20,"turns":4},{"damage":0,"enemies":"Spheric Guardian","floor":22,"turns":3},{"damage":9,"enemies":"Cultist and Chosen","floor":23,"turns":5},{"damage":6,"enemies":"3 Cultists","floor":24,"turns":4},{"damage":17,"enemies":"Shelled Parasite and Fungi","floor":25,"turns":6},{"damage":2,"enemies":"Snecko","floor":29,"turns":3},{"damage":69,"enemies":"Collector","floor":33,"turns":5}],"seed_played":"6978326459899858242","potions_obtained":[{"floor":1,"key":"GamblersBrew"},{"floor":7,"key":"FocusPotion"},{"floor":11,"key":"Strength Potion"},{"floor":12,"key":"Regen Potion"}],"is_trial":false,"path_per_floor":["M","M","M","M","?","R","M","M","T","$","M","M","?","T","R","B",null,"M","?","?","?","M","M","M","M","T","R","$","M","$","?","R","B"],"character_chosen":"DEFECT","items_purchased":["Whetstone","Bottled Lightning"],"campfire_rested":4,"item_purchase_floors":[28,30],"current_hp_per_floor":[75,75,63,56,45,67,66,65,65,65,48,43,28,28,50,48,75,63,63,40,40,42,33,29,12,12,36,36,36,36,36,60,0],"gold":203,"neow_bonus":"THREE_CARDS","is_prod":false,"is_daily":false,"chose_seed":false,"campfire_upgraded":0,"win_rate":0.0,"timestamp":1550458691,"path_taken":["M","M","?","M","?","R","M","M","T","$","M","M","?","?","R","BOSS","M","?","?","?","?","M","M","M","T","R","$","M","$","?","R","BOSS"],"build_version":"2019-01-23","purchased_purges":3,"victory":false,"max_hp_per_floor":[75,75,75,75,75,75,75,75,75,75,75,75,75,75,75,75,75,75,75,77,77,79,79,81,81,81,81,81,83,83,83,83,83],"card_choices":[{"not_picked":["Hologram","Glacier"],"picked":"Genetic Algorithm","floor":0},{"not_picked":["Rip and Tear","Conserve Battery"],"picked":"Skim","floor":1},{"not_picked":["Barrage","Rip and Tear"],"picked":"Streamline","floor":2},{"not_picked":["Ball Lightning","Cold Snap"],"picked":"Rebound","floor":3},{"not_picked":["Capacitor","Coolheaded","Stack"],"picked":"SKIP","floor":4},{"not_picked":["Rip and Tear","Coolheaded"],"picked":"Go for the Eyes","floor":7},{"not_picked":["Redo","Chaos"],"picked":"Ball Lightning","floor":8},{"not_picked":["Heatsinks","Redo","Compile Driver"],"picked":"SKIP","floor":11},{"not_picked":["Ball Lightning","Stack"],"picked":"Consume","floor":12},{"not_picked":["Buffer","Electrodynamics"],"picked":"Hyperbeam","floor":16},{"not_picked":["Chill","Leap","Steam Power"],"picked":"SKIP","floor":18},{"not_picked":["Compile Driver","Barrage","Redo"],"picked":"Singing Bowl","floor":20},{"not_picked":["Stack+1","Turbo","Seek"],"picked":"Singing Bowl","floor":22},{"not_picked":["Turbo","Self Repair"],"picked":"Go for the Eyes","floor":23},{"not_picked":["Sweeping Beam+1","Double Energy","Auto Shields+1"],"picked":"Singing Bowl","floor":24},{"not_picked":["Defragment","Gash"],"picked":"Beam Cell+1","floor":25},{"not_picked":["Consume","Double Energy+1","Self Repair"],"picked":"Singing Bowl","floor":29}],"player_experience":186255,"relics_obtained":[{"floor":9,"key":"Old Coin"},{"floor":14,"key":"Orichalcum"},{"floor":20,"key":"Red Mask"},{"floor":26,"key":"MawBank"}],"event_choices":[{"damage_healed":0,"gold_gain":75,"player_choice":"Gather Gold","damage_taken":11,"max_hp_gain":0,"max_hp_loss":0,"event_name":"World of Goop","floor":5,"gold_loss":0},{"damage_healed":0,"gold_gain":0,"player_choice":"Entered Light","damage_taken":15,"max_hp_gain":0,"max_hp_loss":0,"event_name":"Shining Light","floor":13,"gold_loss":0,"cards_upgraded":["Streamline","Zap"]},{"damage_healed":0,"gold_gain":0,"player_choice":"Obtained Relic","damage_taken":0,"relics_obtained":["Singing Bowl"],"max_hp_gain":0,"max_hp_loss":0,"event_name":"Addict","floor":19,"gold_loss":85},{"damage_healed":0,"gold_gain":0,"player_choice":"Fought Bandits","damage_taken":0,"max_hp_gain":0,"max_hp_loss":0,"event_name":"Masked Bandits","floor":20,"gold_loss":0},{"damage_healed":0,"gold_gain":99,"player_choice":"Stole From Cult","damage_taken":0,"max_hp_gain":0,"max_hp_loss":0,"event_name":"Nest","floor":21,"gold_loss":0},{"damage_healed":0,"gold_gain":0,"player_choice":"Ignored","damage_taken":0,"max_hp_gain":0,"max_hp_loss":0,"event_name":"Vampires","floor":31,"gold_loss":0}],"is_beta":false,"boss_relics":[{"not_picked":["Snecko Eye","Fusion Hammer"],"picked":"Sozu"}],"items_purged_floors":[10,28,30],"is_endless":false,"potions_floor_spawned":[1,7,11,12,24,25,29],"killed_by":"Collector","ascension_level":0}