{"gold_per_floor":[112,63,77,93,93,93,109,284,284,112,62,62],"floor_reached":12,"playtime":358,"items_purged":["Doubt"],"score":92,"play_id":"1ff25ace-27dd-4ec6-a14f-9d61a8bf9511","local_time":"20190406105908","is_ascension_mode":true,"campfire_choices":[{"data":"Flex","floor":6,"key":"SMITH"}],"neow_cost":"NONE","seed_source_timestamp":212890105429800,"circlet_count":0,"master_deck":["Strike_R","Strike_R","Strike_R","Strike_R+1","Defend_R","Defend_R+1","Defend_R","Defend_R","Bash+1","Flex+1","Burning Pact","Finesse"],"relics":["Burning Blood","Paper Frog"],"potions_floor_usage":[7],"damage_taken":[{"damage":7,"enemies":"2 Louse","floor":1,"turns":3},{"damage":7,"enemies":"Jaw Worm","floor":3,"turns":4},{"damage":2,"enemies":"Small Slimes","floor":4,"turns":4},{"damage":3,"enemies":"2 Fungi Beasts","floor":7,"turns":4},{"damage":71,"enemies":"Gremlin Gang","floor":12,"turns":3}],"seed_played":"2254161828916524336","potions_obtained":[{"floor":4,"key":"SpeedPotion"}],"is_trial":false,"path_per_floor":["M","$","M","M","?","R","M","?","T","$","?","M"],"character_chosen":"IRONCLAD","items_purchased":["Flex","Finesse"],"campfire_rested":0,"item_purchase_floors":[2,10],"current_hp_per_floor":[71,71,70,74,58,58,61,61,61,61,61,0],"gold":62,"neow_bonus":"UPGRADE_CARD","is_prod":false,"is_daily":false,"chose_seed":false,"campfire_upgraded":1,"win_rate":0,"timestamp":1554573548,"path_taken":["M","$","M","M","?","R","M","?","T","$","?","?"],"build_version":"2019-01-23","purchased_purges":1,"victory":false,"max_hp_per_floor":[80,80,80,80,80,80,80,80,80,80,80,80],"card_choices":[{"not_picked":["True Grit","Wild Strike","Perfected Strike"],"picked":"SKIP","floor":1},{"not_picked":["Iron Wave","Reckless Charge"],"picked":"Burning Pact","floor":3},{"not_picked":["Havoc","Evolve","Combust"],"picked":"SKIP","floor":4},{"not_picked":["Evolve","Feel No Pain","Bloodletting"],"picked":"SKIP","floor":7}],"player_experience":316112,"relics_obtained":[{"floor":9,"key":"Paper Frog"}],"event_choices":[{"damage_healed":0,"gold_gain":0,"player_choice":"Entered Light","damage_taken":16,"max_hp_gain":0,"max_hp_loss":0,"event_name":"Shining Light","floor":5,"gold_loss":0,"cards_upgraded":["Strike_R","Defend_R"]},{"damage_healed":0,"gold_gain":175,"player_choice":"AGREE","damage_taken":0,"max_hp_gain":0,"max_hp_loss":0,"event_name":"Liars Game","floor":8,"gold_loss":0,"cards_obtained":["Doubt"]},{"cards_removed":["Strike_R"],"damage_healed":0,"gold_gain":0,"player_choice":"Card Removal","damage_taken":0,"max_hp_gain":0,"max_hp_loss":0,"event_name":"The Cleric","floor":11,"gold_loss":50}],"is_beta":false,"boss_relics":[],"items_purged_floors":[10],"is_endless":false,"potions_floor_spawned":[4],"killed_by":"Gremlin Gang","ascension_level":7}