{"gold_per_floor":[113,130,130,305,325,351,351,679,705,705],"floor_reached":10,"playtime":675,"items_purged":[],"score":91,"play_id":"1e432d0f-47d5-40a4-8fc2-58eb8d1cdf1c","local_time":"20180809190021","is_ascension_mode":true,"campfire_choices":[{"floor":7,"key":"REST"}],"neow_cost":"NONE","seed_source_timestamp":530339024717328,"circlet_count":0,"master_deck":["Defend_G","Defend_G","Defend_G","Defend_G","Defend_G","Strike_G","Strike_G","Strike_G","Strike_G","Strike_G","Survivor","Neutralize","Footwork","Choke","Doubt","Caltrops","Acrobatics","Sucker Punch","Crippling Poison"],"relics":["Ring of the Snake","Orichalcum","Dream Catcher","Old Coin","Oddly Smooth Stone"],"potions_floor_usage":[6],"damage_taken":[{"damage":3,"enemies":"Jaw Worm","floor":1,"turns":6},{"damage":2,"enemies":"Small Slimes","floor":2,"turns":5},{"damage":0,"enemies":"2 Louse","floor":5,"turns":3},{"damage":47,"enemies":"Gremlin Nob","floor":6,"turns":6},{"damage":26,"enemies":"Lagavulin","floor":8,"turns":11},{"damage":15,"enemies":"Gremlin Nob","floor":10,"turns":3}],"seed_played":"-1272077648365585393","potions_obtained":[{"floor":1,"key":"SpeedPotion"},{"floor":2,"key":"Strength Potion"},{"floor":8,"key":"Fire Potion"}],"is_trial":false,"path_per_floor":["M","M","?","?","M","E","R","E","T"],"character_chosen":"THE_SILENT","items_purchased":[],"campfire_rested":1,"item_purchase_floors":[],"current_hp_per_floor":[74,72,65,65,65,18,41,15,15,0],"gold":705,"neow_bonus":"TEN_PERCENT_HP_BONUS","is_prod":false,"is_daily":false,"chose_seed":false,"campfire_upgraded":0,"win_rate":0,"timestamp":1533837621,"path_taken":["M","M","?","?","M","E","R","E","T","E"],"build_version":"2018-08-02","purchased_purges":0,"victory":false,"max_hp_per_floor":[77,77,77,77,77,77,77,77,77,77],"card_choices":[{"not_picked":["Flying Knee","Dodge and Roll"],"picked":"Footwork","floor":1},{"not_picked":["Eviscerate","Bane"],"picked":"Choke","floor":2},{"not_picked":["Eviscerate","Bouncing Flask"],"picked":"Caltrops","floor":5},{"not_picked":["Flechettes","Deadly Poison"],"picked":"Acrobatics","floor":6},{"not_picked":["Reflex","Choke"],"picked":"Sucker Punch","floor":7},{"not_picked":["Endless Agony","Storm of Steel"],"picked":"Crippling Poison","floor":8}],"player_experience":622764,"relics_obtained":[{"floor":6,"key":"Dream Catcher"},{"floor":8,"key":"Old Coin"},{"floor":9,"key":"Oddly Smooth Stone"}],"event_choices":[{"event_name":"Scrap Ooze","player_choice":"success","floor":3,"damage_taken":7},{"event_name":"Liars Game","player_choice":"agreed","floor":4,"damage_taken":0}],"is_beta":false,"boss_relics":[],"items_purged_floors":[],"is_endless":false,"potions_floor_spawned":[1,2,8],"killed_by":"Gremlin Nob","ascension_level":4}