{"gold_per_floor":[109,59,78,89,105,137,92,92,92,127,138,1,35,35,35,134,134,152,152,184,196,196,196,213,213,236,268,268,268,285,298,298,399,399,415,415,469,479,479],"floor_reached":39,"playtime":3802,"items_purged":[],"score":691,"play_id":"bfcd8202-c847-4e9e-8bd2-618929f23b01","local_time":"20190131141534","is_ascension_mode":true,"campfire_choices":[{"floor":15,"key":"REST"},{"floor":23,"key":"REST"},{"floor":25,"key":"REST"},{"data":"Neutralize","floor":28,"key":"SMITH"},{"floor":32,"key":"REST"}],"neow_cost":"NONE","seed_source_timestamp":1604821102943332,"circlet_count":0,"master_deck":["AscendersBane","Defend_G+1","Defend_G+1","Defend_G+1","Defend_G+1","Defend_G+1","Strike_G+1","Survivor","Neutralize+1","Dagger Spray","Dash","Footwork","Crippling Poison","Envenom","PiercingWail","Prepared","Terror","Caltrops","Quick Slash","Deflect","Slice","Malaise","Deadly Poison+1","Backstab+1","Footwork+1","Bane","Cloak And Dagger+1","Night Terror","Cloak And Dagger","Footwork+1","Caltrops","Escape Plan","Bullet Time","Acrobatics+1","Cloak And Dagger+1","Deadly Poison+1"],"relics":["Ring of the Snake","Snake Skull","Regal Pillow","Mercury Hourglass","Bronze Scales","Kunai","Astrolabe","Red Mask","Vajra","Juzu Bracelet","Sundial","Cursed Key","Torii"],"potions_floor_usage":[6,6,6,13,20,33,37],"damage_taken":[{"damage":0,"enemies":"Small Slimes","floor":1,"turns":5},{"damage":2,"enemies":"Jaw Worm","floor":3,"turns":6},{"damage":0,"enemies":"2 Louse","floor":4,"turns":3},{"damage":0,"enemies":"Blue Slaver","floor":5,"turns":6},{"damage":17,"enemies":"Gremlin Nob","floor":6,"turns":6},{"damage":1,"enemies":"Looter","floor":7,"turns":5},{"damage":26,"enemies":"Lagavulin","floor":10,"turns":8},{"damage":0,"enemies":"2 Fungi Beasts","floor":11,"turns":3},{"damage":0,"enemies":"3 Sentries","floor":13,"turns":5},{"damage":23,"enemies":"Hexaghost","floor":16,"turns":9},{"damage":0,"enemies":"3 Byrds","floor":18,"turns":4},{"damage":36,"enemies":"Masked Bandits","floor":20,"turns":4},{"damage":21,"enemies":"Shell Parasite","floor":21,"turns":4},{"damage":2,"enemies":"Shelled Parasite and Fungi","floor":24,"turns":5},{"damage":15,"enemies":"Slavers","floor":27,"turns":5},{"damage":18,"enemies":"Snake Plant","floor":30,"turns":4},{"damage":0,"enemies":"Cultist and Chosen","floor":31,"turns":6},{"damage":45,"enemies":"Champ","floor":33,"turns":14},{"damage":0,"enemies":"3 Shapes","floor":35,"turns":3},{"damage":37,"enemies":"2 Orb Walkers","floor":37,"turns":6},{"damage":38,"enemies":"3 Darklings","floor":38,"turns":5},{"damage":35,"enemies":"Writhing Mass","floor":39,"turns":6}],"seed_played":"-2228482131666520438","potions_obtained":[{"floor":0,"key":"SteroidPotion"},{"floor":0,"key":"GhostInAJar"},{"floor":0,"key":"EssenceOfSteel"},{"floor":4,"key":"SkillPotion"},{"floor":6,"key":"FairyPotion"},{"floor":10,"key":"GhostInAJar"},{"floor":16,"key":"SpeedPotion"},{"floor":20,"key":"GhostInAJar"},{"floor":30,"key":"Explosive Potion"},{"floor":31,"key":"FairyPotion"},{"floor":33,"key":"PowerPotion"},{"floor":35,"key":"Regen Potion"}],"is_trial":false,"path_per_floor":["M","?","M","M","M","E","M","?","T","E","M","$","E","?","R","B",null,"M","?","?","M","?","R","M","R","T","E","R","T","M","M","R","B",null,"M","?","?","M","M"],"character_chosen":"THE_SILENT","items_purchased":["Caltrops","Quick Slash","Deflect"],"campfire_rested":4,"item_purchase_floors":[12,12,12],"current_hp_per_floor":[63,63,61,61,61,44,43,66,66,40,40,40,40,28,64,41,63,63,63,27,6,6,42,40,70,70,55,55,55,37,37,70,25,59,59,59,36,7,0],"gold":479,"neow_bonus":"THREE_SMALL_POTIONS","is_prod":false,"is_daily":false,"chose_seed":false,"campfire_upgraded":1,"win_rate":0,"timestamp":1548944134,"path_taken":["M","?","M","M","M","E","M","?","T","E","M","?","E","?","R","BOSS","M","?","?","M","?","R","?","R","T","E","R","?","M","M","R","BOSS","M","?","?","M","M"],"build_version":"2019-01-23","purchased_purges":0,"victory":false,"max_hp_per_floor":[70,70,70,70,70,70,70,70,70,70,70,70,70,70,70,70,70,70,70,70,70,70,70,70,70,70,70,70,70,70,70,70,70,70,70,70,70,70,70],"card_choices":[{"not_picked":["Sucker Punch","Accuracy"],"picked":"Dagger Spray","floor":1},{"not_picked":["Concentrate","Blade Dance"],"picked":"Dash","floor":3},{"not_picked":["Dodge and Roll","Underhanded Strike"],"picked":"Footwork","floor":4},{"not_picked":["Dash","Blade Dance"],"picked":"Crippling Poison","floor":5},{"not_picked":["Backstab","Flying Knee"],"picked":"Envenom","floor":6},{"not_picked":["Dodge and Roll","Deadly Poison"],"picked":"PiercingWail","floor":7},{"not_picked":["Riddle With Holes","Crippling Poison"],"picked":"Prepared","floor":10},{"not_picked":["Sucker Punch","Deadly Poison"],"picked":"Terror","floor":11},{"not_picked":["Underhanded Strike","Outmaneuver"],"picked":"Slice","floor":13},{"not_picked":["Burst","Grand Finale"],"picked":"Malaise","floor":16},{"not_picked":["Cloak And Dagger","Outmaneuver+1"],"picked":"Bane","floor":18},{"not_picked":["Underhanded Strike","Prepared+1"],"picked":"Cloak And Dagger+1","floor":20},{"not_picked":["Calculated Gamble","Masterful Stab"],"picked":"Night Terror","floor":21},{"not_picked":["Bane+1","Caltrops"],"picked":"Cloak And Dagger","floor":24},{"not_picked":["Riddle With Holes","Expertise"],"picked":"Footwork+1","floor":27},{"not_picked":["Infinite Blades","Heel Hook+1"],"picked":"Caltrops","floor":30},{"not_picked":["Dagger Spray","PiercingWail"],"picked":"Escape Plan","floor":31},{"not_picked":["Adrenaline","Night Terror"],"picked":"Bullet Time","floor":33},{"not_picked":["Underhanded Strike+1","Slice"],"picked":"Acrobatics+1","floor":35},{"not_picked":["Slice","Setup"],"picked":"Cloak And Dagger+1","floor":37},{"not_picked":["Deflect","Underhanded Strike"],"picked":"Deadly Poison+1","floor":38}],"player_experience":1106970,"relics_obtained":[{"floor":6,"key":"Snake Skull"},{"floor":9,"key":"Regal Pillow"},{"floor":10,"key":"Mercury Hourglass"},{"floor":13,"key":"Bronze Scales"},{"floor":20,"key":"Red Mask"},{"floor":26,"key":"Vajra"},{"floor":27,"key":"Juzu Bracelet"},{"floor":29,"key":"Sundial"},{"floor":37,"key":"Torii"}],"event_choices":[{"cards_removed":["Strike_G"],"damage_healed":0,"gold_gain":0,"player_choice":"Card Removal","damage_taken":0,"max_hp_gain":0,"max_hp_loss":0,"event_name":"The Cleric","floor":2,"gold_loss":50},{"damage_healed":23,"gold_gain":0,"player_choice":"Banana","damage_taken":0,"max_hp_gain":0,"max_hp_loss":0,"event_name":"Big Fish","floor":8,"gold_loss":0},{"damage_healed":0,"gold_gain":0,"player_choice":"Success","damage_taken":12,"relics_obtained":["Kunai"],"max_hp_gain":0,"max_hp_loss":0,"event_name":"Scrap Ooze","floor":14,"gold_loss":0},{"damage_healed":0,"gold_gain":0,"player_choice":"Ignored","damage_taken":0,"max_hp_gain":0,"max_hp_loss":0,"event_name":"Ghosts","floor":19,"gold_loss":0},{"damage_healed":0,"gold_gain":0,"player_choice":"Fought Bandits","damage_taken":0,"max_hp_gain":0,"max_hp_loss":0,"event_name":"Masked Bandits","floor":20,"gold_loss":0},{"damage_healed":0,"gold_gain":0,"player_choice":"Simplicity","damage_taken":0,"max_hp_gain":0,"max_hp_loss":0,"event_name":"Back to Basics","floor":22,"gold_loss":0,"cards_upgraded":["Defend_G","Defend_G","Defend_G","Defend_G","Defend_G","Strike_G"]},{"damage_healed":0,"gold_gain":0,"player_choice":"Ignored","damage_taken":0,"max_hp_gain":0,"max_hp_loss":0,"event_name":"Tomb of Lord Red Mask","floor":36,"gold_loss":0},{"damage_healed":0,"gold_gain":0,"player_choice":"Fight","damage_taken":0,"max_hp_gain":0,"max_hp_loss":0,"event_name":"Mysterious Sphere","floor":37,"gold_loss":0}],"is_beta":false,"boss_relics":[{"not_picked":["Coffee Dripper","Black Star"],"picked":"Astrolabe"},{"not_picked":["Velvet Choker","Empty Cage"],"picked":"Cursed Key"}],"items_purged_floors":[],"is_endless":false,"potions_floor_spawned":[4,6,10,16,20,30,31,33,35],"killed_by":"Writhing Mass","ascension_level":10}