{"gold_per_floor":[113,113,113,125,142,142,67,80,80,10,26,26,53,63,63,165,165,184,155,55,55,5,25,25,43,43,43,43],"floor_reached":28,"playtime":1216,"items_purged":["Decay","Strike_R"],"score":311,"play_id":"89d51f1d-7148-424e-be7b-61aa33a26f33","local_time":"20190210025240","is_ascension_mode":true,"campfire_choices":[{"data":"Sword Boomerang","floor":6,"key":"SMITH"},{"data":"Whirlwind","floor":15,"key":"SMITH"},{"floor":24,"key":"REST"},{"floor":27,"key":"REST"}],"neow_cost":"NONE","seed_source_timestamp":64025241170800,"circlet_count":0,"master_deck":["Strike_R","Strike_R","Defend_R","Defend_R","Defend_R","Defend_R","Bash","Iron Wave","Sword Boomerang+1","Whirlwind+1","Barricade","Body Slam+1","Spot Weakness+1","Double Tap"],"relics":["Burning Blood","Matryoshka","Bottled Lightning","Black Star","Paper Frog","Magic Flower"],"potions_floor_usage":[16,16,23,23,28],"damage_taken":[{"damage":3,"enemies":"Jaw Worm","floor":1,"turns":4},{"damage":6,"enemies":"2 Louse","floor":4,"turns":3},{"damage":3,"enemies":"Cultist","floor":5,"turns":3},{"damage":4,"enemies":"Red Slaver","floor":8,"turns":4},{"damage":10,"enemies":"2 Fungi Beasts","floor":11,"turns":3},{"damage":35,"enemies":"3 Sentries","floor":13,"turns":6},{"damage":22,"enemies":"3 Louse","floor":14,"turns":3},{"damage":6,"enemies":"Slime Boss","floor":16,"turns":5},{"damage":13,"enemies":"3 Byrds","floor":18,"turns":4},{"damage":47,"enemies":"2 Thieves","floor":19,"turns":5},{"damage":30,"enemies":"Sentry and Sphere","floor":23,"turns":5},{"damage":21,"enemies":"Chosen and Byrds","floor":25,"turns":4},{"damage":53,"enemies":"Book of Stabbing","floor":28,"turns":4}],"seed_played":"-1968265836114268885","potions_obtained":[{"floor":4,"key":"Poison Potion"},{"floor":13,"key":"SkillPotion"},{"floor":14,"key":"Energy Potion"},{"floor":16,"key":"Block Potion"},{"floor":25,"key":"PowerPotion"}],"is_trial":false,"path_per_floor":["M","?","?","M","M","R","$","M","T","$","M","$","E","M","R","B",null,"M","M","$","?","?","M","R","M","T","R","E"],"character_chosen":"IRONCLAD","items_purchased":["Whirlwind"],"campfire_rested":2,"item_purchase_floors":[10],"current_hp_per_floor":[80,80,80,80,80,80,80,80,80,80,76,76,47,31,31,31,80,73,32,32,32,32,8,32,17,17,41,0],"gold":43,"neow_bonus":"TRANSFORM_CARD","is_prod":false,"is_daily":false,"chose_seed":false,"campfire_upgraded":2,"win_rate":0,"timestamp":1549795960,"path_taken":["M","?","?","M","?","R","$","M","T","?","?","?","E","M","R","BOSS","M","M","$","?","?","M","R","M","T","R","E"],"build_version":"2019-01-23","purchased_purges":2,"victory":false,"max_hp_per_floor":[80,80,80,80,80,80,80,80,80,80,80,80,80,80,80,80,80,80,80,80,80,80,80,80,80,80,80,80],"card_choices":[{"not_picked":["Shrug It Off","Reckless Charge","Wild Strike"],"picked":"SKIP","floor":1},{"not_picked":["Clothesline","Wild Strike"],"picked":"Sword Boomerang","floor":4},{"not_picked":["Shockwave","Flame Barrier","Perfected Strike"],"picked":"SKIP","floor":5},{"not_picked":["Burning Pact","Intimidate","Anger"],"picked":"SKIP","floor":8},{"not_picked":["Havoc","Clash","Clothesline"],"picked":"SKIP","floor":11},{"not_picked":["Thunderclap","Evolve","Corruption"],"picked":"SKIP","floor":13},{"not_picked":["Sword Boomerang","Offering","Clash"],"picked":"SKIP","floor":14},{"not_picked":["Bludgeon","Limit Break"],"picked":"Barricade","floor":16},{"not_picked":["Bloodletting","Perfected Strike"],"picked":"Body Slam+1","floor":18},{"not_picked":["Anger","Clash+1"],"picked":"Spot Weakness+1","floor":19},{"not_picked":["Body Slam","Headbutt","Clash"],"picked":"SKIP","floor":23},{"not_picked":["Armaments","Wild Strike","Twin Strike"],"picked":"SKIP","floor":25}],"player_experience":106206,"relics_obtained":[{"floor":9,"key":"Matryoshka"},{"floor":13,"key":"Bottled Lightning"},{"floor":26,"key":"Paper Frog"},{"floor":26,"key":"Magic Flower"}],"event_choices":[{"cards_removed":["Strike_R"],"damage_healed":0,"gold_gain":0,"player_choice":"Forget","damage_taken":0,"max_hp_gain":0,"max_hp_loss":0,"event_name":"Living Wall","floor":2,"gold_loss":0},{"damage_healed":0,"gold_gain":0,"player_choice":"Cursed","damage_taken":0,"max_hp_gain":0,"max_hp_loss":0,"event_name":"Wheel of Change","floor":3,"gold_loss":0,"cards_obtained":["Decay"]},{"damage_healed":0,"gold_gain":0,"player_choice":"Read","damage_taken":0,"max_hp_gain":0,"max_hp_loss":0,"event_name":"The Library","floor":21,"gold_loss":0,"cards_obtained":["Double Tap"]},{"damage_healed":0,"gold_gain":0,"player_choice":"Bet on Owner","damage_taken":0,"max_hp_gain":0,"max_hp_loss":0,"event_name":"The Joust","floor":22,"gold_loss":50}],"is_beta":false,"boss_relics":[{"not_picked":["Runic Cube","Sozu"],"picked":"Black Star"}],"items_purged_floors":[7,20],"is_endless":false,"potions_floor_spawned":[4,13,14,16,25],"killed_by":"Book of Stabbing","ascension_level":3}