{"gold_per_floor":[111,129,54,84,58,58,83,83,152,152,152,168,198,216,216,216],"floor_reached":16,"playtime":430,"items_purged":["Strike_R"],"score":160,"play_id":"1679b779-d877-4b2f-854f-497e7f1c10fd","local_time":"20190303131320","is_ascension_mode":true,"campfire_choices":[{"data":"Searing Blow","floor":6,"key":"SMITH"},{"data":"Searing Blow+1","floor":8,"key":"SMITH"},{"data":"Searing Blow+2","floor":10,"key":"SMITH"},{"data":"Rupture","floor":15,"key":"SMITH"}],"neow_cost":"NONE","seed_source_timestamp":59925398286500,"circlet_count":0,"master_deck":["Strike_R","Strike_R","Strike_R","Strike_R","Defend_R","Defend_R","Defend_R","Defend_R","Bash","Searing Blow+3","True Grit","Regret","Shrug It Off","Reaper","Rupture+1","Seeing Red"],"relics":["Burning Blood","NeowsBlessing","Tiny Chest","Blood Vial","Bottled Flame","Golden Idol","Odd Mushroom"],"potions_floor_usage":[13,16],"damage_taken":[{"damage":0,"enemies":"2 Louse","floor":1,"turns":1},{"damage":0,"enemies":"Small Slimes","floor":2,"turns":1},{"damage":0,"enemies":"3 Sentries","floor":7,"turns":2},{"damage":2,"enemies":"Cultist","floor":12,"turns":4},{"damage":18,"enemies":"The Mushroom Lair","floor":13,"turns":6},{"damage":11,"enemies":"Blue Slaver","floor":14,"turns":3},{"damage":80,"enemies":"Slime Boss","floor":16,"turns":7}],"seed_played":"-3602715236131149697","potions_obtained":[{"floor":1,"key":"SteroidPotion"},{"floor":2,"key":"Block Potion"}],"is_trial":false,"path_per_floor":["M","M","$","?","$","R","E","R","T","R","?","M","?","M","R","B"],"character_chosen":"IRONCLAD","items_purchased":["Shrug It Off"],"campfire_rested":0,"item_purchase_floors":[5],"current_hp_per_floor":[78,80,80,80,80,80,80,80,80,80,60,70,68,69,69,0],"gold":216,"neow_bonus":"THREE_ENEMY_KILL","is_prod":false,"is_daily":false,"chose_seed":false,"campfire_upgraded":4,"win_rate":0,"timestamp":1551647600,"path_taken":["M","M","$","?","$","R","E","R","T","R","?","M","?","M","R","BOSS"],"build_version":"2019-01-23","purchased_purges":1,"victory":false,"max_hp_per_floor":[80,80,80,80,80,80,80,80,80,80,80,80,80,80,80,80],"card_choices":[{"not_picked":["Burning Pact","Clothesline"],"picked":"Searing Blow","floor":1},{"not_picked":["Headbutt","Havoc"],"picked":"True Grit","floor":2},{"not_picked":["Sword Boomerang","Seeing Red"],"picked":"Reaper","floor":7},{"not_picked":["Clash","Heavy Blade","Havoc"],"picked":"SKIP","floor":12},{"not_picked":["Cleave","Anger"],"picked":"Rupture","floor":13},{"not_picked":["Fire Breathing","Second Wind"],"picked":"Seeing Red","floor":14}],"player_experience":240830,"relics_obtained":[{"floor":7,"key":"Blood Vial"},{"floor":9,"key":"Bottled Flame"},{"floor":13,"key":"Odd Mushroom"}],"event_choices":[{"damage_healed":0,"gold_gain":0,"player_choice":"Box","damage_taken":0,"relics_obtained":["Tiny Chest"],"max_hp_gain":0,"max_hp_loss":0,"event_name":"Big Fish","floor":4,"gold_loss":0,"cards_obtained":["Regret"]},{"damage_healed":0,"gold_gain":0,"player_choice":"Take Damage","damage_taken":20,"relics_obtained":["Golden Idol"],"max_hp_gain":0,"max_hp_loss":0,"event_name":"Golden Idol","floor":11,"gold_loss":0},{"damage_healed":0,"gold_gain":0,"player_choice":"Fought Mushrooms","damage_taken":0,"max_hp_gain":0,"max_hp_loss":0,"event_name":"Mushrooms","floor":13,"gold_loss":0}],"is_beta":false,"boss_relics":[],"items_purged_floors":[3],"is_endless":false,"potions_floor_spawned":[1,2],"killed_by":"Slime Boss","ascension_level":6}