{"gold_per_floor":[116,116,127,127,139,139,169,94,121,152,152,52,68,102,102,204,204,219,242,242,242,253,253,285,285,285,318,193,193,222,238,238,335,335,345,345,360,374,122,122],"floor_reached":40,"playtime":1433,"items_purged":["Strike_R","Strike_R","Strike_R"],"score":687,"play_id":"33fa96b5-32a8-4333-8ead-ef391705d15b","local_time":"20190303120003","is_ascension_mode":true,"campfire_choices":[{"data":"Cleave","floor":6.0,"key":"SMITH"},{"floor":11,"key":"REST"},{"floor":15,"key":"REST"},{"data":"Immolate","floor":23,"key":"SMITH"},{"floor":25,"key":"REST"},{"data":"Flex","floor":29,"key":"SMITH"},{"data":"True Grit","floor":32,"key":"SMITH"}],"neow_cost":"NONE","seed_source_timestamp":0,"circlet_count":0,"master_deck":["Strike_R","Strike_R","Defend_R","Defend_R","Defend_R","Bash","Cleave+1","Battle Trance","True Grit+1","Feed+1","Shrug It Off","Flex+1","Immolate+1","Anger","Thunderclap+1","Twin Strike+1","Reaper+1","Demon Form","Sword Boomerang+1","Fire Breathing"],"special_seed":0,"relics":["Burning Blood","NeowsBlessing","FaceOfCleric","Juzu Bracelet","Art of War","Pantograph","Torii","Sozu","Happy Flower","Enchiridion","Turnip","Molten Egg 2","Red Mask","Pear","Philosopher\u0027s Stone","Kunai"],"potions_floor_usage":[16,33],"damage_taken":[{"damage":0.0,"enemies":"Cultist","floor":1.0,"turns":1.0},{"damage":0.0,"enemies":"2 Louse","floor":3.0,"turns":1.0},{"damage":0.0,"enemies":"Small Slimes","floor":5.0,"turns":1.0},{"damage":30.0,"enemies":"3 Sentries","floor":7.0,"turns":7.0},{"damage":40,"enemies":"Lagavulin","floor":10,"turns":5},{"damage":8,"enemies":"Gremlin Gang","floor":13,"turns":2},{"damage":42,"enemies":"3 Sentries","floor":14,"turns":10},{"damage":0,"enemies":"Slime Boss","floor":16,"turns":6},{"damage":7,"enemies":"Chosen","floor":18,"turns":6},{"damage":17,"enemies":"Spheric Guardian","floor":22,"turns":4},{"damage":21,"enemies":"Gremlin Leader","floor":24,"turns":5},{"damage":0,"enemies":"Masked Bandits","floor":27,"turns":2},{"damage":8,"enemies":"Book of Stabbing","floor":30,"turns":3},{"damage":12,"enemies":"3 Cultists","floor":31,"turns":3},{"damage":51,"enemies":"Collector","floor":33,"turns":8},{"damage":7,"enemies":"3 Shapes","floor":35,"turns":1},{"damage":6,"enemies":"3 Darklings","floor":37,"turns":3},{"damage":82,"enemies":"Spire Growth","floor":38,"turns":5},{"damage":53,"enemies":"Nemesis","floor":40,"turns":4}],"seed_played":"875546792624888025","potions_obtained":[{"floor":5.0,"key":"PowerPotion"},{"floor":13,"key":"Weak Potion"}],"is_trial":false,"path_per_floor":["M","?","M","?","M","R","E","$","T","E","R","$","M","E","R","B",null,"M","T","?","?","M","R","E","R","T","?","$","R","E","M","R","B",null,"M","?","M","M","$","E"],"character_chosen":"IRONCLAD","items_purchased":["Kunai"],"campfire_rested":3,"item_purchase_floors":[39],"current_hp_per_floor":[78,78,80,80,81,81,58,58,58,25,49,49,51,16,42,74,85,85,85,85,69,59,59,45,72,72,79,79,79,92,91,91,72,104,104,104,110,46,46,0],"gold":122,"neow_bonus":"THREE_ENEMY_KILL","is_prod":false,"is_daily":false,"chose_seed":false,"campfire_upgraded":4,"win_rate":0,"timestamp":1551643203,"path_taken":["M","?","?","?","M","R","E","$","T","E","R","$","M","E","R","BOSS","M","?","?","?","M","R","E","R","T","?","$","R","E","M","R","BOSS","M","?","M","M","$","E"],"build_version":"2019-01-23","purchased_purges":3,"victory":false,"max_hp_per_floor":[80,80,80,80,81,81,82,82,82,83,83,83,87,88,88,89,89,90,90,90,90,91,91,92,92,92,93,93,93,108,113,113,114,114,115,109,110,115,115,115],"card_choices":[{"not_picked":["Perfected Strike","Blood for Blood","Armaments"],"picked":"SKIP","floor":1.0},{"not_picked":["Havoc","Battle Trance"],"picked":"Cleave","floor":3.0},{"not_picked":["Havoc","Body Slam"],"picked":"Battle Trance","floor":5.0},{"not_picked":["Body Slam","Clash"],"picked":"True Grit","floor":7.0},{"not_picked":["Heavy Blade","True Grit"],"picked":"Feed","floor":10},{"not_picked":["Anger","Uppercut"],"picked":"Shrug It Off","floor":13},{"not_picked":["Havoc","Disarm"],"picked":"Flex","floor":14},{"not_picked":["Dark Embrace","Barricade"],"picked":"Immolate","floor":16},{"not_picked":["Pommel Strike","Body Slam"],"picked":"Anger","floor":18},{"not_picked":["Shockwave","Second Wind+1"],"picked":"Thunderclap+1","floor":22},{"not_picked":["Cleave+1","Burning Pact"],"picked":"Twin Strike+1","floor":24},{"not_picked":["Burning Pact+1","Iron Wave+1","Clothesline+1"],"picked":"SKIP","floor":30},{"not_picked":["Thunderclap+1","Cleave+1"],"picked":"Reaper+1","floor":31},{"not_picked":["Berserk","Exhume"],"picked":"Demon Form","floor":33},{"not_picked":["Wild Strike+1","Havoc","Heavy Blade+1"],"picked":"SKIP","floor":35},{"not_picked":["Reckless Charge+1","Headbutt+1"],"picked":"Sword Boomerang+1","floor":37},{"not_picked":["Flame Barrier","Ghostly Armor"],"picked":"Fire Breathing","floor":38}],"player_experience":235653,"relics_obtained":[{"floor":7.0,"key":"Juzu Bracelet"},{"floor":9.0,"key":"Art of War"},{"floor":10,"key":"Pantograph"},{"floor":14,"key":"Torii"},{"floor":19,"key":"Happy Flower"},{"floor":21,"key":"Enchiridion"},{"floor":24,"key":"Turnip"},{"floor":26,"key":"Molten Egg 2"},{"floor":27,"key":"Red Mask"},{"floor":30,"key":"Pear"}],"event_choices":[{"cards_removed":["Defend_R"],"damage_healed":0.0,"max_hp_gain":0.0,"max_hp_loss":0.0,"gold_gain":0.0,"event_name":"Purifier","player_choice":"Purged","floor":2.0,"gold_loss":0.0,"damage_taken":0.0},{"damage_healed":0.0,"max_hp_gain":0.0,"max_hp_loss":0.0,"gold_gain":0.0,"event_name":"FaceTrader","player_choice":"Trade","floor":4.0,"gold_loss":0.0,"damage_taken":0.0,"relics_obtained":["FaceOfCleric"]},{"damage_healed":0,"gold_gain":0,"player_choice":"Upgraded","damage_taken":0,"max_hp_gain":0,"max_hp_loss":0,"event_name":"Upgrade Shrine","floor":20,"gold_loss":0,"cards_upgraded":["Feed"]},{"damage_healed":0,"gold_gain":0,"player_choice":"Obtained Book","damage_taken":16,"max_hp_gain":0,"max_hp_loss":0,"event_name":"Cursed Tome","floor":21,"gold_loss":0},{"damage_healed":0,"gold_gain":0,"player_choice":"Fought Bandits","damage_taken":0,"max_hp_gain":0,"max_hp_loss":0,"event_name":"Masked Bandits","floor":27,"gold_loss":0},{"damage_healed":0,"gold_gain":0,"player_choice":"Max HP","damage_taken":0,"max_hp_gain":0,"max_hp_loss":6,"event_name":"Winding Halls","floor":36,"gold_loss":0}],"is_beta":false,"boss_relics":[{"not_picked":["Snecko Eye","Black Star"],"picked":"Sozu"},{"not_picked":["Tiny House","Lizard Tail"],"picked":"Philosopher\u0027s Stone"}],"items_purged_floors":[8,12,28],"is_endless":false,"potions_floor_spawned":[5,13,22,30,33,35],"killed_by":"Nemesis","ascension_level":6}