{"gold_per_floor":[118,132,132,57,57,57,7,7,31,31,45,45,60,87,87,184,184,204,36,136,150,164,196,196,196,220,220,220,220],"floor_reached":29,"playtime":734,"items_purged":["Strike_B","Strike_B"],"score":311,"play_id":"8b7e026a-2a35-45bf-9472-9bac33b4b2c6","local_time":"20190611122515","is_ascension_mode":true,"campfire_choices":[{"data":"Scrape","floor":6,"key":"SMITH"},{"data":"Ball Lightning","floor":8,"key":"SMITH"},{"data":"Redo","floor":15,"key":"SMITH"},{"floor":24,"key":"REST"},{"floor":27,"key":"REST"}],"neow_cost":"NONE","seed_source_timestamp":697257105468800,"circlet_count":0,"master_deck":["Strike_B","Defend_B","Defend_B","Defend_B","Defend_B","Zap+1","Dualcast+1","Ball Lightning+1","Scrape+1","Redo+1","White Noise","Thunder Strike","Storm+1","All For One","Reboot","Redo+1"],"relics":["Cracked Core","Potion Belt","Ornamental Fan","PreservedInsect","Calling Bell","Boot","Frozen Egg 2","Du-Vu Doll","Bottled Flame","Smiling Mask"],"potions_floor_usage":[14,14,16,23,23],"damage_taken":[{"damage":0,"enemies":"Jaw Worm","floor":1,"turns":3},{"damage":1,"enemies":"2 Louse","floor":2,"turns":2},{"damage":7,"enemies":"Small Slimes","floor":11,"turns":2},{"damage":0,"enemies":"Exordium Wildlife","floor":13,"turns":2},{"damage":24,"enemies":"Lagavulin","floor":14,"turns":4},{"damage":37,"enemies":"The Guardian","floor":16,"turns":10},{"damage":16,"enemies":"Chosen","floor":18,"turns":6},{"damage":6,"enemies":"Spheric Guardian","floor":21,"turns":3},{"damage":0,"enemies":"Snecko","floor":22,"turns":2},{"damage":33,"enemies":"Slavers","floor":23,"turns":4},{"damage":59,"enemies":"Shelled Parasite and Fungi","floor":29,"turns":3}],"seed_played":"920438339301327525","potions_obtained":[{"floor":2,"key":"FearPotion"},{"floor":11,"key":"SpeedPotion"},{"floor":13,"key":"Regen Potion"},{"floor":18,"key":"Poison Potion"},{"floor":22,"key":"SkillPotion"}],"is_trial":false,"path_per_floor":["M","M","?","$","?","R","?","R","T","$","M","?","M","E","R","B",null,"M","$","?","M","M","E","R","?","T","R","?","M"],"character_chosen":"DEFECT","items_purchased":["Storm+1"],"campfire_rested":2,"item_purchase_floors":[19],"current_hp_per_floor":[68,67,67,67,72,72,72,72,72,72,65,58,58,46,46,9,62,46,46,46,40,40,7,31,31,31,55,55,0],"gold":220,"neow_bonus":"UPGRADE_CARD","is_prod":false,"is_daily":false,"chose_seed":false,"campfire_upgraded":3,"win_rate":0,"timestamp":1560281115,"path_taken":["M","M","?","$","?","R","?","R","T","?","?","?","M","E","R","BOSS","M","$","?","M","?","E","R","?","T","R","?","?"],"build_version":"2019-01-23","purchased_purges":2,"victory":false,"max_hp_per_floor":[75,75,75,75,80,80,80,80,80,80,80,80,80,80,80,80,80,80,80,80,80,80,80,80,80,80,80,80,80],"card_choices":[{"not_picked":["Redo","Conserve Battery"],"picked":"Ball Lightning","floor":1},{"not_picked":["Storm","Amplify"],"picked":"Scrape","floor":2},{"not_picked":["Ball Lightning","Rebound","Doom and Gloom"],"picked":"SKIP","floor":11},{"not_picked":["Hello World","Conserve Battery"],"picked":"Redo","floor":13},{"not_picked":["Coolheaded","Steam"],"picked":"White Noise","floor":14},{"not_picked":["Multi-Cast","Hyperbeam"],"picked":"Thunder Strike","floor":16},{"not_picked":["Go for the Eyes","Rebound","Stack+1"],"picked":"SKIP","floor":18},{"not_picked":["Cold Snap","Rip and Tear"],"picked":"All For One","floor":21},{"not_picked":["Coolheaded+1","Doom and Gloom","Gash"],"picked":"SKIP","floor":22},{"not_picked":["Skim+1","Cold Snap"],"picked":"Reboot","floor":23}],"player_experience":460174,"relics_obtained":[{"floor":9,"key":"Potion Belt"},{"floor":14,"key":"PreservedInsect"},{"floor":17,"key":"Boot"},{"floor":17,"key":"Frozen Egg 2"},{"floor":17,"key":"Du-Vu Doll"},{"floor":23,"key":"Bottled Flame"},{"floor":26,"key":"Smiling Mask"}],"event_choices":[{"damage_healed":0,"gold_gain":0,"player_choice":"Grow","damage_taken":0,"max_hp_gain":0,"max_hp_loss":0,"event_name":"Living Wall","floor":3,"gold_loss":0,"cards_upgraded":["Dualcast"]},{"damage_healed":0,"gold_gain":0,"player_choice":"Donut","damage_taken":0,"max_hp_gain":5,"max_hp_loss":0,"event_name":"Big Fish","floor":5,"gold_loss":0},{"cards_removed":["Strike_B"],"damage_healed":0,"gold_gain":0,"player_choice":"Card Removal","damage_taken":0,"max_hp_gain":0,"max_hp_loss":0,"event_name":"The Cleric","floor":7,"gold_loss":50},{"damage_healed":0,"gold_gain":0,"player_choice":"Success","damage_taken":7,"relics_obtained":["Ornamental Fan"],"max_hp_gain":0,"max_hp_loss":0,"event_name":"Scrap Ooze","floor":12,"gold_loss":0},{"damage_healed":0,"gold_gain":100,"player_choice":"Pray","damage_taken":0,"max_hp_gain":0,"max_hp_loss":0,"event_name":"Golden Shrine","floor":20,"gold_loss":0},{"damage_healed":0,"gold_gain":0,"player_choice":"Ignored","damage_taken":0,"max_hp_gain":0,"max_hp_loss":0,"event_name":"Vampires","floor":25,"gold_loss":0},{"damage_healed":0,"gold_gain":0,"player_choice":"Copied","damage_taken":0,"max_hp_gain":0,"max_hp_loss":0,"event_name":"Duplicator","floor":28,"gold_loss":0,"cards_obtained":["Redo"]}],"is_beta":false,"boss_relics":[{"not_picked":["Tiny House","Velvet Choker"],"picked":"Calling Bell"}],"items_purged_floors":[4,19],"is_endless":false,"potions_floor_spawned":[2,11,13,18,22],"killed_by":"Shelled Parasite and Fungi","ascension_level":6}