{"path_per_floor":["M","?","M","$","?","E","R","?","T","R","?","M","R","E","R","B",null,"M","$","M"],"character_chosen":"IRONCLAD","items_purchased":["Armaments","Bottled Flame"],"gold_per_floor":[112,112,127,2,0,40,40,71,97,97,97,120,120,163,163,287,287,312,51,70,70],"floor_reached":21,"campfire_rested":3,"playtime":3249,"current_hp_per_floor":[80,74,69,69,69,27,49,26,26,48,48,54,74,67,67,25,74,40,40,32,0],"items_purged":["Strike_R"],"gold":70,"score":185,"play_id":"bdfc2bf8-97ed-4c70-b2a2-4e22c85647ce","local_time":"20180509160046","is_prod":false,"is_daily":false,"chose_seed":false,"is_ascension_mode":false,"campfire_upgraded":1,"timestamp":1525878046,"path_taken":["M","?","M","$","?","E","R","?","T","R","?","M","R","E","R","BOSS","M","?","M","M"],"build_version":"2018-05-03","seed_source_timestamp":2528735366168,"purchased_purges":1,"victory":false,"master_deck":["Strike_R","Strike_R","Strike_R","Strike_R","Defend_R","Defend_R","Defend_R","Defend_R","Bash","Inflame","Iron Wave","Armaments","Rage","Cleave","Reckless Charge","Writhe","Pommel Strike","Heavy Blade+1","Barricade","Entrench+1","Armaments"],"max_hp_per_floor":[80,74,74,74,74,74,74,74,74,74,74,74,74,74,74,74,74,74,74,74,74],"relics":["Burning Blood","Bag of Marbles","Golden Idol","Juzu Bracelet","Odd Mushroom","Ancient Tea Set","Matryoshka","Bottled Flame"],"card_choices":[{"not_picked":["Warcry","Blood for Blood"],"picked":"Inflame","floor":1},{"not_picked":["Pommel Strike","Flex"],"picked":"Iron Wave","floor":3},{"not_picked":["Cleave","Intimidate"],"picked":"Rage","floor":6},{"not_picked":["Shockwave","Twin Strike"],"picked":"Cleave","floor":8},{"not_picked":["Spot Weakness","Twin Strike"],"picked":"Pommel Strike","floor":12},{"not_picked":["Battle Trance","Carnage"],"picked":"Heavy Blade","floor":14},{"not_picked":["Dark Embrace","Juggernaut"],"picked":"Barricade","floor":16},{"not_picked":["True Grit","Flex"],"picked":"Entrench","floor":18},{"not_picked":["Flex","Twin Strike"],"picked":"Armaments","floor":20}],"player_experience":52986,"potions_floor_usage":[14,16,16,20,20],"damage_taken":[{"damage":6,"enemies":"2 Louse","floor":1,"turns":4},{"damage":11,"enemies":"Jaw Worm","floor":3,"turns":2},{"damage":48,"enemies":"Lagavulin","floor":6,"turns":13},{"damage":29,"enemies":"The Mushroom Lair","floor":8,"turns":8},{"damage":0,"enemies":"Small Slimes","floor":12,"turns":2},{"damage":13,"enemies":"3 Sentries","floor":14,"turns":6},{"damage":48,"enemies":"Slime Boss","floor":16,"turns":12},{"damage":40,"enemies":"Spheric Guardian","floor":18,"turns":7},{"damage":14,"enemies":"Shell Parasite","floor":20,"turns":8},{"damage":34,"enemies":"Snecko","floor":21,"turns":6}],"event_choices":[{"event_name":"Golden Idol","player_choice":"Lose Max HP","floor":2,"damage_taken":0},{"event_name":"World of Goop","player_choice":"Left","floor":5,"damage_taken":0},{"event_name":"Mushrooms","player_choice":"Fought Mushrooms","floor":8,"damage_taken":0},{"event_name":"Match and Keep!","player_choice":"2 cards matched","floor":11,"damage_taken":0}],"boss_relics":[{"not_picked":["Runic Dome","Philosopher\u0027s Stone","Snecko Eye"]}],"potions_floor_spawned":[6,8,14,16,18],"seed_played":"-1216488786976196147","killed_by":"Snecko","ascension_level":0,"is_trial":false}