{"gold_per_floor":[116,116,130,130,144,144,177,187,187,200,214,242,242],"floor_reached":13,"playtime":1256,"items_purged":[],"score":116,"play_id":"149a8e91-6ce6-44da-a81a-5b6d98273f87","local_time":"20180928230730","is_ascension_mode":true,"campfire_choices":[{"data":"Armaments","floor":6,"key":"SMITH"}],"neow_cost":"NONE","seed_source_timestamp":1212231723547579,"circlet_count":0,"master_deck":["Strike_R","Strike_R","Strike_R","Strike_R","Strike_R+1","Defend_R","Defend_R","Defend_R","Defend_R","Bash","Pommel Strike+1","Armaments+1","Shrug It Off","Shrug It Off","Body Slam","Anger","Flex"],"relics":["Burning Blood","NeowsBlessing","Potion Belt","Regal Pillow","Darkstone Periapt"],"potions_floor_usage":[7,8],"damage_taken":[{"damage":0,"enemies":"Jaw Worm","floor":1,"turns":1},{"damage":0,"enemies":"Small Slimes","floor":3,"turns":1},{"damage":0,"enemies":"2 Louse","floor":5,"turns":1},{"damage":57,"enemies":"Gremlin Nob","floor":7,"turns":6},{"damage":0,"enemies":"2 Fungi Beasts","floor":8,"turns":5},{"damage":12,"enemies":"Gremlin Gang","floor":10,"turns":5},{"damage":22,"enemies":"Lots of Slimes","floor":11,"turns":5},{"damage":17,"enemies":"3 Sentries","floor":12,"turns":10},{"damage":20,"enemies":"Large Slime","floor":13,"turns":3}],"seed_played":"-1511183283331521606","potions_obtained":[{"floor":3,"key":"Regen Potion"},{"floor":7,"key":"BloodPotion"},{"floor":10,"key":"Ancient Potion"},{"floor":12,"key":"PowerPotion"}],"is_trial":false,"path_per_floor":["M","?","M","?","M","R","E","M","T","M","M","E"],"character_chosen":"IRONCLAD","items_purchased":[],"campfire_rested":0,"item_purchase_floors":[],"current_hp_per_floor":[80,64,70,70,76,76,38,52,52,46,30,19,0],"gold":242,"neow_bonus":"THREE_ENEMY_KILL","is_prod":false,"is_daily":false,"chose_seed":false,"campfire_upgraded":1,"win_rate":0,"timestamp":1538172450,"path_taken":["M","?","M","?","?","R","E","M","T","?","M","E","M"],"build_version":"2018-09-20","purchased_purges":0,"victory":false,"max_hp_per_floor":[80,80,80,80,80,80,80,80,80,80,80,80,80],"card_choices":[{"not_picked":["Perfected Strike","Body Slam"],"picked":"Pommel Strike","floor":1},{"not_picked":["Wild Strike","Pommel Strike"],"picked":"Armaments","floor":3},{"not_picked":["Thunderclap","Anger"],"picked":"Shrug It Off","floor":5},{"not_picked":["Body Slam","Sword Boomerang"],"picked":"Shrug It Off","floor":7},{"not_picked":["Pommel Strike","Havoc"],"picked":"Body Slam","floor":8},{"not_picked":["Sword Boomerang","Sentinel"],"picked":"Anger","floor":10},{"not_picked":["Sword Boomerang","Anger","Brutality"],"picked":"SKIP","floor":11},{"not_picked":["Clothesline","Bludgeon"],"picked":"Flex","floor":12}],"player_experience":666102,"relics_obtained":[{"floor":7,"key":"Potion Belt"},{"floor":9,"key":"Regal Pillow"},{"floor":12,"key":"Darkstone Periapt"}],"event_choices":[{"event_name":"Shining Light","player_choice":"Entered Light","floor":2,"damage_taken":0},{"event_name":"Golden Idol","player_choice":"Ignored","floor":4,"damage_taken":0}],"is_beta":false,"boss_relics":[],"items_purged_floors":[],"is_endless":false,"potions_floor_spawned":[3,7,10,12],"killed_by":"Large Slime","ascension_level":4}