{"gold_per_floor":[116,66,66,84,84,84,84,159,159,159,202,17,17,40,40,161,161,151,250,175,175,193,193,206,206,506,506],"floor_reached":27,"playtime":1389,"items_purged":["Strike_R"],"score":207,"play_id":"7ee4965a-e338-464d-8015-efe2a3f3bfa8","local_time":"20180714003340","is_ascension_mode":false,"campfire_choices":[{"data":"Rampage","floor":6,"key":"SMITH"},{"floor":10,"key":"REST"},{"floor":13,"key":"REST"},{"data":"Apotheosis","floor":15,"key":"SMITH"},{"floor":23,"key":"REST"},{"data":"Barricade","floor":25,"key":"SMITH"}],"neow_cost":"NONE","seed_source_timestamp":269029802530363,"circlet_count":0,"master_deck":["Defend_R","Defend_R","Defend_R","Defend_R","Bash","Bludgeon","Rampage+1","Clash","Apotheosis+1","Metallicize","Barricade+1","Whirlwind+1","Double Tap"],"relics":["Burning Blood","Golden Idol","Bottled Lightning","Peace Pipe","White Beast Statue","Old Coin"],"potions_floor_usage":[22,24,24,24],"damage_taken":[{"damage":0,"enemies":"Small Slimes","floor":1,"turns":2},{"damage":0,"enemies":"Jaw Worm","floor":4,"turns":3},{"damage":31,"enemies":"3 Sentries","floor":11,"turns":10},{"damage":0,"enemies":"2 Louse","floor":14,"turns":2},{"damage":72,"enemies":"Hexaghost","floor":16,"turns":10},{"damage":36,"enemies":"2 Thieves","floor":18,"turns":4},{"damage":8,"enemies":"3 Byrds","floor":22,"turns":7},{"damage":18,"enemies":"Snake Plant","floor":24,"turns":5},{"damage":73,"enemies":"Slavers","floor":27,"turns":6}],"seed_played":"8556787288093197213","potions_obtained":[{"floor":1,"key":"EssenceOfSteel"},{"floor":14,"key":"SkillPotion"},{"floor":18,"key":"Regen Potion"},{"floor":22,"key":"PowerPotion"}],"is_trial":false,"path_per_floor":["M","?","?","M","?","R","?","?","T","R","E","$","R","M","R","B",null,"M","?","$","?","M","R","M","R","T"],"character_chosen":"IRONCLAD","items_purchased":["Apotheosis"],"campfire_rested":3,"item_purchase_floors":[12],"current_hp_per_floor":[80,80,80,80,60,60,60,49,49,73,48,48,72,78,78,12,80,50,50,50,50,60,80,68,68,68,0],"gold":506,"neow_bonus":"ONE_RANDOM_RARE_CARD","is_prod":false,"is_daily":false,"chose_seed":false,"campfire_upgraded":3,"win_rate":0,"timestamp":1531524820,"path_taken":["M","?","?","?","?","R","?","?","T","R","E","?","R","M","R","BOSS","M","?","$","?","M","R","M","R","T","E"],"build_version":"2018-07-12","purchased_purges":1,"victory":false,"max_hp_per_floor":[80,80,80,80,80,80,80,80,80,80,80,80,80,80,80,80,80,80,80,80,80,80,80,80,80,80,80],"card_choices":[{"not_picked":["Rupture","Body Slam"],"picked":"Rampage","floor":1},{"not_picked":["Sword Boomerang","Anger","Disarm"],"picked":"SKIP","floor":4},{"not_picked":["Heavy Blade","Seeing Red"],"picked":"Clash","floor":11},{"not_picked":["Clash","Intimidate"],"picked":"Metallicize","floor":14},{"not_picked":["Exhume","Bludgeon"],"picked":"Barricade","floor":16},{"not_picked":["Heavy Blade","Iron Wave"],"picked":"Whirlwind+1","floor":18},{"not_picked":["Havoc+1","Warcry","Thunderclap"],"picked":"SKIP","floor":22},{"not_picked":["Sever Soul+1","Perfected Strike"],"picked":"Double Tap","floor":24}],"player_experience":313756,"relics_obtained":[{"floor":9,"key":"Bottled Lightning"},{"floor":11,"key":"Peace Pipe"},{"floor":26,"key":"Old Coin"}],"event_choices":[{"event_name":"The Cleric","player_choice":"Card Removal","floor":2,"damage_taken":0},{"event_name":"Living Wall","player_choice":"Forget","floor":3,"damage_taken":0},{"event_name":"Golden Idol","player_choice":"Take Damage","floor":5,"damage_taken":0},{"event_name":"Purifier","player_choice":"One Purge","floor":7,"damage_taken":0},{"event_name":"World of Goop","player_choice":"Gather Gold","floor":8,"damage_taken":0},{"event_name":"Nest","player_choice":"Stole From Cult","floor":19,"damage_taken":0},{"event_name":"Purifier","player_choice":"One Purge","floor":21,"damage_taken":0}],"boss_relics":[{"not_picked":["Runic Pyramid","Runic Cube"],"picked":"White Beast Statue"}],"items_purged_floors":[20],"is_endless":false,"potions_floor_spawned":[1,14,18,22,24],"killed_by":"Slavers","ascension_level":0}