{"path_per_floor":["M","?","?","M","M","R","E","T","T","?","M","$","R","E","R","B",null,"M","?","$","?","$","R","M","M","T","M","M","M","R","M","R","B",null,"M","M","?","?","?","R","?","$","T","M","$","T","M","?","R"],"character_chosen":"IRONCLAD","items_purchased":["Flex","Juggernaut","Meat on the Bone","Pommel Strike","Bronze Scales"],"gold_per_floor":[116,116,116,128,139,139,170,247,247,247,265,102,102,130,130,231,231,245,245,36,36,16,16,30,40,67,83,94,114,114,133,133,231,231,247,262,262,262,262,262,262,202,252,265,61,61,79,79,79,79],"floor_reached":50,"campfire_rested":5,"playtime":3476,"current_hp_per_floor":[88,81,81,83,88,88,59,59,59,59,61,61,89,69,95,39,95,65,49,49,49,49,77,75,63,63,65,60,58,88,63,93,29,101,90,85,85,85,109,109,109,109,109,98,98,98,96,96,96,0],"items_purged":["Writhe","Strike_R"],"gold":79,"score":525,"play_id":"7978cb31-7e69-49f8-8976-da49987c568e","local_time":"20180522185125","is_prod":false,"is_daily":false,"chose_seed":false,"is_ascension_mode":false,"campfire_upgraded":3,"timestamp":1527011485,"campfire_choices":[{"data":"Pommel Strike","floor":6.0,"key":"SMITH"},{"floor":13.0,"key":"REST"},{"floor":15.0,"key":"REST"},{"floor":23.0,"key":"REST"},{"floor":30.0,"key":"REST"},{"floor":32.0,"key":"REST"},{"data":"Armaments","floor":40.0,"key":"SMITH"},{"data":"Rampage","floor":49,"key":"SMITH"}],"path_taken":["M","?","?","M","?","R","E","?","T","?","M","$","R","E","R","BOSS","M","?","?","?","$","R","M","M","T","M","M","M","R","?","R","BOSS","M","M","?","?","?","R","?","$","T","?","$","?","?","?","R","BOSS"],"build_version":"2018-05-17","seed_source_timestamp":0,"purchased_purges":2,"victory":false,"master_deck":["Strike_R+1","Strike_R+1","Defend_R","Defend_R","Defend_R","Defend_R","Bash","Thunderclap","Pommel Strike+1","Iron Wave","Flex","Juggernaut+1","Flex","Berserk+1","Clash","Pommel Strike","Metallicize+1","Dual Wield+1","Demon Form+1","Armaments+1","Rampage+1","Dramatic Entrance"],"max_hp_per_floor":[88,88,88,88,88,88,95,95,95,95,95,95,95,95,95,95,95,95,95,95,95,95,95,95,95,95,97,99,101,101,101,101,101,101,103,103,103,103,109,109,109,109,109,109,109,109,111,111,111,111],"relics":["Burning Blood","Strawberry","Frozen Egg 2","The Courier","Darkstone Periapt","Velvet Choker","Enchiridion","Meat on the Bone","Singing Bowl","Sozu","Whetstone","Bronze Scales","Boot"],"card_choices":[{"not_picked":["Battle Trance","Havoc"],"picked":"Thunderclap","floor":1.0},{"not_picked":["Wild Strike","Sword Boomerang","Blood for Blood"],"picked":"SKIP","floor":4.0},{"not_picked":["Wild Strike","Anger"],"picked":"Pommel Strike","floor":5.0},{"not_picked":["Shockwave","Fiend Fire","Sword Boomerang"],"picked":"SKIP","floor":7.0},{"not_picked":["Warcry","Pummel"],"picked":"Iron Wave","floor":11.0},{"not_picked":["Juggernaut+1","Corruption+1"],"picked":"Flex","floor":14.0},{"not_picked":["Exhume","Impervious"],"picked":"Berserk+1","floor":16.0},{"not_picked":["Sever Soul","Havoc"],"picked":"Clash","floor":18.0},{"not_picked":["Body Slam","Fire Breathing+1"],"picked":"Metallicize+1","floor":24.0},{"not_picked":["Flame Barrier+1","Sword Boomerang","Pommel Strike+1"],"picked":"SKIP","floor":25.0},{"not_picked":["Heavy Blade","Iron Wave","Thunderclap+1"],"picked":"Singing Bowl","floor":27.0},{"not_picked":["Iron Wave","Flex+1","Twin Strike"],"picked":"Singing Bowl","floor":28.0},{"not_picked":["True Grit","Bloodletting","Armaments"],"picked":"Singing Bowl","floor":29.0},{"not_picked":["True Grit","Iron Wave"],"picked":"Dual Wield+1","floor":31.0},{"not_picked":["Berserk+1","Limit Break"],"picked":"Demon Form+1","floor":33.0},{"not_picked":["Shrug It Off+1","Wild Strike+1","Thunderclap+1"],"picked":"Singing Bowl","floor":35.0},{"not_picked":["Havoc+1","Shrug It Off"],"picked":"Armaments","floor":36.0},{"not_picked":["Perfected Strike+1","Flex"],"picked":"Rampage","floor":44.0},{"not_picked":["Combust+1","Sword Boomerang","Headbutt"],"picked":"Singing Bowl","floor":47},{"not_picked":["Trip","Deep Breath"],"picked":"Dramatic Entrance","floor":48}],"player_experience":206840,"potions_floor_usage":[],"damage_taken":[{"damage":0.0,"enemies":"2 Louse","floor":1.0,"turns":2.0},{"damage":4.0,"enemies":"Small Slimes","floor":4.0,"turns":4.0},{"damage":1.0,"enemies":"Cultist","floor":5.0,"turns":3.0},{"damage":50.0,"enemies":"Lagavulin","floor":7.0,"turns":7.0},{"damage":13.0,"enemies":"Exordium Wildlife","floor":11.0,"turns":4.0},{"damage":26.0,"enemies":"3 Sentries","floor":14.0,"turns":8.0},{"damage":62.0,"enemies":"Slime Boss","floor":16.0,"turns":11.0},{"damage":36.0,"enemies":"3 Byrds","floor":18.0,"turns":6.0},{"damage":8.0,"enemies":"Chosen","floor":24.0,"turns":4.0},{"damage":30.0,"enemies":"Centurion and Healer","floor":25.0,"turns":6.0},{"damage":18.0,"enemies":"Cultist and Chosen","floor":27.0,"turns":6.0},{"damage":25.0,"enemies":"Snake Plant","floor":28.0,"turns":4.0},{"damage":22.0,"enemies":"Snecko","floor":29.0,"turns":5.0},{"damage":43.0,"enemies":"Cultist and Chosen","floor":31.0,"turns":7.0},{"damage":82.0,"enemies":"Automaton","floor":33.0,"turns":12.0},{"damage":19.0,"enemies":"3 Shapes","floor":35.0,"turns":6.0},{"damage":11.0,"enemies":"Orb Walker","floor":36.0,"turns":3.0},{"damage":17.0,"enemies":"Sphere and 2 Shapes","floor":44.0,"turns":6.0},{"damage":10,"enemies":"4 Shapes","floor":47,"turns":8},{"damage":100,"enemies":"Awakened One","floor":50,"turns":5}],"relics_obtained":[{"floor":7.0,"key":"Strawberry"},{"floor":8.0,"key":"Frozen Egg 2"},{"floor":9.0,"key":"The Courier"},{"floor":14.0,"key":"Darkstone Periapt"},{"floor":19.0,"key":"Enchiridion"},{"floor":26.0,"key":"Singing Bowl"},{"floor":43.0,"key":"Whetstone"},{"floor":46,"key":"Boot"}],"event_choices":[{"event_name":"Golden Wing","player_choice":"Card Removal","floor":2.0,"damage_taken":0.0},{"event_name":"Shining Light","player_choice":"Ignored","floor":3.0,"damage_taken":0.0},{"event_name":"Liars Game","player_choice":"disagreed","floor":10.0,"damage_taken":0.0},{"event_name":"Cursed Tome","player_choice":"Obtained Book","floor":19.0,"damage_taken":0.0},{"event_name":"Drug Dealer","player_choice":"Ignored","floor":21.0,"damage_taken":0.0},{"event_name":"Tomb of Lord Red Mask","player_choice":"Ignored","floor":38.0,"damage_taken":0.0},{"event_name":"Winding Halls","player_choice":"Writhe","floor":39.0,"damage_taken":0.0},{"event_name":"Mysterious Sphere","player_choice":"Ignore","floor":41.0,"damage_taken":0.0},{"event_name":"SensoryStone","player_choice":"Memory 1","floor":48,"damage_taken":0}],"boss_relics":[],"potions_floor_spawned":[1,4,7,24,28,31,33,36,47],"seed_played":"6358715016059118323","killed_by":"Awakened One","ascension_level":0,"potions_obtained":[{"floor":1.0,"key":"SpeedPotion"},{"floor":4.0,"key":"BloodPotion"},{"floor":7.0,"key":"Regen Potion"},{"floor":24.0,"key":"Dexterity Potion"},{"floor":28.0,"key":"Fire Potion"},{"floor":31.0,"key":"Fire Potion"},{"floor":33.0,"key":"SmokeBomb"}],"is_trial":false}