{"gold_per_floor":[112,112,112,13,13,13,34,34,34,34,48,48,48,71,71,199,199,222,246,3,3,22,22,43,43,43,43,43,62,62,103,103,232,232,250,125,186,36,49,49,49,74,151,151,373,388,431,431,431,431],"floor_reached":51,"playtime":3123,"items_purged":["Strike_R","Strike_R","Strike_R","Defend_R"],"score":725,"play_id":"1f8875d2-3844-45ac-9868-4a3c48b6ca68","local_time":"20190209221345","is_ascension_mode":true,"campfire_choices":[{"data":"Flex","floor":6.0,"key":"SMITH"},{"data":"Cleave","floor":8.0,"key":"SMITH"},{"data":"Cleave","floor":10.0,"key":"SMITH"},{"data":"Flex","floor":12.0,"key":"SMITH"},{"data":"Heavy Blade","floor":15.0,"key":"SMITH"},{"data":"Double Tap","floor":23,"key":"SMITH"},{"data":"Inflame","floor":25,"key":"SMITH"},{"data":"Bash","floor":27,"key":"SMITH"},{"data":"Seeing Red","floor":32,"key":"SMITH"},{"data":"Limit Break","floor":40,"key":"SMITH"},{"data":"Shame","floor":44,"key":"PURGE"},{"floor":49,"key":"REST"}],"neow_cost":"NONE","seed_source_timestamp":0,"circlet_count":0,"master_deck":["Defend_R","Defend_R","Bash+1","Flex+1","Cleave+1","Shrug It Off","Cleave+1","Flex+1","Heavy Blade+1","Double Tap+1","Inflame+1","Seeing Red+1","Limit Break+1","Dual Wield+1","Cleave+1","Ghostly Armor+1","True Grit+1","Writhe","Exhume"],"special_seed":0,"relics":["Burning Blood","Golden Idol","Thread and Needle","Runic Pyramid","Vajra","Pocketwatch","Gremlin Horn","Dream Catcher","Red Mask","Empty Cage","Peace Pipe","Singing Bowl","Mummified Hand"],"potions_floor_usage":[16,16,33,33,33,50],"damage_taken":[{"damage":2.0,"enemies":"Jaw Worm","floor":1.0,"turns":3.0},{"damage":3.0,"enemies":"2 Louse","floor":7.0,"turns":3.0},{"damage":2.0,"enemies":"Cultist","floor":11.0,"turns":3.0},{"damage":3.0,"enemies":"Large Slime","floor":14.0,"turns":4.0},{"damage":48,"enemies":"Hexaghost","floor":16,"turns":8},{"damage":18,"enemies":"Shell Parasite","floor":18,"turns":4},{"damage":8,"enemies":"Chosen","floor":19,"turns":3},{"damage":5,"enemies":"Centurion and Healer","floor":22,"turns":4},{"damage":0,"enemies":"3 Cultists","floor":24,"turns":3},{"damage":3,"enemies":"Chosen and Byrds","floor":29,"turns":3},{"damage":3,"enemies":"Masked Bandits","floor":31,"turns":2},{"damage":7,"enemies":"Collector","floor":33,"turns":3},{"damage":15,"enemies":"Orb Walker","floor":35,"turns":3},{"damage":40,"enemies":"2 Orb Walkers","floor":37,"turns":3},{"damage":0,"enemies":"3 Darklings","floor":39,"turns":2},{"damage":6,"enemies":"Maw","floor":42,"turns":5},{"damage":19,"enemies":"Spire Growth","floor":46,"turns":3},{"damage":1,"enemies":"Nemesis","floor":47,"turns":3},{"damage":39,"enemies":"Donu and Deca","floor":50,"turns":5}],"seed_played":"3429235639469615045","potions_obtained":[{"floor":11.0,"key":"PowerPotion"},{"floor":14.0,"key":"PowerPotion"},{"floor":16,"key":"LiquidBronze"},{"floor":19,"key":"EssenceOfSteel"},{"floor":22,"key":"SkillPotion"},{"floor":24,"key":"PowerPotion"},{"floor":29,"key":"EssenceOfSteel"},{"floor":33,"key":"Swift Potion"},{"floor":35,"key":"Block Potion"},{"floor":37,"key":"FearPotion"}],"is_trial":false,"path_per_floor":["M","?","?","$","$","R","M","R","T","R","M","R","$","M","R","B",null,"M","M","$","?","M","R","M","R","T","R","?","M","?","?","R","B",null,"M","$","?","$","M","R","?","M","T","R","?","M","E","?","R","B",null],"character_chosen":"IRONCLAD","items_purchased":["Shrug It Off","Vajra"],"campfire_rested":1,"item_purchase_floors":[4,20],"current_hp_per_floor":[80,74,74,74,74,74,74,74,74,74,74,74,74,74,74,32,74,62,60,60,60,61,61,67,67,67,67,67,70,70,73,73,72,74,65,65,31,31,37,37,37,37,37,37,37,24,29,48,70,37],"gold":431,"neow_bonus":"THREE_CARDS","is_prod":false,"is_daily":false,"chose_seed":false,"campfire_upgraded":10,"win_rate":0,"timestamp":1549779225,"path_taken":["M","?","?","?","$","R","M","R","T","R","M","R","$","M","R","BOSS","M","M","$","?","M","R","M","R","T","R","?","?","?","?","R","BOSS","M","$","?","$","M","R","?","?","T","R","?","M","E","?","R","BOSS"],"build_version":"2019-01-23","purchased_purges":4,"victory":true,"max_hp_per_floor":[80,74,74,74,74,74,74,74,74,74,74,74,74,74,74,74,74,74,74,74,74,74,74,74,74,74,74,74,74,74,74,74,74,74,74,74,74,74,74,74,74,74,74,74,74,74,74,74,74,74],"card_choices":[{"not_picked":["Reckless Charge","Perfected Strike"],"picked":"Flex","floor":0.0},{"not_picked":["Headbutt","Infernal Blade"],"picked":"Cleave","floor":1.0},{"not_picked":["Seeing Red","Blood for Blood"],"picked":"Cleave","floor":7.0},{"not_picked":["Uppercut","Sword Boomerang"],"picked":"Flex","floor":11.0},{"not_picked":["Ghostly Armor","Sever Soul"],"picked":"Heavy Blade","floor":14.0},{"not_picked":["Brutality","Dark Embrace"],"picked":"Double Tap","floor":16},{"not_picked":["Armaments","Clothesline"],"picked":"Inflame","floor":18},{"not_picked":["Sentinel","Entrench","Uppercut"],"picked":"SKIP","floor":19},{"not_picked":["Perfected Strike","Heavy Blade","Shrug It Off"],"picked":"SKIP","floor":22},{"not_picked":["Perfected Strike","Heavy Blade","Shrug It Off"],"picked":"SKIP","floor":22},{"not_picked":["Clash","Uppercut","Sword Boomerang"],"picked":"SKIP","floor":24},{"not_picked":["Headbutt","Pummel"],"picked":"Seeing Red","floor":29},{"not_picked":["Bludgeon","Dark Embrace"],"picked":"Limit Break","floor":33},{"not_picked":["Rampage","Shrug It Off"],"picked":"Dual Wield+1","floor":35},{"not_picked":["Twin Strike","Second Wind","True Grit"],"picked":"SKIP","floor":39},{"not_picked":["Sentinel","Shrug It Off","Clash+1"],"picked":"SKIP","floor":42},{"not_picked":["Uppercut+1","Sword Boomerang"],"picked":"Ghostly Armor+1","floor":46},{"not_picked":["Spot Weakness","Rupture"],"picked":"True Grit+1","floor":47},{"not_picked":["Havoc+1","Flex"],"picked":"Exhume","floor":49}],"player_experience":98228,"relics_obtained":[{"floor":9.0,"key":"Thread and Needle"},{"floor":26,"key":"Gremlin Horn"},{"floor":31,"key":"Red Mask"},{"floor":37,"key":"Peace Pipe"},{"floor":43,"key":"Singing Bowl"},{"floor":47,"key":"Mummified Hand"}],"event_choices":[{"damage_healed":0.0,"max_hp_gain":0.0,"max_hp_loss":6.0,"gold_gain":0.0,"event_name":"Golden Idol","player_choice":"Lose Max HP","floor":2.0,"gold_loss":0.0,"damage_taken":0.0,"relics_obtained":["Golden Idol"]},{"cards_removed":["Strike_R"],"damage_healed":0.0,"max_hp_gain":0.0,"max_hp_loss":0.0,"gold_gain":0.0,"event_name":"Living Wall","player_choice":"Forget","floor":3.0,"gold_loss":0.0,"damage_taken":0.0},{"damage_healed":0,"gold_gain":0,"player_choice":"Stole Relic","damage_taken":0,"relics_obtained":["Pocketwatch"],"max_hp_gain":0,"max_hp_loss":0,"event_name":"Addict","floor":21,"gold_loss":0,"cards_obtained":["Shame"]},{"damage_healed":0,"gold_gain":0,"player_choice":"Gave Potion","damage_taken":0,"relics_obtained":["Dream Catcher"],"max_hp_gain":0,"max_hp_loss":0,"event_name":"WeMeetAgain","floor":28,"gold_loss":0},{"damage_healed":0,"gold_gain":0,"player_choice":"Ignored","damage_taken":0,"max_hp_gain":0,"max_hp_loss":0,"event_name":"The Mausoleum","floor":30,"gold_loss":0},{"damage_healed":0,"gold_gain":0,"player_choice":"Fought Bandits","damage_taken":0,"max_hp_gain":0,"max_hp_loss":0,"event_name":"Masked Bandits","floor":31,"gold_loss":0},{"damage_healed":0,"gold_gain":0,"player_choice":"Fight","damage_taken":0,"max_hp_gain":0,"max_hp_loss":0,"event_name":"Mysterious Sphere","floor":37,"gold_loss":0},{"damage_healed":0,"gold_gain":0,"player_choice":"Copied","damage_taken":0,"max_hp_gain":0,"max_hp_loss":0,"event_name":"Duplicator","floor":41,"gold_loss":0,"cards_obtained":["Cleave"]},{"damage_healed":0,"gold_gain":222,"player_choice":"Wore Mask","damage_taken":0,"max_hp_gain":0,"max_hp_loss":0,"event_name":"Tomb of Lord Red Mask","floor":45,"gold_loss":0},{"damage_healed":19,"gold_gain":0,"player_choice":"Writhe","damage_taken":0,"max_hp_gain":0,"max_hp_loss":0,"event_name":"Winding Halls","floor":48,"gold_loss":0,"cards_obtained":["Writhe"]}],"is_beta":false,"boss_relics":[{"not_picked":["Runic Cube","Snecko Eye"],"picked":"Runic Pyramid"},{"not_picked":["Velvet Choker","Orrery"],"picked":"Empty Cage"}],"items_purged_floors":[4,20,36,38],"is_endless":false,"potions_floor_spawned":[11,14,16,19,22,24,29,33,35,37,46,47],"ascension_level":2}