{"gold_per_floor":[111,111,111,11,23,23,42,53,53,53,53,53,53,83,83,186,186,199,219,219,219,237,237],"floor_reached":23,"playtime":767,"items_purged":["Strike_R"],"score":255,"play_id":"6cbc492d-582a-42fa-a8dc-dd40c1993223","local_time":"20190304185501","is_ascension_mode":true,"campfire_choices":[{"data":"Body Slam","floor":6.0,"key":"SMITH"},{"data":"Barricade","floor":13.0,"key":"SMITH"},{"floor":15.0,"key":"REST"}],"neow_cost":"TEN_PERCENT_HP_LOSS","seed_source_timestamp":0,"circlet_count":0,"master_deck":["Strike_R","Strike_R","Defend_R","Defend_R+1","Defend_R","Defend_R","Bash","Barricade+1","Heavy Blade","Body Slam","Body Slam+1","Flex+1","Iron Wave","Cleave","Metallicize","Exhume","Ghostly Armor","Metallicize+1","RitualDagger","Iron Wave"],"special_seed":0,"relics":["Burning Blood","Pear","Boot","Centennial Puzzle","Pen Nib","Black Star"],"potions_floor_usage":[22],"damage_taken":[{"damage":6.0,"enemies":"Cultist","floor":1.0,"turns":3.0},{"damage":18.0,"enemies":"2 Louse","floor":5.0,"turns":4.0},{"damage":12.0,"enemies":"Jaw Worm","floor":7.0,"turns":2.0},{"damage":6.0,"enemies":"Looter","floor":8.0,"turns":2.0},{"damage":12.0,"enemies":"3 Sentries","floor":14.0,"turns":4.0},{"damage":24.0,"enemies":"Slime Boss","floor":16.0,"turns":6.0},{"damage":29.0,"enemies":"Chosen","floor":18.0,"turns":6.0},{"damage":6.0,"enemies":"3 Byrds","floor":19.0,"turns":6.0},{"damage":27,"enemies":"Snake Plant","floor":22,"turns":6},{"damage":53,"enemies":"Gremlin Leader","floor":23,"turns":2}],"seed_played":"2731746862556085604","potions_obtained":[{"floor":8.0,"key":"Regen Potion"},{"floor":18.0,"key":"SpeedPotion"}],"is_trial":false,"path_per_floor":["M","T","?","$","M","R","M","M","T","$","?","?","R","E","R","B",null,"M","M","?","?","M","E"],"character_chosen":"IRONCLAD","items_purchased":["Body Slam"],"campfire_rested":1,"item_purchase_floors":[4],"current_hp_per_floor":[72,82,82,82,70,70,64,64,64,64,48,41,41,47,71,53,75,52,52,46,73,52,0],"gold":237,"neow_bonus":"TRANSFORM_TWO_CARDS","is_prod":false,"is_daily":false,"chose_seed":false,"campfire_upgraded":2,"win_rate":0,"timestamp":1551754501,"path_taken":["M","?","?","$","M","R","M","M","T","?","?","?","R","E","R","BOSS","M","M","?","?","M","E"],"build_version":"2019-01-23","purchased_purges":1,"victory":false,"max_hp_per_floor":[72,82,82,82,82,82,82,82,82,82,82,82,82,82,82,82,82,82,82,82,82,82,82],"card_choices":[{"not_picked":["Pommel Strike","Thunderclap"],"picked":"Body Slam","floor":1.0},{"not_picked":["Havoc","Twin Strike"],"picked":"Flex","floor":5.0},{"not_picked":["Sentinel","Dropkick"],"picked":"Iron Wave","floor":7.0},{"not_picked":["Bloodletting","Burning Pact"],"picked":"Cleave","floor":8.0},{"not_picked":["Searing Blow","Fire Breathing"],"picked":"Metallicize","floor":14.0},{"not_picked":["Dark Embrace","Demon Form"],"picked":"Exhume","floor":16.0},{"not_picked":["Thunderclap","Clothesline"],"picked":"Ghostly Armor","floor":18.0},{"not_picked":["Rage+1","Anger"],"picked":"Metallicize+1","floor":19},{"not_picked":["Rupture","Perfected Strike"],"picked":"Iron Wave","floor":22}],"player_experience":272625,"relics_obtained":[{"floor":2.0,"key":"Pear"},{"floor":9.0,"key":"Boot"},{"floor":14.0,"key":"Pen Nib"}],"event_choices":[{"damage_healed":0.0,"max_hp_gain":0.0,"max_hp_loss":0.0,"gold_gain":0.0,"event_name":"Liars Game","player_choice":"Ignored","floor":3.0,"gold_loss":0.0,"damage_taken":0.0},{"damage_healed":0.0,"max_hp_gain":0.0,"max_hp_loss":0.0,"gold_gain":0.0,"event_name":"Shining Light","player_choice":"Entered Light","floor":11.0,"gold_loss":0.0,"damage_taken":16.0,"cards_upgraded":["Flex","Defend_R"]},{"damage_healed":0.0,"max_hp_gain":0.0,"max_hp_loss":0.0,"gold_gain":0.0,"event_name":"Scrap Ooze","player_choice":"Success","floor":12.0,"gold_loss":0.0,"damage_taken":7.0,"relics_obtained":["Centennial Puzzle"]},{"damage_healed":0,"gold_gain":0,"player_choice":"Joined the Cult","damage_taken":6,"max_hp_gain":0,"max_hp_loss":0,"event_name":"Nest","floor":20,"gold_loss":0,"cards_obtained":["RitualDagger"]},{"damage_healed":27,"gold_gain":0,"player_choice":"Heal","damage_taken":0,"max_hp_gain":0,"max_hp_loss":0,"event_name":"The Library","floor":21,"gold_loss":0}],"is_beta":false,"boss_relics":[{"not_picked":["Philosopher\u0027s Stone","Tiny House"],"picked":"Black Star"}],"items_purged_floors":[4],"is_endless":false,"potions_floor_spawned":[8,18],"killed_by":"Gremlin Leader","ascension_level":7}