{"gold_per_floor":[217,167,181,181,106,106,123,23,23,23,41,41,52,64,64,169,169,181,181,96,107,107,107,123,123,146,67,79,79,99,116,116,116],"floor_reached":33,"playtime":956,"items_purged":["Defend_R","Strike_R"],"score":336,"play_id":"f3153dc2-bfae-4541-9b24-50910c3d425d","local_time":"20190303121609","is_ascension_mode":true,"campfire_choices":[{"data":"Feed","floor":6,"key":"SMITH"},{"data":"Whirlwind","floor":10,"key":"SMITH"},{"data":"Thunderclap","floor":15,"key":"SMITH"},{"data":"RitualDagger","floor":23,"key":"SMITH"},{"floor":25,"key":"REST"},{"data":"Seeing Red","floor":29,"key":"SMITH"},{"floor":32,"key":"REST"}],"neow_cost":"NONE","seed_source_timestamp":55968338069600,"circlet_count":0,"master_deck":["Strike_R","Strike_R","Defend_R","Defend_R","Defend_R","Bash","Thunderclap+1","Feed+1","Whirlwind+1","Seeing Red+1","Shrug It Off","Dropkick","RitualDagger+1","Shrug It Off+1","Fire Breathing+1"],"relics":["Burning Blood","Boot","Sozu","Self Forming Clay","Art of War","Matryoshka"],"potions_floor_usage":[16,16],"damage_taken":[{"damage":9,"enemies":"Small Slimes","floor":1,"turns":4},{"damage":6,"enemies":"Cultist","floor":3,"turns":3},{"damage":1,"enemies":"2 Louse","floor":7,"turns":2},{"damage":11,"enemies":"Looter","floor":11,"turns":4},{"damage":10,"enemies":"2 Fungi Beasts","floor":13,"turns":3},{"damage":1,"enemies":"Red Slaver","floor":14,"turns":3},{"damage":49,"enemies":"Slime Boss","floor":16,"turns":9},{"damage":28,"enemies":"Spheric Guardian","floor":18,"turns":4},{"damage":2,"enemies":"Chosen","floor":21,"turns":3},{"damage":31,"enemies":"Centurion and Healer","floor":24,"turns":4},{"damage":13,"enemies":"3 Cultists","floor":28,"turns":4},{"damage":25,"enemies":"Shelled Parasite and Fungi","floor":30,"turns":3},{"damage":14,"enemies":"Centurion and Healer","floor":31,"turns":3},{"damage":97,"enemies":"Champ","floor":33,"turns":10}],"seed_played":"-5414679126527070867","potions_obtained":[{"floor":1,"key":"Block Potion"},{"floor":3,"key":"Explosive Potion"}],"is_trial":false,"path_per_floor":["M","?","M","?","$","R","M","$","T","R","M","?","M","M","R","B",null,"M","?","?","M","$","R","M","R","T","?","M","R","M","M","R","B"],"character_chosen":"IRONCLAD","items_purchased":[],"campfire_rested":2,"item_purchase_floors":[],"current_hp_per_floor":[69,69,69,69,69,69,78,78,78,78,77,77,77,82,82,39,79,61,55,55,59,59,59,38,68,68,68,65,65,46,42,74,0],"gold":116,"neow_bonus":"HUNDRED_GOLD","is_prod":false,"is_daily":false,"chose_seed":false,"campfire_upgraded":5,"win_rate":0,"timestamp":1551644169,"path_taken":["M","?","M","?","$","R","M","$","T","R","M","?","?","M","R","BOSS","M","?","?","M","$","R","M","R","T","?","M","R","M","?","R","BOSS"],"build_version":"2019-01-23","purchased_purges":2,"victory":false,"max_hp_per_floor":[80,80,80,80,80,80,84,84,84,84,88,88,92,92,92,92,92,96,96,96,96,96,96,100,100,100,100,104,104,104,108,108,108],"card_choices":[{"not_picked":["Corruption","Clash"],"picked":"Thunderclap","floor":1},{"not_picked":["Havoc","Clash"],"picked":"Feed","floor":3},{"not_picked":["Metallicize","Heavy Blade"],"picked":"Whirlwind","floor":7},{"not_picked":["Power Through","Clothesline"],"picked":"Seeing Red","floor":11},{"not_picked":["Armaments","Havoc"],"picked":"Shrug It Off","floor":13},{"not_picked":["Reckless Charge","Anger","Warcry"],"picked":"SKIP","floor":14},{"not_picked":["Spot Weakness","True Grit"],"picked":"Dropkick","floor":18},{"not_picked":["Bloodletting","Twin Strike+1","Wild Strike+1"],"picked":"SKIP","floor":21},{"not_picked":["Iron Wave","Wild Strike","Sword Boomerang+1"],"picked":"SKIP","floor":24},{"not_picked":["Iron Wave","Dual Wield","Armaments"],"picked":"SKIP","floor":28},{"not_picked":["Wild Strike","Anger"],"picked":"Shrug It Off+1","floor":30},{"not_picked":["Warcry","Flex"],"picked":"Fire Breathing+1","floor":31}],"player_experience":237086,"relics_obtained":[{"floor":9,"key":"Boot"},{"floor":26,"key":"Art of War"}],"event_choices":[{"cards_removed":["Strike_R"],"damage_healed":0,"gold_gain":0,"player_choice":"Card Removal","damage_taken":0,"max_hp_gain":0,"max_hp_loss":0,"event_name":"The Cleric","floor":2,"gold_loss":50},{"cards_removed":["Strike_R"],"damage_healed":0,"gold_gain":0,"player_choice":"Forget","damage_taken":0,"max_hp_gain":0,"max_hp_loss":0,"event_name":"Living Wall","floor":4,"gold_loss":0},{"damage_healed":0,"gold_gain":0,"player_choice":"0 cards matched","damage_taken":0,"max_hp_gain":0,"max_hp_loss":0,"event_name":"Match and Keep!","floor":12,"gold_loss":0,"cards_obtained":[]},{"damage_healed":0,"gold_gain":0,"player_choice":"Joined the Cult","damage_taken":6,"max_hp_gain":0,"max_hp_loss":0,"event_name":"Nest","floor":19,"gold_loss":0,"cards_obtained":["RitualDagger"]},{"damage_healed":0,"gold_gain":0,"player_choice":"Obtained Relic","damage_taken":0,"relics_obtained":["Self Forming Clay"],"max_hp_gain":0,"max_hp_loss":0,"event_name":"Addict","floor":20,"gold_loss":85},{"damage_healed":0,"gold_gain":0,"player_choice":"Paid Gold","damage_taken":0,"relics_obtained":["Matryoshka"],"max_hp_gain":0,"max_hp_loss":0,"event_name":"WeMeetAgain","floor":27,"gold_loss":79}],"is_beta":false,"boss_relics":[{"not_picked":["Runic Dome","Astrolabe"],"picked":"Sozu"}],"items_purged_floors":[5,8],"is_endless":false,"potions_floor_spawned":[1,3,18,21,28],"killed_by":"Champ","ascension_level":6}