{"gold_per_floor":[119,136,152,152,152,186,206,206,206,206,381,396,69,82,82,177,177,190,180,180,25,44,44,71,71,71,71,89,89,188,188,188,290,290,309,309],"floor_reached":36,"playtime":2854,"items_purged":["Doubt"],"score":579,"play_id":"071170ce-a6c5-4bde-b1d5-cf8e00e1ec94","local_time":"20181111194700","is_ascension_mode":true,"campfire_choices":[{"floor":8.0,"key":"REST"},{"floor":10.0,"key":"REST"},{"data":"Neutralize","floor":15.0,"key":"SMITH"},{"floor":23.0,"key":"REST"},{"floor":27.0,"key":"REST"},{"data":"After Image","floor":32,"key":"SMITH"}],"neow_cost":"NONE","seed_source_timestamp":0,"circlet_count":0,"master_deck":["Defend_G","Defend_G+1","Defend_G+1","Defend_G","Defend_G","Survivor","Neutralize+1","Slice","Sucker Punch","Footwork","Dash","Dagger Spray","All Out Attack+1","Deflect","After Image+1","Blade Dance","Noxious Fumes+1","Pain","Caltrops+1","Bite+1","Bite+1","Bite+1","Bite+1","Bite+1","Envenom","Endless Agony+1"],"special_seed":0,"relics":["Ring of the Snake","Ancient Tea Set","War Paint","Molten Egg 2","Kunai","Cursed Key","FaceOfCleric","Bronze Scales","Girya","Unceasing Top","WristBlade"],"potions_floor_usage":[33,33,35],"damage_taken":[{"damage":6.0,"enemies":"Jaw Worm","floor":1.0,"turns":9.0},{"damage":0.0,"enemies":"Small Slimes","floor":2.0,"turns":3.0},{"damage":0.0,"enemies":"Cultist","floor":3.0,"turns":3.0},{"damage":32.0,"enemies":"3 Sentries","floor":6.0,"turns":15.0},{"damage":12.0,"enemies":"Exordium Thugs","floor":7.0,"turns":6.0},{"damage":0.0,"enemies":"3 Louse","floor":12.0,"turns":2.0},{"damage":0.0,"enemies":"Looter","floor":14.0,"turns":3.0},{"damage":15.0,"enemies":"The Guardian","floor":16.0,"turns":16.0},{"damage":6.0,"enemies":"Shell Parasite","floor":18.0,"turns":7.0},{"damage":10.0,"enemies":"2 Thieves","floor":19.0,"turns":4.0},{"damage":15.0,"enemies":"Snecko","floor":22.0,"turns":7.0},{"damage":22.0,"enemies":"Book of Stabbing","floor":24.0,"turns":6.0},{"damage":8.0,"enemies":"Snake Plant","floor":28.0,"turns":5.0},{"damage":22,"enemies":"Collector","floor":33,"turns":10},{"damage":7,"enemies":"3 Shapes","floor":35,"turns":5},{"damage":64,"enemies":"2 Orb Walkers","floor":36,"turns":3}],"seed_played":"-4088421070818999851","potions_obtained":[{"floor":2.0,"key":"GamblersBrew"},{"floor":6.0,"key":"GhostInAJar"},{"floor":12.0,"key":"LiquidBronze"},{"floor":24.0,"key":"PowerPotion"},{"floor":28.0,"key":"GhostInAJar"}],"is_trial":false,"path_per_floor":["M","M","M","?","?","E","M","R","T","R","?","M","$","M","R","B",null,"M","M","?","$","M","R","E","?","T","R","M","$","?","?","R","B",null,"M","?"],"character_chosen":"THE_SILENT","items_purchased":["Kunai","Bronze Scales"],"campfire_rested":4,"item_purchase_floors":[13,21],"current_hp_per_floor":[57,57,57,62,62,30,18,40,40,62,62,62,62,62,62,47,68,62,52,52,52,38,60,39,39,39,62,55,55,55,54,54,54,55,55,0],"gold":309,"neow_bonus":"RANDOM_COMMON_RELIC","is_prod":false,"is_daily":false,"chose_seed":false,"campfire_upgraded":2,"win_rate":0,"timestamp":1541965620,"path_taken":["M","M","M","?","?","E","M","R","T","R","?","M","$","M","R","BOSS","M","M","?","?","?","R","E","?","T","R","M","$","?","?","R","BOSS","M","?"],"build_version":"2018-11-08","purchased_purges":1,"victory":false,"max_hp_per_floor":[70,70,70,75,75,75,75,75,75,75,75,75,75,75,75,75,75,75,75,75,75,76,76,77,77,77,77,78,78,78,54,54,55,55,56,56],"card_choices":[{"not_picked":["Blade Dance","Bane"],"picked":"Slice","floor":1.0},{"not_picked":["Bane","Deadly Poison"],"picked":"Sucker Punch","floor":2.0},{"not_picked":["Leg Sweep","Slice"],"picked":"Footwork","floor":3.0},{"not_picked":["Endless Agony","Well Laid Plans"],"picked":"Dash","floor":6.0},{"not_picked":["Deadly Poison","Underhanded Strike"],"picked":"Dagger Spray","floor":7.0},{"not_picked":["Dagger Throw+1","Catalyst"],"picked":"All Out Attack+1","floor":12.0},{"not_picked":["All Out Attack+1","Underhanded Strike+1"],"picked":"Deflect","floor":14.0},{"not_picked":["Grand Finale+1","Burst"],"picked":"After Image","floor":16.0},{"not_picked":["Outmaneuver","Choke+1","Tactician"],"picked":"SKIP","floor":18.0},{"not_picked":["Acrobatics","Concentrate","Setup"],"picked":"SKIP","floor":19.0},{"not_picked":["Flying Knee+1","Deadly Poison"],"picked":"Blade Dance","floor":22.0},{"not_picked":["Predator+1","Acrobatics+1"],"picked":"Noxious Fumes+1","floor":24.0},{"not_picked":["Dodge and Roll","Flying Knee+1"],"picked":"Caltrops+1","floor":28.0},{"not_picked":["Die Die Die+1","Phantasmal Killer"],"picked":"Envenom","floor":33},{"not_picked":["Bouncing Flask","Underhanded Strike+1"],"picked":"Endless Agony+1","floor":35}],"player_experience":814172,"relics_obtained":[{"floor":6.0,"key":"War Paint"},{"floor":9.0,"key":"Molten Egg 2"},{"floor":24.0,"key":"Girya"},{"floor":26.0,"key":"Unceasing Top"}],"event_choices":[{"damage_healed":0.0,"max_hp_gain":5.0,"max_hp_loss":0.0,"gold_gain":0.0,"event_name":"Big Fish","player_choice":"Donut","floor":4.0,"gold_loss":0.0,"damage_taken":0.0},{"damage_healed":0.0,"max_hp_gain":0.0,"max_hp_loss":0.0,"gold_gain":0.0,"event_name":"Golden Wing","player_choice":"Ignored","floor":5.0,"gold_loss":0.0,"damage_taken":0.0},{"damage_healed":0.0,"max_hp_gain":0.0,"max_hp_loss":0.0,"gold_gain":175.0,"event_name":"Liars Game","player_choice":"AGREE","floor":11.0,"gold_loss":0.0,"damage_taken":0.0,"cards_obtained":["Doubt"]},{"damage_healed":0.0,"max_hp_gain":0.0,"max_hp_loss":0.0,"gold_gain":0.0,"event_name":"FaceTrader","player_choice":"Trade","floor":20.0,"gold_loss":0.0,"damage_taken":0.0,"relics_obtained":["FaceOfCleric"]},{"damage_healed":0.0,"max_hp_gain":0.0,"max_hp_loss":0.0,"gold_gain":0.0,"event_name":"Beggar","player_choice":"Ignored","floor":25.0,"gold_loss":0.0,"damage_taken":0.0},{"damage_healed":0.0,"max_hp_gain":0.0,"max_hp_loss":0.0,"gold_gain":99.0,"event_name":"Nest","player_choice":"Stole From Cult","floor":30.0,"gold_loss":0.0,"damage_taken":0.0},{"damage_healed":0.0,"max_hp_gain":0.0,"max_hp_loss":24.0,"gold_gain":0.0,"event_name":"Vampires","player_choice":"Became a vampire","floor":31.0,"gold_loss":0.0,"damage_taken":0.0,"cards_obtained":["Bite","Bite","Bite","Bite","Bite"]},{"damage_healed":0,"gold_gain":0,"player_choice":"Fight","damage_taken":0,"max_hp_gain":0,"max_hp_loss":0,"event_name":"Mysterious Sphere","floor":36,"gold_loss":0}],"is_beta":false,"boss_relics":[{"not_picked":["White Beast Statue","Black Star"],"picked":"Cursed Key"},{"not_picked":["Velvet Choker","Runic Dome"],"picked":"WristBlade"}],"items_purged_floors":[13],"is_endless":false,"potions_floor_spawned":[2,6,12,16,18,19,24,28],"killed_by":"2 Orb Walkers","ascension_level":9}