{"gold_per_floor":[118,118,129,144,164,164,197,197,248,248,248,261,211,84,84,84],"floor_reached":16,"playtime":578,"items_purged":["Defend_G"],"score":150,"play_id":"dcbceda8-39c6-4d41-a158-39feb3b84572","local_time":"20190726205857","is_ascension_mode":true,"campfire_choices":[{"data":"Dodge and Roll","floor":6.0,"key":"SMITH"},{"data":"Caltrops","floor":8.0,"key":"SMITH"},{"data":"Dodge and Roll","floor":11.0,"key":"SMITH"},{"floor":15.0,"key":"REST"}],"neow_cost":"NONE","seed_source_timestamp":0,"circlet_count":0,"master_deck":["AscendersBane","Strike_G","Strike_G","Strike_G","Strike_G","Strike_G","Defend_G","Defend_G","Defend_G","Survivor","Neutralize+1","Dodge and Roll+1","Backflip","Dodge and Roll+1","Blur","Escape Plan","Caltrops+1","Neutralize"],"special_seed":0,"relics":["Ring of the Snake","Pear","Regal Pillow"],"potions_floor_usage":[],"damage_taken":[{"damage":3.0,"enemies":"Small Slimes","floor":1.0,"turns":6.0},{"damage":0.0,"enemies":"Cultist","floor":3.0,"turns":5.0},{"damage":0.0,"enemies":"Jaw Worm","floor":4.0,"turns":9.0},{"damage":0.0,"enemies":"Red Slaver","floor":5.0,"turns":12.0},{"damage":40.0,"enemies":"Lagavulin","floor":7.0,"turns":17.0},{"damage":6.0,"enemies":"3 Louse","floor":12.0,"turns":5.0},{"damage":0,"enemies":"Slime Boss","floor":16,"turns":1}],"seed_played":"-2667525754916192305","potions_obtained":[{"floor":5.0,"key":"LiquidBronze"}],"is_trial":false,"path_per_floor":["M","?","M","M","M","R","E","R","T","?","R","M","?","$","R","B"],"character_chosen":"THE_SILENT","items_purchased":["Dexterity Potion"],"campfire_rested":1,"item_purchase_floors":[14],"current_hp_per_floor":[60,60,60,60,60,60,30,30,30,30,30,24,24,24,63,63],"gold":84,"neow_bonus":"THREE_CARDS","is_prod":false,"is_daily":false,"chose_seed":false,"campfire_upgraded":3,"win_rate":0,"timestamp":1564199937,"path_taken":["M","?","?","M","?","R","E","R","T","?","R","?","?","?","R","BOSS"],"build_version":"2019-07-17","purchased_purges":1,"victory":false,"max_hp_per_floor":[70,70,70,70,70,70,80,80,80,80,80,80,80,80,80,80],"card_choices":[{"not_picked":["Deflect","Blade Dance"],"picked":"Dodge and Roll","floor":0.0},{"not_picked":["Acrobatics","Poisoned Stab"],"picked":"Backflip","floor":1.0},{"not_picked":["Concentrate","Crippling Poison"],"picked":"Dodge and Roll","floor":3.0},{"not_picked":["Skewer","Dagger Spray"],"picked":"Blur","floor":4.0},{"not_picked":["Cloak And Dagger","Slice"],"picked":"Escape Plan","floor":5.0},{"not_picked":["Malaise","PiercingWail"],"picked":"Caltrops","floor":7.0},{"not_picked":["Riddle With Holes","Dagger Spray","Dash"],"picked":"SKIP","floor":12.0}],"player_experience":470684,"relics_obtained":[{"floor":7.0,"key":"Pear"},{"floor":9.0,"key":"Regal Pillow"}],"event_choices":[{"damage_healed":0.0,"max_hp_gain":0.0,"max_hp_loss":0.0,"gold_gain":0.0,"event_name":"Accursed Blacksmith","player_choice":"Forge","floor":2.0,"gold_loss":0.0,"damage_taken":0.0,"cards_upgraded":["Neutralize"]},{"damage_healed":0.0,"max_hp_gain":0.0,"max_hp_loss":0.0,"gold_gain":0.0,"event_name":"Match and Keep!","player_choice":"1 cards matched","floor":10.0,"gold_loss":0.0,"damage_taken":0.0,"cards_obtained":["Neutralize"]},{"cards_removed":["Defend_G"],"damage_healed":0.0,"max_hp_gain":0.0,"max_hp_loss":0.0,"gold_gain":0.0,"event_name":"The Cleric","player_choice":"Card Removal","floor":13.0,"gold_loss":50.0,"damage_taken":0.0}],"is_beta":false,"boss_relics":[],"items_purged_floors":[14],"is_endless":false,"potions_floor_spawned":[5],"killed_by":"Slime Boss","ascension_level":10}