{"gold_per_floor":[117,133,98,23,23,23,54,73,73,43,43,55,66,66,66,169,169,182,182,193,193,193,46,46,64,87,12,112,112],"floor_reached":29,"playtime":1643,"items_purged":["Pain"],"score":320,"play_id":"d19a5e7c-24cf-48cf-809e-dab1f5207f67","local_time":"20181109233925","is_ascension_mode":true,"campfire_choices":[{"data":"Dagger Throw","floor":6,"key":"SMITH"},{"data":"A Thousand Cuts","floor":11,"key":"SMITH"},{"floor":15,"key":"REST"}],"neow_cost":"NONE","seed_source_timestamp":3112969971774,"circlet_count":0,"master_deck":["Defend_G+1","Defend_G+1","Defend_G+1","Defend_G+1","Defend_G+1","Strike_G+1","Strike_G+1","Strike_G+1","Strike_G+1","Strike_G+1","Survivor+1","Neutralize+1","All Out Attack","Noxious Fumes","Deflect+1","Dagger Throw+1","A Thousand Cuts+1","Finisher+1","Accuracy","Slice+1","Malaise+1","Skewer+1","Distraction+1"],"relics":["Ring of the Snake","Molten Egg 2","Toxic Egg 2","Cursed Key","MutagenicStrength","Boot","War Paint"],"potions_floor_usage":[16,22,29],"damage_taken":[{"damage":0,"enemies":"2 Louse","floor":1,"turns":3},{"damage":5,"enemies":"Small Slimes","floor":2,"turns":4},{"damage":16,"enemies":"3 Sentries","floor":7,"turns":6},{"damage":2,"enemies":"Jaw Worm","floor":8,"turns":5},{"damage":1,"enemies":"Looter","floor":12,"turns":4},{"damage":7,"enemies":"2 Fungi Beasts","floor":13,"turns":4},{"damage":10,"enemies":"Slime Boss","floor":16,"turns":8},{"damage":16,"enemies":"Spheric Guardian","floor":18,"turns":4},{"damage":13,"enemies":"2 Thieves","floor":20,"turns":4},{"damage":23,"enemies":"Colosseum Slavers","floor":22,"turns":4},{"damage":6,"enemies":"Snake Plant","floor":25,"turns":4},{"damage":14,"enemies":"Slavers","floor":29,"turns":1}],"seed_played":"6946994197527697559","potions_obtained":[{"floor":7,"key":"SpeedPotion"},{"floor":8,"key":"GamblersBrew"},{"floor":12,"key":"PowerPotion"},{"floor":13,"key":"PowerPotion"},{"floor":18,"key":"SpeedPotion"}],"is_trial":false,"path_per_floor":["M","M","?","$","?","R","E","M","T","?","R","M","M","?","R","B",null,"M","?","M","$","?","$","?","M","T","$","?","E"],"character_chosen":"THE_SILENT","items_purchased":["Deflect","Dagger Throw","Boot"],"campfire_rested":1,"item_purchase_floors":[4,4,23],"current_hp_per_floor":[63,58,70,70,70,70,54,52,52,52,52,51,44,44,65,55,66,50,50,37,37,14,14,14,8,8,8,8,0],"gold":112,"neow_bonus":"UPGRADE_CARD","is_prod":false,"is_daily":false,"chose_seed":false,"campfire_upgraded":2,"win_rate":0,"timestamp":1541806765,"path_taken":["M","M","?","$","?","R","E","M","T","?","R","?","M","?","R","BOSS","M","?","M","$","?","$","?","?","T","$","?","E"],"build_version":"2018-11-08","purchased_purges":1,"victory":false,"max_hp_per_floor":[70,70,70,70,70,70,70,70,70,70,70,70,70,70,70,70,70,70,70,70,70,70,70,70,70,70,70,70,70],"card_choices":[{"not_picked":["Bane","Prepared"],"picked":"All Out Attack","floor":1},{"not_picked":["Bane","Quick Slash"],"picked":"Noxious Fumes","floor":2},{"not_picked":["Masterful Stab","Dodge and Roll"],"picked":"A Thousand Cuts","floor":7},{"not_picked":["Setup","Reflex"],"picked":"Finisher+1","floor":8},{"not_picked":["Poisoned Stab+1","Quick Slash+1"],"picked":"Accuracy","floor":12},{"not_picked":["Quick Slash+1","Riddle With Holes+1"],"picked":"Slice+1","floor":13},{"not_picked":["Unload+1","Adrenaline+1"],"picked":"Malaise+1","floor":16},{"not_picked":["Dagger Spray+1","Underhanded Strike+1"],"picked":"Skewer+1","floor":18},{"not_picked":["Tactician+1","Choke+1"],"picked":"Distraction+1","floor":20},{"not_picked":["Setup+1","Choke+1","Poisoned Stab+1"],"picked":"SKIP","floor":25}],"player_experience":806558,"relics_obtained":[{"floor":7,"key":"Molten Egg 2"},{"floor":9,"key":"Toxic Egg 2"},{"floor":26,"key":"War Paint"}],"event_choices":[{"damage_healed":17,"gold_gain":0,"player_choice":"Healed","damage_taken":0,"max_hp_gain":0,"max_hp_loss":0,"event_name":"The Cleric","floor":3,"gold_loss":35},{"damage_healed":0,"gold_gain":0,"player_choice":"Ignored","damage_taken":0,"max_hp_gain":0,"max_hp_loss":0,"event_name":"Golden Idol","floor":5,"gold_loss":0},{"damage_healed":0,"gold_gain":0,"player_choice":"Left Gold","damage_taken":0,"max_hp_gain":0,"max_hp_loss":0,"event_name":"World of Goop","floor":10,"gold_loss":30},{"damage_healed":0,"gold_gain":0,"player_choice":"Grow","damage_taken":0,"max_hp_gain":0,"max_hp_loss":0,"event_name":"Living Wall","floor":14,"gold_loss":0,"cards_upgraded":["Survivor"]},{"damage_healed":0,"gold_gain":0,"player_choice":"Inject Mutagens","damage_taken":0,"relics_obtained":["MutagenicStrength"],"max_hp_gain":0,"max_hp_loss":0,"event_name":"Drug Dealer","floor":19,"gold_loss":0},{"damage_healed":0,"gold_gain":0,"player_choice":"Fight","damage_taken":0,"max_hp_gain":0,"max_hp_loss":0,"event_name":"Colosseum","floor":22,"gold_loss":0},{"damage_healed":0,"gold_gain":0,"player_choice":"Fled From Nobs","damage_taken":0,"max_hp_gain":0,"max_hp_loss":0,"event_name":"Colosseum","floor":22,"gold_loss":0},{"damage_healed":0,"gold_gain":0,"player_choice":"Simplicity","damage_taken":0,"max_hp_gain":0,"max_hp_loss":0,"event_name":"Back to Basics","floor":24,"gold_loss":0,"cards_upgraded":["Defend_G","Defend_G","Defend_G","Defend_G","Defend_G","Strike_G","Strike_G","Strike_G","Strike_G","Strike_G"]},{"damage_healed":0,"gold_gain":100,"player_choice":"Pray","damage_taken":0,"max_hp_gain":0,"max_hp_loss":0,"event_name":"Golden Shrine","floor":28,"gold_loss":0}],"is_beta":false,"boss_relics":[{"not_picked":["Tiny House","Eternal Feather"],"picked":"Cursed Key"}],"items_purged_floors":[27],"is_endless":false,"potions_floor_spawned":[7,8,12,13,18],"killed_by":"Slavers","ascension_level":9}