{"gold_per_floor":[118,130,305,194,194,194,207,227,227,227,247,78,78,78,78,181,181,195,195,195,195,211,211,86,106,174,24,35,94,94,94,94,193,193,210,35,45,6,24,24,24],"floor_reached":41,"playtime":3143,"items_purged":["Doubt","Strike_G","Strike_G","Pain","Strike_G"],"score":470,"play_id":"130c8b90-c05b-47b2-8eaa-82728d533f47","local_time":"20190209100029","is_ascension_mode":true,"campfire_choices":[{"data":"Blur","floor":6,"key":"SMITH"},{"data":"Neutralize","floor":10,"key":"SMITH"},{"data":"Footwork","floor":15,"key":"SMITH"},{"data":"Glass Knife","floor":23,"key":"SMITH"},{"data":"Dagger Spray","floor":30,"key":"SMITH"},{"data":"Dagger Spray","floor":32,"key":"SMITH"},{"data":"All Out Attack","floor":40,"key":"SMITH"}],"neow_cost":"NONE","seed_source_timestamp":1364729497700,"circlet_count":0,"master_deck":["Defend_G","Defend_G","Defend_G","Defend_G","Defend_G","Survivor","Neutralize+1","Dagger Throw","Flechettes","Blur+1","Dagger Spray+1","Dagger Spray+1","Footwork+1","Glass Knife+1","Backflip+1","Crippling Poison+1","Bullet Time","Heel Hook","Well Laid Plans+1","All Out Attack+1"],"relics":["Ring of the Serpent","Darkstone Periapt","Cursed Key","Paper Crane","Tiny Chest"],"potions_floor_usage":[16,16,33,33,37],"damage_taken":[{"damage":0,"enemies":"2 Louse","floor":1,"turns":3},{"damage":0,"enemies":"Jaw Worm","floor":2,"turns":4},{"damage":0,"enemies":"Cultist","floor":7,"turns":4},{"damage":8,"enemies":"Exordium Wildlife","floor":8,"turns":12},{"damage":0,"enemies":"2 Fungi Beasts","floor":11,"turns":3},{"damage":28,"enemies":"Slime Boss","floor":16,"turns":14},{"damage":0,"enemies":"Shell Parasite","floor":18,"turns":7},{"damage":3,"enemies":"Chosen","floor":22,"turns":5},{"damage":1,"enemies":"3 Cultists","floor":25,"turns":6},{"damage":0,"enemies":"Centurion and Healer","floor":28,"turns":6},{"damage":0,"enemies":"Gremlin Leader","floor":29,"turns":6},{"damage":58,"enemies":"Champ","floor":33,"turns":36},{"damage":18,"enemies":"3 Shapes","floor":35,"turns":5},{"damage":7,"enemies":"3 Darklings","floor":37,"turns":4},{"damage":1,"enemies":"4 Shapes","floor":39,"turns":4},{"damage":61,"enemies":"Nemesis","floor":41,"turns":10}],"seed_played":"5214166751142401012","potions_obtained":[{"floor":5,"key":"GhostInAJar"},{"floor":5,"key":"SkillPotion"},{"floor":5,"key":"Energy Potion"},{"floor":7,"key":"EssenceOfSteel"},{"floor":11,"key":"PowerPotion"},{"floor":22,"key":"SneckoOil"},{"floor":29,"key":"Ancient Potion"},{"floor":33,"key":"Block Potion"},{"floor":35,"key":"Explosive Potion"}],"is_trial":false,"path_per_floor":["M","M","?","$","?","R","M","M","T","R","M","$","?","?","R","B",null,"M","?","?","?","M","R","$","M","T","$","M","E","R","$","R","B",null,"M","$","M","$","M","R","E"],"character_chosen":"THE_SILENT","items_purchased":["Blur","Footwork","All Out Attack"],"campfire_rested":0,"item_purchase_floors":[4,12,38],"current_hp_per_floor":[70,70,70,70,70,70,70,62,62,62,62,62,62,67,67,39,75,75,75,61,61,58,58,58,57,63,63,63,63,63,63,63,5,86,68,68,61,61,60,60,0],"gold":24,"neow_bonus":"REMOVE_CARD","is_prod":false,"is_daily":false,"chose_seed":false,"campfire_upgraded":7,"win_rate":0,"timestamp":1549735229,"path_taken":["M","M","?","$","?","R","?","M","T","R","M","$","?","?","R","BOSS","M","?","?","?","M","R","$","M","T","$","M","E","R","$","R","BOSS","M","$","M","$","M","R","E"],"build_version":"2019-01-23","purchased_purges":5,"victory":false,"max_hp_per_floor":[70,70,70,70,70,70,70,70,70,70,70,70,70,75,75,75,75,75,75,80,80,80,80,80,80,86,86,86,86,86,86,86,86,86,86,86,86,86,86,86,86],"card_choices":[{"not_picked":["Slice","PiercingWail"],"picked":"Dagger Throw","floor":1},{"not_picked":["Dash","Dagger Spray"],"picked":"Flechettes","floor":2},{"not_picked":["Terror","Deadly Poison","Sucker Punch"],"picked":"SKIP","floor":7},{"not_picked":["PiercingWail","Deadly Poison"],"picked":"Dagger Spray","floor":8},{"not_picked":["Dash","Poisoned Stab"],"picked":"Dagger Spray","floor":11},{"not_picked":["Phantasmal Killer","Venomology"],"picked":"Glass Knife","floor":16},{"not_picked":["Flechettes+1","Flying Knee+1","PiercingWail"],"picked":"SKIP","floor":18},{"not_picked":["Leg Sweep","Dagger Throw"],"picked":"Backflip+1","floor":22},{"not_picked":["Leg Sweep","Finisher"],"picked":"Crippling Poison+1","floor":25},{"not_picked":["Leg Sweep","Dodge and Roll","Dagger Throw"],"picked":"SKIP","floor":28},{"not_picked":["Backflip","Quick Slash","Storm of Steel"],"picked":"SKIP","floor":29},{"not_picked":["Corpse Explosion","Wraith Form v2"],"picked":"Bullet Time","floor":33},{"not_picked":["Blade Dance","Dodge and Roll"],"picked":"Heel Hook","floor":35},{"not_picked":["Cloak And Dagger","Quick Slash+1"],"picked":"Well Laid Plans+1","floor":37},{"not_picked":["All Out Attack","Dagger Spray+1","Flying Knee+1"],"picked":"SKIP","floor":39}],"player_experience":91747,"relics_obtained":[{"floor":9,"key":"Darkstone Periapt"},{"floor":26,"key":"Paper Crane"},{"floor":29,"key":"Tiny Chest"}],"event_choices":[{"damage_healed":0,"gold_gain":175,"player_choice":"AGREE","damage_taken":0,"max_hp_gain":0,"max_hp_loss":0,"event_name":"Liars Game","floor":3,"gold_loss":0,"cards_obtained":["Doubt"]},{"damage_healed":0,"gold_gain":0,"player_choice":"Got Potions","damage_taken":0,"max_hp_gain":0,"max_hp_loss":0,"event_name":"Lab","floor":5,"gold_loss":0},{"cards_removed":["Strike_G"],"damage_healed":0,"gold_gain":0,"player_choice":"Forget","damage_taken":0,"max_hp_gain":0,"max_hp_loss":0,"event_name":"Living Wall","floor":13,"gold_loss":0},{"damage_healed":0,"gold_gain":0,"player_choice":"Donut","damage_taken":0,"max_hp_gain":5,"max_hp_loss":0,"event_name":"Big Fish","floor":14,"gold_loss":0},{"damage_healed":0,"gold_gain":0,"player_choice":"Ignored","damage_taken":0,"max_hp_gain":0,"max_hp_loss":0,"event_name":"Ghosts","floor":19,"gold_loss":0},{"damage_healed":0,"gold_gain":0,"player_choice":"Shed Blood","damage_taken":19,"max_hp_gain":5,"max_hp_loss":0,"event_name":"Forgotten Altar","floor":20,"gold_loss":0},{"damage_healed":0,"gold_gain":0,"player_choice":"Ignored","damage_taken":0,"max_hp_gain":0,"max_hp_loss":0,"event_name":"Vampires","floor":21,"gold_loss":0}],"is_beta":false,"boss_relics":[{"not_picked":["Snecko Eye","White Beast Statue"],"picked":"Cursed Key"},{"not_picked":["Sozu","WristBlade"],"picked":"Ring of the Serpent"}],"items_purged_floors":[4,12,24,27,36],"is_endless":false,"potions_floor_spawned":[7,11,22,29,33,35],"killed_by":"Nemesis","ascension_level":1}