{"gold_per_floor":[115,1,15,15,15,15,15,15,15,15,25,45,80,94,94,190,190,207,53,53,53,79,79,99,134,134,134,152,152,152,27,27,128,128,145,194,206,56,56,81,98,98,123,123,143,143,143,2,2,2],"floor_reached":50,"playtime":1655,"items_purged":["Strike_B","Strike_B","Strike_B","Defend_B"],"score":694,"play_id":"e8b00408-dca9-4703-9cdf-a760d91adf5e","local_time":"20190611015920","is_ascension_mode":true,"campfire_choices":[{"data":"Zap","floor":6.0,"key":"SMITH"},{"data":"Zap","floor":8.0,"key":"SMITH"},{"data":"Scrape","floor":10.0,"key":"SMITH"},{"data":"Genetic Algorithm","floor":15,"key":"SMITH"},{"data":"Beam Cell","floor":23,"key":"SMITH"},{"data":"Go for the Eyes","floor":27,"key":"SMITH"},{"data":"All For One","floor":29,"key":"SMITH"},{"floor":32,"key":"REST"},{"data":"Seek","floor":46,"key":"SMITH"},{"data":"Creative AI","floor":49,"key":"SMITH"}],"neow_cost":"NONE","seed_source_timestamp":0,"circlet_count":0,"master_deck":["Defend_B+1","Defend_B","Defend_B","Zap+1","Dualcast+1","Beam Cell+1","Scrape+1","Genetic Algorithm+1","Zap+1","All For One+1","Go for the Eyes+1","FTL+1","Seek+1","BootSequence+1","Gash+1","Parasite","Doubt","Creative AI+1"],"special_seed":0,"relics":["Cracked Core","Vajra","Sundial","Symbiotic Virus","Philosopher\u0027s Stone","MutagenicStrength","Centennial Puzzle","Emotion Chip","Gremlin Horn","Inserter","Incense Burner","Mango","War Paint","Bronze Scales"],"potions_floor_usage":[13,13,18,25,36,41],"damage_taken":[{"damage":0.0,"enemies":"2 Louse","floor":1.0,"turns":2.0},{"damage":0.0,"enemies":"Small Slimes","floor":3.0,"turns":3.0},{"damage":0.0,"enemies":"Cultist","floor":11.0,"turns":2.0},{"damage":0,"enemies":"Large Slime","floor":12,"turns":3},{"damage":15,"enemies":"Lagavulin","floor":13,"turns":5},{"damage":2,"enemies":"Blue Slaver","floor":14,"turns":2},{"damage":0,"enemies":"Slime Boss","floor":16,"turns":3},{"damage":14,"enemies":"3 Byrds","floor":18,"turns":2},{"damage":0,"enemies":"Spheric Guardian","floor":24,"turns":3},{"damage":6,"enemies":"Slavers","floor":25,"turns":2},{"damage":4,"enemies":"Shelled Parasite and Fungi","floor":28,"turns":2},{"damage":43,"enemies":"Champ","floor":33,"turns":5},{"damage":0,"enemies":"3 Darklings","floor":35,"turns":3},{"damage":39,"enemies":"2 Orb Walkers","floor":36,"turns":4},{"damage":0,"enemies":"3 Shapes","floor":37,"turns":1},{"damage":29,"enemies":"Giant Head","floor":40,"turns":7},{"damage":3,"enemies":"Writhing Mass","floor":41,"turns":4},{"damage":5,"enemies":"Transient","floor":45,"turns":5},{"damage":86,"enemies":"Time Eater","floor":50,"turns":9}],"seed_played":"4007883310495858303","potions_obtained":[{"floor":3.0,"key":"SpeedPotion"},{"floor":12,"key":"Regen Potion"},{"floor":14,"key":"PowerPotion"},{"floor":18,"key":"Explosive Potion"},{"floor":33,"key":"EssenceOfSteel"},{"floor":35,"key":"SkillPotion"},{"floor":36,"key":"GamblersBrew"}],"is_trial":false,"path_per_floor":["M","$","M","?","?","R","?","R","T","R","M","M","E","M","R","B",null,"M","$","?","?","T","R","M","E","T","R","M","R","?","$","R","B",null,"M","?","M","$","?","E","M","?","T","$","M","R","?","$","R","B"],"character_chosen":"DEFECT","items_purchased":["Scrape","Go for the Eyes","Creative AI"],"campfire_rested":1,"item_purchase_floors":[2,19,48],"current_hp_per_floor":[68,68,68,56,75,75,75,75,75,75,75,75,67,65,65,65,73,59,59,59,59,59,59,59,53,53,53,49,49,49,49,71,28,63,63,24,24,24,38,9,6,89,89,89,84,84,84,84,84,0],"gold":2,"neow_bonus":"UPGRADE_CARD","is_prod":false,"is_daily":false,"chose_seed":false,"campfire_upgraded":9,"win_rate":0,"timestamp":1560243560,"path_taken":["M","$","M","?","?","R","?","R","T","R","M","M","E","M","R","BOSS","M","$","?","?","?","R","?","E","T","R","M","R","?","$","R","BOSS","M","?","M","$","?","E","?","?","T","$","M","R","?","$","R","BOSS"],"build_version":"2019-01-23","purchased_purges":4,"victory":false,"max_hp_per_floor":[75,75,75,75,75,75,75,75,75,75,75,75,75,75,75,75,75,75,75,75,75,75,75,75,75,75,75,75,75,75,75,75,75,75,75,75,75,75,89,89,89,89,89,89,89,89,85,85,85,85],"card_choices":[{"not_picked":["Steam","Aggregate"],"picked":"Beam Cell","floor":1.0},{"not_picked":["Turbo","Hello World"],"picked":"Genetic Algorithm","floor":3.0},{"not_picked":["Stack","Coolheaded","Skim"],"picked":"SKIP","floor":11.0},{"not_picked":["Auto Shields","Steam","Ball Lightning"],"picked":"SKIP","floor":12},{"not_picked":["Capacitor","Scrape"],"picked":"All For One","floor":13},{"not_picked":["Compile Driver","Fusion","Conserve Battery"],"picked":"SKIP","floor":14},{"not_picked":["Static Discharge","Steam","Sweeping Beam"],"picked":"SKIP","floor":18},{"not_picked":["Turbo","Doom and Gloom","Streamline"],"picked":"SKIP","floor":24},{"not_picked":["Sunder","White Noise"],"picked":"FTL+1","floor":25},{"not_picked":["Heatsinks","Stack+1","Beam Cell"],"picked":"SKIP","floor":28},{"not_picked":["Meteor Strike","Buffer"],"picked":"Seek","floor":33},{"not_picked":["Sweeping Beam+1","Coolheaded"],"picked":"BootSequence","floor":35},{"not_picked":["Melter","Beam Cell+1"],"picked":"Gash+1","floor":36},{"not_picked":["Amplify","Genetic Algorithm+1","Turbo"],"picked":"SKIP","floor":37},{"not_picked":["FTL+1","Loop+1","Steam+1"],"picked":"SKIP","floor":40},{"not_picked":["Go for the Eyes","Beam Cell","Barrage+1"],"picked":"SKIP","floor":41},{"not_picked":["Double Energy+1","Hologram+1","Heatsinks"],"picked":"SKIP","floor":45}],"player_experience":458519,"relics_obtained":[{"floor":9.0,"key":"Sundial"},{"floor":13,"key":"Symbiotic Virus"},{"floor":22,"key":"Centennial Puzzle"},{"floor":25,"key":"Emotion Chip"},{"floor":26,"key":"Gremlin Horn"},{"floor":36,"key":"Incense Burner"},{"floor":40,"key":"War Paint"},{"floor":43,"key":"Bronze Scales"}],"event_choices":[{"damage_healed":0.0,"max_hp_gain":0.0,"max_hp_loss":0.0,"gold_gain":0.0,"event_name":"Scrap Ooze","player_choice":"Success","floor":4.0,"gold_loss":0.0,"damage_taken":12.0,"relics_obtained":["Vajra"]},{"damage_healed":25.0,"max_hp_gain":0.0,"max_hp_loss":0.0,"gold_gain":0.0,"event_name":"Big Fish","player_choice":"Banana","floor":5.0,"gold_loss":0.0,"damage_taken":0.0},{"damage_healed":0.0,"max_hp_gain":0.0,"max_hp_loss":0.0,"gold_gain":0.0,"event_name":"Match and Keep!","player_choice":"1 cards matched","floor":7.0,"gold_loss":0.0,"damage_taken":0.0,"cards_obtained":["Zap"]},{"cards_removed":["Strike_B"],"damage_healed":0,"gold_gain":0,"player_choice":"Elegance","damage_taken":0,"max_hp_gain":0,"max_hp_loss":0,"event_name":"Back to Basics","floor":20,"gold_loss":0},{"damage_healed":0,"gold_gain":0,"player_choice":"Inject Mutagens","damage_taken":0,"relics_obtained":["MutagenicStrength"],"max_hp_gain":0,"max_hp_loss":0,"event_name":"Drug Dealer","floor":21,"gold_loss":0},{"damage_healed":0,"gold_gain":0,"player_choice":"Ignored","damage_taken":0,"max_hp_gain":0,"max_hp_loss":0,"event_name":"Vampires","floor":30,"gold_loss":0},{"damage_healed":0,"gold_gain":0,"player_choice":"Fight","damage_taken":0,"max_hp_gain":0,"max_hp_loss":0,"event_name":"Mysterious Sphere","floor":36,"gold_loss":0},{"damage_healed":0,"gold_gain":0,"player_choice":"Gave Potion","damage_taken":0,"relics_obtained":["Mango"],"max_hp_gain":0,"max_hp_loss":0,"event_name":"WeMeetAgain","floor":39,"gold_loss":0},{"damage_healed":83,"gold_gain":0,"player_choice":"Heal","damage_taken":0,"max_hp_gain":0,"max_hp_loss":0,"event_name":"MindBloom","floor":42,"gold_loss":0,"cards_obtained":["Doubt"]},{"damage_healed":0,"gold_gain":0,"player_choice":"Max HP","damage_taken":0,"max_hp_gain":0,"max_hp_loss":4,"event_name":"Winding Halls","floor":47,"gold_loss":0}],"is_beta":false,"boss_relics":[{"not_picked":["Busted Crown","Ectoplasm"],"picked":"Philosopher\u0027s Stone"},{"not_picked":["FrozenCore","Astrolabe"],"picked":"Inserter"}],"items_purged_floors":[2,19,31,38],"is_endless":false,"potions_floor_spawned":[3,12,14,18,33,35,36],"killed_by":"Time Eater","ascension_level":6}