{"gold_per_floor":[110,56,69,69,89,123,142,167,167,177,142,142,159,209,209,313,313,331,431,448,448,467,467,501,501,524,544,571,581,581,595,595,595],"floor_reached":33,"playtime":1636,"items_purged":[],"score":409,"play_id":"c204c456-b6b2-42e0-84ab-f46d6d765e00","local_time":"20190406091213","is_ascension_mode":true,"campfire_choices":[{"floor":12,"key":"DIG"},{"floor":15,"key":"DIG"},{"floor":23,"key":"REST"},{"floor":25,"key":"REST"},{"floor":30,"key":"REST"},{"floor":32,"key":"REST"}],"neow_cost":"NONE","seed_source_timestamp":31170844193144,"circlet_count":0,"master_deck":["Defend_G","Defend_G","Defend_G","Defend_G","Defend_G","Strike_G","Strike_G","Strike_G+1","Strike_G","Strike_G","Survivor","Neutralize","Dash+1","Cloak And Dagger","Footwork","Leg Sweep","Backflip","Burst","Finisher","Escape Plan"],"relics":["Ring of the Snake","Boot","Shovel","StoneCalendar","Mango","Whetstone","Pear","Runic Dome","Orichalcum","Omamori","Frozen Egg 2"],"potions_floor_usage":[5,6,6,18,20,20,22,29,33],"damage_taken":[{"damage":0,"enemies":"Cultist","floor":1,"turns":3},{"damage":2,"enemies":"2 Louse","floor":3,"turns":3},{"damage":0,"enemies":"Jaw Worm","floor":5,"turns":3},{"damage":8,"enemies":"Gremlin Nob","floor":6,"turns":5},{"damage":0,"enemies":"Large Slime","floor":7,"turns":9},{"damage":6,"enemies":"3 Sentries","floor":8,"turns":14},{"damage":0,"enemies":"Exordium Wildlife","floor":10,"turns":5},{"damage":0,"enemies":"Red Slaver","floor":13,"turns":7},{"damage":36,"enemies":"Slime Boss","floor":16,"turns":10},{"damage":0,"enemies":"Shell Parasite","floor":18,"turns":7},{"damage":13,"enemies":"Spheric Guardian","floor":20,"turns":6},{"damage":15,"enemies":"Snake Plant","floor":22,"turns":7},{"damage":28,"enemies":"Book of Stabbing","floor":24,"turns":8},{"damage":33,"enemies":"3 Cultists","floor":27,"turns":7},{"damage":45,"enemies":"Slavers","floor":28,"turns":9},{"damage":5,"enemies":"Chosen and Byrds","floor":29,"turns":7},{"damage":1,"enemies":"Shelled Parasite and Fungi","floor":31,"turns":9},{"damage":68,"enemies":"Champ","floor":33,"turns":16}],"seed_played":"-8916291683709621700","potions_obtained":[{"floor":3,"key":"Block Potion"},{"floor":4,"key":"Strength Potion"},{"floor":4,"key":"SkillPotion"},{"floor":4,"key":"EntropicBrew"},{"floor":10,"key":"PowerPotion"},{"floor":27,"key":"SteroidPotion"},{"floor":28,"key":"GamblersBrew"}],"is_trial":false,"path_per_floor":["M","?","M","?","M","E","M","E","T","M","?","R","M","?","R","B",null,"M","?","M","?","M","R","E","R","T","M","E","M","R","M","R","B"],"character_chosen":"THE_SILENT","items_purchased":[],"campfire_rested":4,"item_purchase_floors":[],"current_hp_per_floor":[77,77,75,75,75,67,67,61,75,75,91,91,91,91,101,65,101,101,101,88,68,53,83,55,85,85,52,7,2,32,31,61,0],"gold":595,"neow_bonus":"TEN_PERCENT_HP_BONUS","is_prod":false,"is_daily":false,"chose_seed":false,"campfire_upgraded":0,"win_rate":0,"timestamp":1554556333,"path_taken":["M","?","?","?","?","E","M","E","T","M","?","R","M","?","R","BOSS","M","?","?","?","M","R","E","R","T","M","E","M","R","M","R","BOSS"],"build_version":"2019-01-23","purchased_purges":0,"victory":false,"max_hp_per_floor":[77,77,77,77,77,77,77,77,91,91,91,91,91,91,101,101,101,101,101,101,101,101,101,101,101,101,101,101,101,101,101,101,101],"card_choices":[{"not_picked":["Backflip","Slice"],"picked":"Dash","floor":1},{"not_picked":["Flying Knee","Dodge and Roll"],"picked":"Cloak And Dagger","floor":3},{"not_picked":["Skewer","Prepared"],"picked":"Footwork","floor":5},{"not_picked":["Catalyst","Night Terror"],"picked":"Leg Sweep","floor":6},{"not_picked":["Flying Knee","Quick Slash","Blade Dance"],"picked":"SKIP","floor":7},{"not_picked":["Reflex","Bane","Slice"],"picked":"SKIP","floor":8},{"not_picked":["Doppelganger","Flying Knee"],"picked":"Backflip","floor":10},{"not_picked":["Bouncing Flask","Leg Sweep","Backflip"],"picked":"SKIP","floor":13},{"not_picked":["Envenom","Malaise"],"picked":"Burst","floor":16},{"not_picked":["Underhanded Strike","Flechettes","Bouncing Flask"],"picked":"SKIP","floor":18},{"not_picked":["Distraction+1","Backflip+1"],"picked":"Finisher","floor":20},{"not_picked":["Underhanded Strike+1","Flechettes","Calculated Gamble+1"],"picked":"SKIP","floor":22},{"not_picked":["Bane","Underhanded Strike+1","Blade Dance"],"picked":"SKIP","floor":24},{"not_picked":["Skewer","Underhanded Strike","Deadly Poison+1"],"picked":"SKIP","floor":27},{"not_picked":["Finisher","Dagger Spray","Dagger Throw+1"],"picked":"SKIP","floor":28},{"not_picked":["Underhanded Strike","Acrobatics+1","Backflip"],"picked":"SKIP","floor":29},{"not_picked":["Finisher","Acrobatics"],"picked":"Escape Plan","floor":31}],"player_experience":288199,"relics_obtained":[{"floor":6,"key":"Shovel"},{"floor":8,"key":"StoneCalendar"},{"floor":9,"key":"Mango"},{"floor":12,"key":"Whetstone"},{"floor":15,"key":"Pear"},{"floor":24,"key":"Orichalcum"},{"floor":26,"key":"Omamori"},{"floor":28,"key":"Frozen Egg 2"}],"event_choices":[{"damage_healed":0,"gold_gain":0,"player_choice":"Paid Gold","damage_taken":0,"relics_obtained":["Boot"],"max_hp_gain":0,"max_hp_loss":0,"event_name":"WeMeetAgain","floor":2,"gold_loss":54},{"damage_healed":0,"gold_gain":0,"player_choice":"Got Potions","damage_taken":0,"max_hp_gain":0,"max_hp_loss":0,"event_name":"Lab","floor":4,"gold_loss":0},{"damage_healed":22,"gold_gain":0,"player_choice":"Healed","damage_taken":0,"max_hp_gain":0,"max_hp_loss":0,"event_name":"The Cleric","floor":11,"gold_loss":35},{"damage_healed":0,"gold_gain":50,"player_choice":"Gained Gold","damage_taken":0,"max_hp_gain":0,"max_hp_loss":0,"event_name":"Golden Wing","floor":14,"gold_loss":0},{"damage_healed":0,"gold_gain":100,"player_choice":"Pray","damage_taken":0,"max_hp_gain":0,"max_hp_loss":0,"event_name":"Golden Shrine","floor":19,"gold_loss":0},{"damage_healed":0,"gold_gain":0,"player_choice":"POTION ","damage_taken":20,"max_hp_gain":0,"max_hp_loss":0,"event_name":"Knowing Skull","floor":21,"potions_obtained":["EssenceOfSteel"],"gold_loss":0,"cards_obtained":[]}],"is_beta":false,"boss_relics":[{"not_picked":["Snecko Eye","Lizard Tail"],"picked":"Runic Dome"}],"items_purged_floors":[],"is_endless":false,"potions_floor_spawned":[3,7,8,10,27,28],"killed_by":"Champ","ascension_level":4}