{"gold_per_floor":[115,11,25,25,25,25,53,73,96,110,110,137,156,65,65,160,160,160,160,160,160,160,160,160,160,160,160,160,160,160,160,160,160,160,160,160,160,160,12,12,0,0,0,0,0,0,0,0,0,0],"floor_reached":50,"playtime":4050,"items_purged":[],"score":544,"play_id":"fb2dec4e-ba7e-4373-8fca-4afb0b2008ee","local_time":"20180716190752","is_ascension_mode":false,"campfire_choices":[{"data":"Rage","floor":6,"key":"SMITH"},{"data":"Whirlwind","floor":11,"key":"SMITH"},{"data":"Dramatic Entrance","floor":15,"key":"SMITH"},{"data":"Demon Form","floor":23,"key":"SMITH"},{"data":"Reaper","floor":25,"key":"SMITH"},{"floor":27,"key":"REST"},{"data":"Infernal Blade","floor":32,"key":"SMITH"},{"floor":40,"key":"REST"},{"floor":46,"key":"REST"},{"floor":49,"key":"REST"}],"neow_cost":"NONE","seed_source_timestamp":506084672461805,"circlet_count":0,"master_deck":["Strike_R","Strike_R","Strike_R","Strike_R","Strike_R","Defend_R","Defend_R+1","Defend_R","Defend_R+1","Bash","Rage+1","Perfected Strike+1","Thunderclap","Iron Wave","Whirlwind+1","Dropkick","Flex","Impervious","Dramatic Entrance+1","Demon Form+1","Pommel Strike","Dramatic Entrance+1","Heavy Blade+1","Anger","Reaper+1","Sever Soul+1","Inflame","Infernal Blade+1","Limit Break+1","Clash","Trip","Armaments+1","Battle Trance+1","Fire Breathing+1","Perfected Strike+1"],"relics":["Burning Blood","NeowsBlessing","Boot","Ancient Tea Set","War Paint","Champion Belt","Ectoplasm","Happy Flower","Gremlin Horn","Dead Branch","Black Star","Bronze Scales","Red Mask","Molten Egg 2","Ornamental Fan"],"potions_floor_usage":[10,12,30,30,30,33,44,50,50],"damage_taken":[{"damage":0,"enemies":"2 Louse","floor":1,"turns":1},{"damage":0,"enemies":"Small Slimes","floor":3,"turns":1},{"damage":0,"enemies":"3 Sentries","floor":7,"turns":1},{"damage":6,"enemies":"Jaw Worm","floor":8,"turns":2},{"damage":0,"enemies":"3 Louse","floor":10,"turns":3},{"damage":22,"enemies":"Gremlin Nob","floor":12,"turns":4},{"damage":0,"enemies":"Large Slime","floor":13,"turns":4},{"damage":60,"enemies":"Slime Boss","floor":16,"turns":11},{"damage":0,"enemies":"3 Byrds","floor":18,"turns":2},{"damage":12,"enemies":"Shell Parasite","floor":21,"turns":4},{"damage":10,"enemies":"Cultist and Chosen","floor":22,"turns":6},{"damage":13,"enemies":"Gremlin Leader","floor":24,"turns":5},{"damage":1,"enemies":"Centurion and Healer","floor":28,"turns":5},{"damage":4,"enemies":"3 Cultists","floor":29,"turns":3},{"damage":11,"enemies":"Slavers","floor":30,"turns":5},{"damage":11,"enemies":"Sentry and Sphere","floor":31,"turns":4},{"damage":41,"enemies":"Automaton","floor":33,"turns":10},{"damage":4,"enemies":"Orb Walker","floor":35,"turns":2},{"damage":0,"enemies":"Flame Bruiser 1 Orb","floor":37,"turns":2},{"damage":36,"enemies":"Transient","floor":38,"turns":5},{"damage":19,"enemies":"Spire Growth","floor":42,"turns":5},{"damage":26,"enemies":"Maw","floor":44,"turns":7},{"damage":6,"enemies":"4 Shapes","floor":48,"turns":3},{"damage":90,"enemies":"Donu and Deca","floor":50,"turns":6}],"seed_played":"-1097865798839609132","potions_obtained":[{"floor":1,"key":"FearPotion"},{"floor":3,"key":"Energy Potion"},{"floor":16,"key":"EssenceOfSteel"},{"floor":28,"key":"Energy Potion"},{"floor":29,"key":"Swift Potion"},{"floor":31,"key":"GamblersBrew"},{"floor":33,"key":"SpeedPotion"},{"floor":35,"key":"Ancient Potion"},{"floor":42,"key":"Poison Potion"},{"floor":44,"key":"Explosive Potion"}],"is_trial":false,"path_per_floor":["M","$","M","?","?","R","E","M","T","M","R","E","M","$","R","B",null,"M","?","?","M","M","R","E","R","T","R","M","M","E","M","R","B",null,"M","?","M","M","$","R","?","M","T","M","?","R","T","M","R"],"character_chosen":"IRONCLAD","items_purchased":["Perfected Strike","Thunderclap","Dramatic Entrance","Bronze Scales"],"campfire_rested":4,"item_purchase_floors":[2,2,14,39],"current_hp_per_floor":[80,80,80,68,68,68,74,74,74,80,80,64,70,70,70,16,80,80,80,80,74,70,70,63,63,63,80,80,80,80,75,75,40,80,80,80,80,50,50,74,74,61,61,48,48,72,72,72,80,0],"gold":0,"neow_bonus":"THREE_ENEMY_KILL","is_prod":false,"is_daily":false,"chose_seed":false,"campfire_upgraded":6,"win_rate":0,"timestamp":1531764472,"path_taken":["M","$","M","?","?","R","E","M","T","?","R","E","M","?","R","BOSS","M","?","?","M","?","R","E","R","T","R","M","M","E","M","R","BOSS","M","?","M","M","$","R","?","M","T","?","?","R","?","M","R","BOSS"],"build_version":"2018-07-12","purchased_purges":0,"victory":false,"max_hp_per_floor":[80,80,80,80,80,80,80,80,80,80,80,80,80,80,80,80,80,80,80,80,80,80,80,80,80,80,80,80,80,80,80,80,80,80,80,80,80,80,80,80,80,80,80,80,80,80,80,80,80,80],"card_choices":[{"not_picked":["Fire Breathing","Havoc"],"picked":"Rage","floor":1},{"not_picked":["Body Slam","Twin Strike"],"picked":"Iron Wave","floor":3},{"not_picked":["Clash","Uppercut"],"picked":"Whirlwind","floor":7},{"not_picked":["Wild Strike","Sever Soul"],"picked":"Dropkick","floor":8},{"not_picked":["True Grit","Combust"],"picked":"Flex","floor":10},{"not_picked":["Entrench","Warcry"],"picked":"Impervious","floor":12},{"not_picked":["Headbutt","Havoc","Carnage"],"picked":"SKIP","floor":13},{"not_picked":["Offering","Fiend Fire"],"picked":"Demon Form","floor":16},{"not_picked":["Clothesline","Rage"],"picked":"Pommel Strike","floor":18},{"not_picked":["Shrug It Off","Headbutt"],"picked":"Heavy Blade+1","floor":21},{"not_picked":["Body Slam","Iron Wave"],"picked":"Anger","floor":22},{"not_picked":["Warcry","Juggernaut"],"picked":"Reaper","floor":24},{"not_picked":["Flex","Rupture+1","Twin Strike"],"picked":"SKIP","floor":28},{"not_picked":["Wild Strike+1","Sword Boomerang"],"picked":"Sever Soul+1","floor":29},{"not_picked":["Havoc","Combust"],"picked":"Inflame","floor":30},{"not_picked":["Thunderclap","Searing Blow+1"],"picked":"Infernal Blade","floor":31},{"not_picked":["Fiend Fire","Berserk"],"picked":"Limit Break","floor":33},{"not_picked":["Sentinel","Infernal Blade+1"],"picked":"Clash","floor":35},{"not_picked":["Panacea","Deep Breath"],"picked":"Trip","floor":36},{"not_picked":["Clothesline","Feel No Pain"],"picked":"Armaments+1","floor":37},{"not_picked":["Combust+1","Headbutt"],"picked":"Battle Trance+1","floor":38},{"not_picked":["Corruption","True Grit+1"],"picked":"Fire Breathing+1","floor":42},{"not_picked":["Anger+1","Headbutt+1"],"picked":"Perfected Strike+1","floor":44},{"not_picked":["True Grit","Twin Strike+1","Power Through"],"picked":"SKIP","floor":48}],"player_experience":366940,"relics_obtained":[{"floor":7,"key":"Ancient Tea Set"},{"floor":9,"key":"War Paint"},{"floor":12,"key":"Champion Belt"},{"floor":24,"key":"Happy Flower"},{"floor":26,"key":"Gremlin Horn"},{"floor":30,"key":"Dead Branch"},{"floor":43,"key":"Molten Egg 2"},{"floor":47,"key":"Ornamental Fan"}],"event_choices":[{"event_name":"Scrap Ooze","player_choice":"success","floor":4,"damage_taken":12},{"event_name":"Living Wall","player_choice":"Grow","floor":5,"damage_taken":0},{"event_name":"Duplicator","player_choice":"One dupe","floor":19,"damage_taken":0},{"event_name":"Drug Dealer","player_choice":"Ignored","floor":20,"damage_taken":0},{"event_name":"SensoryStone","player_choice":"Memory 1","floor":36,"damage_taken":0},{"event_name":"Tomb of Lord Red Mask","player_choice":"Paid","floor":41,"damage_taken":0},{"event_name":"Upgrade Shrine","player_choice":"Upgraded","floor":45,"damage_taken":0}],"boss_relics":[{"not_picked":["Eternal Feather","Lizard Tail"],"picked":"Ectoplasm"},{"not_picked":["Runic Cube","White Beast Statue"],"picked":"Black Star"}],"items_purged_floors":[],"is_endless":false,"potions_floor_spawned":[1,3,16,28,29,31,33,35,42,44],"killed_by":"Donu and Deca","ascension_level":0}