{"gold_per_floor":[110,285,285,301,318,343,363,363,389,26,43,87,52,62,62,165,165,178,197,24,24,24,55,73,73,122,122,147,75,75,94,94,94],"floor_reached":33,"playtime":2836,"items_purged":["Doubt"],"score":369,"play_id":"814cf7c7-708a-431b-bcd0-97bad5b9c552","local_time":"20180929233022","is_ascension_mode":true,"campfire_choices":[{"floor":8.0,"key":"REST"},{"floor":15.0,"key":"REST"},{"floor":25,"key":"REST"},{"floor":27,"key":"REST"},{"floor":32,"key":"REST"}],"neow_cost":"","seed_source_timestamp":0,"circlet_count":0,"master_deck":["Defend_G","Defend_G","Defend_G","Defend_G","Defend_G","Strike_G","Strike_G","Strike_G","Strike_G","Survivor","Neutralize","Dagger Spray","Skewer","Endless Agony","PiercingWail","Noxious Fumes","Caltrops","Leg Sweep","Footwork","Dodge and Roll","Tools of the Trade","Bouncing Flask+1","Endless Agony","Trip","Footwork","Poisoned Stab","Bullet Time","Footwork","Decay"],"special_seed":0,"relics":["Ring of the Snake","PreservedInsect","Toolbox","Bag of Marbles","Fusion Hammer","MutagenicStrength","FossilizedHelix","Bag of Preparation","Blood Vial"],"potions_floor_usage":[28,33],"damage_taken":[{"damage":0.0,"enemies":"Jaw Worm","floor":1.0,"turns":4.0},{"damage":6.0,"enemies":"2 Louse","floor":4.0,"turns":2.0},{"damage":0.0,"enemies":"Small Slimes","floor":5.0,"turns":4.0},{"damage":38.0,"enemies":"Gremlin Nob","floor":6.0,"turns":5.0},{"damage":5.0,"enemies":"Blue Slaver","floor":7.0,"turns":6.0},{"damage":0.0,"enemies":"Looter","floor":11.0,"turns":4.0},{"damage":24.0,"enemies":"Lagavulin","floor":12.0,"turns":10.0},{"damage":0.0,"enemies":"Large Slime","floor":14.0,"turns":6.0},{"damage":6.0,"enemies":"The Guardian","floor":16.0,"turns":15.0},{"damage":13.0,"enemies":"Chosen","floor":18.0,"turns":7.0},{"damage":5.0,"enemies":"3 Byrds","floor":19.0,"turns":5.0},{"damage":53,"enemies":"Slavers","floor":23,"turns":7},{"damage":0,"enemies":"Shelled Parasite and Fungi","floor":24,"turns":9},{"damage":29,"enemies":"Book of Stabbing","floor":28,"turns":7},{"damage":9,"enemies":"Snecko","floor":31,"turns":6},{"damage":43,"enemies":"Champ","floor":33,"turns":9}],"seed_played":"6970446900361065400","potions_obtained":[{"floor":4.0,"key":"Swift Potion"},{"floor":6.0,"key":"Energy Potion"},{"floor":7.0,"key":"Dexterity Potion"},{"floor":11.0,"key":"EssenceOfSteel"},{"floor":18.0,"key":"FairyPotion"}],"is_trial":false,"path_per_floor":["M","?","?","M","M","E","M","R","T","$","M","E","?","M","R","B",null,"M","M","$","?","?","E","M","R","T","R","E","$","?","M","R"],"character_chosen":"THE_SILENT","items_purchased":["Caltrops","Toolbox","Leg Sweep","Trip","Footwork"],"campfire_rested":5,"item_purchase_floors":[10,10,10,20,29],"current_hp_per_floor":[70,70,75,69,69,31,26,48,48,48,48,24,42,42,64,58,71,58,53,53,53,53,7,7,29,29,51,22,22,22,15,37,0],"gold":94,"neow_bonus":"","is_prod":false,"is_daily":false,"chose_seed":false,"campfire_upgraded":0,"win_rate":0,"timestamp":1538260222,"path_taken":["M","?","?","M","M","E","M","R","T","$","M","E","?","M","R","BOSS","M","M","$","?","?","E","?","R","T","R","E","$","?","M","R","BOSS"],"build_version":"2018-09-27","purchased_purges":1,"victory":false,"max_hp_per_floor":[70,70,75,75,75,75,75,75,75,75,75,75,75,75,75,75,75,75,75,75,75,75,75,75,75,75,75,75,75,75,75,75,75],"card_choices":[{"not_picked":["Outmaneuver","Dagger Throw"],"picked":"Dagger Spray","floor":1.0},{"not_picked":["Cloak And Dagger","PiercingWail"],"picked":"Skewer","floor":4.0},{"not_picked":["Bane","Escape Plan"],"picked":"Endless Agony","floor":5.0},{"not_picked":["Deadly Poison","Venomology"],"picked":"PiercingWail","floor":6.0},{"not_picked":["Riddle With Holes","Quick Slash"],"picked":"Noxious Fumes","floor":7.0},{"not_picked":["Quick Slash","Setup"],"picked":"Footwork","floor":11.0},{"not_picked":["Distraction","Finisher"],"picked":"Dodge and Roll","floor":12.0},{"not_picked":["Well Laid Plans","Blade Dance","Eviscerate"],"picked":"SKIP","floor":14.0},{"not_picked":["Adrenaline","Die Die Die"],"picked":"Tools of the Trade","floor":16.0},{"not_picked":["Accuracy","Dodge and Roll"],"picked":"Bouncing Flask+1","floor":18.0},{"not_picked":["Outmaneuver","Cloak And Dagger"],"picked":"Endless Agony","floor":19.0},{"not_picked":["Dagger Spray+1","Outmaneuver"],"picked":"Footwork","floor":23},{"not_picked":["Crippling Poison","Backflip"],"picked":"Poisoned Stab","floor":24},{"not_picked":["Prepared+1","Poisoned Stab+1"],"picked":"Bullet Time","floor":28},{"not_picked":["Deadly Poison+1","Sucker Punch","Underhanded Strike"],"picked":"SKIP","floor":31}],"player_experience":671729,"relics_obtained":[{"floor":9.0,"key":"PreservedInsect"},{"floor":12.0,"key":"Bag of Marbles"},{"floor":23,"key":"FossilizedHelix"},{"floor":26,"key":"Bag of Preparation"},{"floor":28,"key":"Blood Vial"}],"event_choices":[{"event_name":"Liars Game","player_choice":"agreed","floor":2.0,"damage_taken":0.0},{"event_name":"Big Fish","player_choice":"Donut","floor":3.0,"damage_taken":0.0},{"event_name":"The Cleric","player_choice":"Healed","floor":13.0,"damage_taken":0.0},{"event_name":"Purifier","player_choice":"One Purge","floor":21,"damage_taken":0},{"event_name":"Drug Dealer","player_choice":"Inject Mutagens","floor":22,"damage_taken":0},{"event_name":"Forgotten Altar","player_choice":"Smashed Altar","floor":30,"damage_taken":0}],"is_beta":false,"boss_relics":[{"not_picked":["White Beast Statue","Tiny House"],"picked":"Fusion Hammer"}],"items_purged_floors":[20],"is_endless":false,"potions_floor_spawned":[4,6,7,11,18],"killed_by":"Champ","ascension_level":5}