{"gold_per_floor":[113,129,129,146,59,59,72,89,89,103,115,125,139,64,64,164,164,183,183,197,197,213,213,229,242,266,266,278,278,156,175,175,175],"floor_reached":33,"playtime":1984,"items_purged":["Strike_R","Strike_R"],"score":247,"play_id":"e74dbd79-c7ab-4b16-ab5b-20360111899b","local_time":"20180710184500","is_ascension_mode":false,"campfire_choices":[{"data":"Armaments","floor":6,"key":"SMITH"},{"data":"Demon Form","floor":15,"key":"SMITH"},{"floor":23,"key":"REST"},{"floor":27,"key":"REST"},{"floor":32,"key":"REST"}],"neow_cost":"NONE","seed_source_timestamp":240147799057549,"circlet_count":0,"master_deck":["Strike_R","Strike_R","Defend_R","Defend_R","Defend_R","Defend_R","Bash","Armaments+1","Cleave","Dramatic Entrance","Inflame","Flame Barrier","Clash","Demon Form+1","Barricade","Body Slam"],"relics":["Burning Blood","NeowsBlessing","Matryoshka","Busted Crown","Nilry\u0027s Codex","Happy Flower","Bag of Marbles","FaceOfCleric"],"potions_floor_usage":[20,25,25,25,33],"damage_taken":[{"damage":0,"enemies":"Small Slimes","floor":1,"turns":1},{"damage":0,"enemies":"2 Louse","floor":2,"turns":1},{"damage":0,"enemies":"Jaw Worm","floor":4,"turns":1},{"damage":8,"enemies":"Red Slaver","floor":7,"turns":4},{"damage":3,"enemies":"Gremlin Gang","floor":8,"turns":2},{"damage":13,"enemies":"3 Louse","floor":10,"turns":3},{"damage":8,"enemies":"Lots of Slimes","floor":11,"turns":2},{"damage":2,"enemies":"Blue Slaver","floor":12,"turns":3},{"damage":0,"enemies":"Large Slime","floor":13,"turns":7},{"damage":23,"enemies":"Slime Boss","floor":16,"turns":8},{"damage":16,"enemies":"Chosen","floor":18,"turns":5},{"damage":23,"enemies":"Spheric Guardian","floor":20,"turns":6},{"damage":30,"enemies":"Cultist and Chosen","floor":22,"turns":7},{"damage":24,"enemies":"Snake Plant","floor":24,"turns":5},{"damage":14,"enemies":"Centurion and Healer","floor":25,"turns":5},{"damage":0,"enemies":"Snecko","floor":28,"turns":5},{"damage":39,"enemies":"Snake Plant","floor":31,"turns":4},{"damage":75,"enemies":"Collector","floor":33,"turns":6}],"seed_played":"6593912371502237939","potions_obtained":[{"floor":7,"key":"Fire Potion"},{"floor":10,"key":"Explosive Potion"},{"floor":13,"key":"Block Potion"},{"floor":20,"key":"Strength Potion"},{"floor":24,"key":"BloodPotion"},{"floor":31,"key":"Energy Potion"}],"is_trial":false,"path_per_floor":["M","M","?","M","$","R","M","M","T","M","M","M","M","$","R","B",null,"M","?","M","?","M","R","M","M","T","R","M","?","$","M","R"],"character_chosen":"IRONCLAD","items_purchased":["Dramatic Entrance","Body Slam"],"campfire_rested":3,"item_purchase_floors":[5,30],"current_hp_per_floor":[80,80,73,79,79,79,77,80,80,73,71,75,80,80,80,63,80,70,70,53,37,23,47,29,29,29,53,59,59,59,27,51,0],"gold":175,"neow_bonus":"THREE_ENEMY_KILL","is_prod":false,"is_daily":false,"chose_seed":false,"campfire_upgraded":2,"win_rate":0,"timestamp":1531244700,"path_taken":["M","M","?","M","$","R","M","?","T","M","M","?","?","?","R","BOSS","M","?","M","?","?","R","M","M","T","R","M","?","?","?","R","BOSS"],"build_version":"2018-07-05","purchased_purges":2,"victory":false,"max_hp_per_floor":[80,80,80,80,80,80,80,80,80,80,80,80,80,80,80,80,80,80,80,80,80,80,80,80,80,80,80,80,80,80,81,81,81],"card_choices":[{"not_picked":["Shrug It Off","True Grit"],"picked":"Armaments","floor":1},{"not_picked":["Wild Strike","Body Slam"],"picked":"Cleave","floor":2},{"not_picked":["Armaments","Wild Strike","Havoc"],"picked":"SKIP","floor":4},{"not_picked":["Pommel Strike","Iron Wave"],"picked":"Inflame","floor":7},{"not_picked":["Juggernaut","Inflame"],"picked":"Flame Barrier","floor":8},{"not_picked":["Perfected Strike","Havoc"],"picked":"Clash","floor":10},{"not_picked":["Hemokinesis","Thunderclap","Sword Boomerang"],"picked":"SKIP","floor":11},{"not_picked":["Twin Strike","Shrug It Off"],"picked":"Demon Form","floor":12},{"not_picked":["Disarm","Corruption","Perfected Strike"],"picked":"SKIP","floor":13},{"not_picked":["Immolate","Juggernaut"],"picked":"Barricade","floor":16},{"not_picked":["True Grit"],"picked":"SKIP","floor":18},{"not_picked":["Warcry"],"picked":"SKIP","floor":20},{"not_picked":["Power Through+1"],"picked":"SKIP","floor":22},{"not_picked":["Second Wind+1"],"picked":"SKIP","floor":24},{"not_picked":["Headbutt"],"picked":"SKIP","floor":25},{"not_picked":["Clothesline+1"],"picked":"SKIP","floor":28},{"not_picked":["Thunderclap"],"picked":"SKIP","floor":31}],"player_experience":282587,"relics_obtained":[{"floor":9,"key":"Matryoshka"},{"floor":21,"key":"Nilry\u0027s Codex"},{"floor":26,"key":"Happy Flower"},{"floor":26,"key":"Bag of Marbles"}],"event_choices":[{"event_name":"Golden Wing","player_choice":"Card Removal","floor":3,"damage_taken":0},{"event_name":"The Lab","player_choice":"Got Potions","floor":19,"damage_taken":0},{"event_name":"Cursed Tome","player_choice":"Obtained Book","floor":21,"damage_taken":0},{"event_name":"FaceTrader","player_choice":"Trade","floor":29,"damage_taken":0}],"boss_relics":[{"not_picked":["Orrery","Sozu"],"picked":"Busted Crown"}],"items_purged_floors":[14,30],"is_endless":false,"potions_floor_spawned":[7,10,13,20,24,31],"killed_by":"Collector","ascension_level":0}