{"gold_per_floor":[110,125,125,125,145,145,145,220,220,30,44,60,77,88,88,183],"floor_reached":16,"playtime":1412,"items_purged":["Strike_G"],"score":151,"play_id":"93d6dfcd-66d1-4503-9229-539c01789311","local_time":"20180722014137","is_ascension_mode":true,"campfire_choices":[{"data":"Outmaneuver","floor":6,"key":"SMITH"},{"floor":15,"key":"REST"}],"neow_cost":"NONE","seed_source_timestamp":964461467186856,"circlet_count":0,"master_deck":["Defend_G","Defend_G","Defend_G","Defend_G","Defend_G","Strike_G","Strike_G","Strike_G","Strike_G","Survivor","Neutralize+1","Backflip","Well Laid Plans","Outmaneuver+1","Blur+1","Caltrops","Deadly Poison+1","Bane","Leg Sweep+1"],"relics":["Ring of the Snake","NeowsBlessing","Toxic Egg 2"],"potions_floor_usage":[12,16],"damage_taken":[{"damage":0,"enemies":"Jaw Worm","floor":1,"turns":1},{"damage":0,"enemies":"2 Louse","floor":2,"turns":1},{"damage":0,"enemies":"Small Slimes","floor":5,"turns":1},{"damage":0,"enemies":"Red Slaver","floor":11,"turns":6},{"damage":8,"enemies":"Gremlin Gang","floor":12,"turns":4},{"damage":4,"enemies":"Lots of Slimes","floor":13,"turns":5},{"damage":9,"enemies":"Large Slime","floor":14,"turns":8},{"damage":59,"enemies":"Slime Boss","floor":16,"turns":21}],"seed_played":"3885052735963941606","potions_obtained":[{"floor":2,"key":"Fire Potion"},{"floor":11,"key":"Weak Potion"},{"floor":12,"key":"SkillPotion"},{"floor":14,"key":"GhostInAJar"}],"is_trial":false,"path_per_floor":["M","M","?","?","M","R","?","?","T","$","M","M","M","M","R"],"character_chosen":"THE_SILENT","items_purchased":["Blur+1","Caltrops"],"campfire_rested":1,"item_purchase_floors":[10,10],"current_hp_per_floor":[70,70,75,75,75,75,75,64,64,64,64,56,52,43,65,6],"gold":183,"neow_bonus":"THREE_ENEMY_KILL","is_prod":false,"is_daily":false,"chose_seed":false,"campfire_upgraded":1,"win_rate":0,"timestamp":1532220097,"path_taken":["M","M","?","?","?","R","?","?","T","$","M","M","M","?","R","BOSS"],"build_version":"2018-07-19v2","purchased_purges":1,"victory":false,"max_hp_per_floor":[70,70,75,75,75,75,75,75,75,75,75,75,75,75,75,75],"card_choices":[{"not_picked":["Slice","Reflex"],"picked":"Backflip","floor":1},{"not_picked":["All Out Attack","Expertise"],"picked":"Well Laid Plans","floor":2},{"not_picked":["Flechettes","Dagger Throw"],"picked":"Outmaneuver","floor":5},{"not_picked":["Bane","Flechettes"],"picked":"Deadly Poison+1","floor":11},{"not_picked":["Dodge and Roll+1","Expertise+1","PiercingWail+1"],"picked":"SKIP","floor":12},{"not_picked":["Outmaneuver+1","Calculated Gamble+1"],"picked":"Bane","floor":13},{"not_picked":["Terror+1","Outmaneuver+1"],"picked":"Leg Sweep+1","floor":14}],"player_experience":436918,"relics_obtained":[{"floor":9,"key":"Toxic Egg 2"}],"event_choices":[{"event_name":"Big Fish","player_choice":"Donut","floor":3,"damage_taken":0},{"event_name":"Upgrade Shrine","player_choice":"Upgraded","floor":4,"damage_taken":0},{"event_name":"Shining Light","player_choice":"Ignored","floor":7,"damage_taken":0},{"event_name":"World of Goop","player_choice":"Gather Gold","floor":8,"damage_taken":0}],"is_beta":false,"boss_relics":[],"items_purged_floors":[10],"is_endless":false,"potions_floor_spawned":[2,11,12,14],"killed_by":"Slime Boss","ascension_level":1}