{"gold_per_floor":[109,109,109,123,48,73,84,84,84,95,95,195,195,229,229,334,334,349,349,289,289],"floor_reached":21,"playtime":659,"items_purged":["Strike_R"],"score":284,"play_id":"5d661e0d-a6b0-40be-8826-f5f51826219e","local_time":"20190304182213","is_ascension_mode":true,"campfire_choices":[{"data":"Demon Form","floor":8,"key":"SMITH"},{"data":"Limit Break","floor":13,"key":"SMITH"},{"data":"Battle Trance","floor":15,"key":"SMITH"}],"neow_cost":"NONE","seed_source_timestamp":164634255789000,"circlet_count":0,"master_deck":["Strike_R+1","Strike_R","Strike_R","Strike_R","Defend_R","Defend_R","Defend_R+1","Defend_R","Bash","Battle Trance+1","Demon Form+1","Anger","Limit Break+1","Feed","Whirlwind"],"relics":["Burning Blood","NeowsBlessing","Paper Frog","Bottled Lightning","Torii","Eternal Feather"],"potions_floor_usage":[14,19,21],"damage_taken":[{"damage":0,"enemies":"2 Louse","floor":1,"turns":1},{"damage":0,"enemies":"Small Slimes","floor":4,"turns":1},{"damage":0,"enemies":"Gremlin Nob","floor":6,"turns":1},{"damage":0,"enemies":"Jaw Worm","floor":7,"turns":5},{"damage":4,"enemies":"Looter","floor":10,"turns":3},{"damage":20,"enemies":"3 Sentries","floor":14,"turns":3},{"damage":26,"enemies":"Hexaghost","floor":16,"turns":5},{"damage":19,"enemies":"Shell Parasite","floor":18,"turns":3},{"damage":40,"enemies":"Colosseum Slavers","floor":19,"turns":4},{"damage":18,"enemies":"2 Thieves","floor":20,"turns":4},{"damage":24,"enemies":"Masked Bandits","floor":21,"turns":2}],"seed_played":"458833628832372716","potions_obtained":[{"floor":1,"key":"SteroidPotion"},{"floor":6,"key":"Swift Potion"},{"floor":16,"key":"Swift Potion"}],"is_trial":false,"path_per_floor":["M","?","?","M","$","E","M","R","T","M","$","?","R","E","R","B",null,"M","?","M","?"],"character_chosen":"IRONCLAD","items_purchased":[],"campfire_rested":0,"item_purchase_floors":[],"current_hp_per_floor":[78,78,62,68,68,74,80,80,80,80,80,80,80,66,66,46,72,62,31,19,0],"gold":289,"neow_bonus":"THREE_ENEMY_KILL","is_prod":false,"is_daily":false,"chose_seed":false,"campfire_upgraded":3,"win_rate":0,"timestamp":1551752533,"path_taken":["M","?","?","?","$","E","M","R","T","M","$","?","R","E","R","BOSS","M","?","M","?"],"build_version":"2019-01-23","purchased_purges":1,"victory":false,"max_hp_per_floor":[80,80,80,80,80,80,80,80,80,80,80,80,80,80,80,80,80,83,86,86,89],"card_choices":[{"not_picked":["Entrench","Headbutt","Armaments"],"picked":"SKIP","floor":1},{"not_picked":["Shockwave","True Grit"],"picked":"Battle Trance","floor":4},{"not_picked":["Reckless Charge","Pummel"],"picked":"Demon Form","floor":6},{"not_picked":["Clash","Armaments"],"picked":"Anger","floor":7},{"not_picked":["Flex","Pommel Strike"],"picked":"Limit Break","floor":10},{"not_picked":["Clash","Dark Embrace","Armaments"],"picked":"SKIP","floor":14},{"not_picked":["Reaper","Brutality"],"picked":"Feed","floor":16},{"not_picked":["Clothesline","Wild Strike+1"],"picked":"Whirlwind","floor":18},{"not_picked":["Cleave","Wild Strike","Warcry"],"picked":"SKIP","floor":20}],"player_experience":270954,"relics_obtained":[{"floor":6,"key":"Paper Frog"},{"floor":9,"key":"Bottled Lightning"},{"floor":14,"key":"Torii"}],"event_choices":[{"damage_healed":0,"gold_gain":0,"player_choice":"Ignored","damage_taken":0,"max_hp_gain":0,"max_hp_loss":0,"event_name":"Liars Game","floor":2,"gold_loss":0},{"damage_healed":0,"gold_gain":0,"player_choice":"Entered Light","damage_taken":16,"max_hp_gain":0,"max_hp_loss":0,"event_name":"Shining Light","floor":3,"gold_loss":0,"cards_upgraded":["Strike_R","Defend_R"]},{"damage_healed":0,"gold_gain":100,"player_choice":"Pray","damage_taken":0,"max_hp_gain":0,"max_hp_loss":0,"event_name":"Golden Shrine","floor":12,"gold_loss":0},{"damage_healed":0,"gold_gain":0,"player_choice":"Fight","damage_taken":0,"max_hp_gain":0,"max_hp_loss":0,"event_name":"Colosseum","floor":19,"gold_loss":0},{"damage_healed":0,"gold_gain":0,"player_choice":"Fled From Nobs","damage_taken":0,"max_hp_gain":0,"max_hp_loss":0,"event_name":"Colosseum","floor":19,"gold_loss":0},{"damage_healed":0,"gold_gain":0,"player_choice":"Fought Bandits","damage_taken":0,"max_hp_gain":0,"max_hp_loss":0,"event_name":"Masked Bandits","floor":21,"gold_loss":0}],"is_beta":false,"boss_relics":[{"not_picked":["Runic Pyramid","Ectoplasm"],"picked":"Eternal Feather"}],"items_purged_floors":[5],"is_endless":false,"potions_floor_spawned":[1,6,16],"killed_by":"Masked Bandits","ascension_level":7}