{"path_per_floor":["M","?","M","?","M","R","?","M","T","$","T","M","M","M","R","B",null,"M","M","M","$"],"character_chosen":"IRONCLAD","items_purchased":["Rampage","Deep Breath","Metallicize","Dropkick"],"gold_per_floor":[118,118,131,195,211,211,211,235,286,43,43,68,81,104,104,223,223,246,267,286,80,80],"floor_reached":22,"campfire_rested":1,"playtime":2157,"current_hp_per_floor":[80,60,61,61,67,67,49,50,50,50,50,49,52,47,71,39,80,59,25,7,7,0],"items_purged":["Strike_R","Strike_R"],"gold":80,"score":180,"play_id":"8b1444f3-0d7f-44eb-a013-87f980dd3361","local_time":"20180513230642","is_prod":false,"is_daily":false,"chose_seed":false,"is_ascension_mode":false,"campfire_upgraded":1,"timestamp":1526249202,"path_taken":["M","?","M","?","M","R","?","?","T","$","?","M","M","M","R","BOSS","M","M","M","$","M"],"build_version":"2018-05-10","seed_source_timestamp":11338495030119,"purchased_purges":2,"victory":false,"master_deck":["Strike_R","Strike_R","Strike_R","Defend_R","Defend_R","Defend_R","Defend_R","Bash","Clothesline","Thunderclap","Anger+1","Iron Wave","Rampage","Deep Breath","Body Slam+1","Double Tap","Flame Barrier","Barricade","Seeing Red","Iron Wave+1","Rampage+1","Metallicize","Dropkick+1"],"max_hp_per_floor":[80,80,80,80,80,80,80,80,80,80,80,80,80,80,80,80,80,80,80,80,80,80],"relics":["Burning Blood","Golden Idol","Ancient Tea Set","Prayer Wheel","Molten Egg 2","Velvet Choker"],"card_choices":[{"not_picked":["Evolve","Wild Strike"],"picked":"Clothesline","floor":0},{"not_picked":["Sword Boomerang","True Grit"],"picked":"Thunderclap","floor":1},{"not_picked":["Clothesline","Havoc"],"picked":"Anger","floor":3},{"not_picked":["Second Wind","Entrench"],"picked":"Iron Wave","floor":5},{"not_picked":["Rupture","True Grit"],"picked":"Body Slam","floor":11},{"not_picked":["Havoc","Flex"],"picked":"Double Tap","floor":13},{"not_picked":["Burning Pact","Anger"],"picked":"Flame Barrier","floor":14},{"not_picked":["Double Tap","Reaper"],"picked":"Barricade","floor":16},{"not_picked":["Evolve","Body Slam"],"picked":"Seeing Red","floor":18},{"not_picked":["Twin Strike","Warcry"],"picked":"Iron Wave","floor":19},{"not_picked":["Seeing Red","Iron Wave"],"picked":"Rampage","floor":20}],"player_experience":131244,"potions_floor_usage":[5,16,18,19,22],"damage_taken":[{"damage":2,"enemies":"Cultist","floor":1,"turns":4},{"damage":5,"enemies":"2 Louse","floor":3,"turns":3},{"damage":0,"enemies":"Small Slimes","floor":5,"turns":1},{"damage":5,"enemies":"Exordium Thugs","floor":8,"turns":5},{"damage":7,"enemies":"Looter","floor":12,"turns":3},{"damage":3,"enemies":"2 Fungi Beasts","floor":13,"turns":3},{"damage":11,"enemies":"3 Louse","floor":14,"turns":3},{"damage":38,"enemies":"The Guardian","floor":16,"turns":14},{"damage":27,"enemies":"2 Thieves","floor":18,"turns":5},{"damage":40,"enemies":"Spheric Guardian","floor":19,"turns":6},{"damage":24,"enemies":"Snecko","floor":20,"turns":5},{"damage":13,"enemies":"Snake Plant","floor":22,"turns":2}],"event_choices":[{"event_name":"Golden Idol","player_choice":"Take Damage","floor":2,"damage_taken":0},{"event_name":"Golden Wing","player_choice":"Gained Gold","floor":4,"damage_taken":0},{"event_name":"Scrap Ooze","player_choice":"success","floor":7,"damage_taken":18}],"boss_relics":[{"not_picked":["Philosopher\u0027s Stone","Black Blood"],"picked":"Velvet Choker"}],"potions_floor_spawned":[3,8,13,16,19],"seed_played":"-7810035989369805349","killed_by":"Snake Plant","ascension_level":0,"is_trial":false}