{"gold_per_floor":[113,131,144,159,159,159,490,154,154,154,171,171,171,204,204,302,302,269,269,269,13,25,25,54,154,203,222,254,269,269],"floor_reached":30,"playtime":3915,"items_purged":[],"score":428,"play_id":"9e83c5b2-d4a5-4fa6-8e62-93ff5fc7858e","local_time":"20181109231138","is_ascension_mode":true,"campfire_choices":[{"floor":6.0,"key":"REST"},{"floor":10,"key":"REST"},{"floor":12,"key":"REST"},{"floor":15,"key":"REST"},{"floor":23,"key":"REST"}],"neow_cost":"NONE","seed_source_timestamp":0,"circlet_count":0,"master_deck":["Defend_G","Defend_G","Defend_G","Defend_G","Defend_G","Survivor","Neutralize+1","Slice+1","Prepared","Leg Sweep","Dagger Spray","Footwork","Envenom","Apotheosis","Noxious Fumes","Dramatic Entrance","Dodge and Roll","Well Laid Plans","Adrenaline","Bite","Bite","Bite","Bite+1","Bite","Riddle With Holes","Deflect+1","Blade Dance+1","Terror+1","Deadly Poison+1"],"special_seed":0,"relics":["Ring of the Snake","Old Coin","Bottled Tornado","Pantograph","White Beast Statue","Whetstone","Boot","Anchor","Vajra"],"potions_floor_usage":[24,24,27,28,28,29],"damage_taken":[{"damage":4.0,"enemies":"Small Slimes","floor":1.0,"turns":5.0},{"damage":0.0,"enemies":"Cultist","floor":2.0,"turns":4.0},{"damage":2.0,"enemies":"Jaw Worm","floor":3.0,"turns":5.0},{"damage":17.0,"enemies":"Large Slime","floor":4.0,"turns":11.0},{"damage":39.0,"enemies":"3 Sentries","floor":7.0,"turns":13.0},{"damage":12,"enemies":"Exordium Wildlife","floor":11,"turns":6},{"damage":14,"enemies":"Lagavulin","floor":14,"turns":10},{"damage":10,"enemies":"The Guardian","floor":16,"turns":11},{"damage":23,"enemies":"2 Thieves","floor":18,"turns":5},{"damage":36,"enemies":"Colosseum Slavers","floor":19,"turns":7},{"damage":2,"enemies":"Shell Parasite","floor":22,"turns":11},{"damage":23,"enemies":"Gremlin Leader","floor":24,"turns":7},{"damage":16,"enemies":"Snake Plant","floor":27,"turns":6},{"damage":20,"enemies":"Slavers","floor":28,"turns":12},{"damage":20,"enemies":"Snecko","floor":29,"turns":5},{"damage":23,"enemies":"Cultist and Chosen","floor":30,"turns":4}],"seed_played":"8040958885176617600","potions_obtained":[{"floor":3.0,"key":"Strength Potion"},{"floor":11,"key":"FearPotion"},{"floor":18,"key":"GamblersBrew"},{"floor":24,"key":"Swift Potion"},{"floor":27,"key":"SpeedPotion"},{"floor":28,"key":"AttackPotion"},{"floor":29,"key":"SteroidPotion"}],"is_trial":false,"path_per_floor":["M","M","M","M","?","R","E","E","$","T","R","M","R","?","E","R","B",null,"M","?","?","$","M","R","E","?","T","M","E","M","M"],"character_chosen":"THE_SILENT","items_purchased":["Apotheosis","Noxious Fumes","Dramatic Entrance","GhostInAJar","Whetstone","Riddle With Holes"],"campfire_rested":5,"item_purchase_floors":[8,8,8,21,21,21],"current_hp_per_floor":[59,59,57,40,40,61,22,22,22,43,31,52,52,38,59,60,68,45,9,9,9,28,42,30,30,30,23,25,14,0],"gold":269,"neow_bonus":"THREE_CARDS","is_prod":false,"is_daily":false,"chose_seed":false,"campfire_upgraded":0,"win_rate":0,"timestamp":1541805098,"path_taken":["M","M","M","M","?","R","E","$","T","R","?","R","?","E","R","BOSS","M","?","?","$","M","R","E","?","T","M","E","M","?"],"build_version":"2018-11-08","purchased_purges":0,"victory":false,"max_hp_per_floor":[70,70,70,70,70,70,70,70,70,70,70,70,70,70,70,70,70,70,70,49,49,49,49,49,49,49,49,49,49,49],"card_choices":[{"not_picked":["Prepared","Backflip"],"picked":"Slice","floor":0.0},{"not_picked":["Bane","Choke"],"picked":"Prepared","floor":1.0},{"not_picked":["Slice","Quick Slash"],"picked":"Leg Sweep","floor":2.0},{"not_picked":["Infinite Blades","Catalyst"],"picked":"Dagger Spray","floor":3.0},{"not_picked":["Cloak And Dagger","Predator"],"picked":"Footwork","floor":4.0},{"not_picked":["Night Terror","Sucker Punch"],"picked":"Envenom","floor":7},{"not_picked":["Setup","Dagger Spray"],"picked":"Dodge and Roll","floor":11},{"not_picked":["Eviscerate","Masterful Stab"],"picked":"Well Laid Plans","floor":14},{"not_picked":["Wraith Form v2","Night Terror"],"picked":"Adrenaline","floor":16},{"not_picked":["Prepared","Underhanded Strike","Dodge and Roll"],"picked":"SKIP","floor":18},{"not_picked":["Dodge and Roll","Tactician"],"picked":"Deflect+1","floor":22},{"not_picked":["PiercingWail+1","Prepared"],"picked":"Blade Dance+1","floor":24},{"not_picked":["Slice","Blade Dance"],"picked":"Terror+1","floor":27},{"not_picked":["Terror","All Out Attack+1"],"picked":"Deadly Poison+1","floor":28},{"not_picked":["Deflect","Dagger Throw","Burst"],"picked":"SKIP","floor":29}],"player_experience":802643,"relics_obtained":[{"floor":7,"key":"Old Coin"},{"floor":9,"key":"Bottled Tornado"},{"floor":14,"key":"Pantograph"},{"floor":24,"key":"Boot"},{"floor":26,"key":"Anchor"},{"floor":28,"key":"Vajra"}],"event_choices":[{"damage_healed":0.0,"max_hp_gain":0.0,"max_hp_loss":0.0,"gold_gain":0.0,"event_name":"Upgrade Shrine","player_choice":"Upgraded","floor":5.0,"gold_loss":0.0,"damage_taken":0.0,"cards_upgraded":["Neutralize"]},{"damage_healed":0,"gold_gain":0,"player_choice":"Ignored","damage_taken":0,"max_hp_gain":0,"max_hp_loss":0,"event_name":"Liars Game","floor":13,"gold_loss":0},{"damage_healed":0,"gold_gain":0,"player_choice":"Fight","damage_taken":0,"max_hp_gain":0,"max_hp_loss":0,"event_name":"Colosseum","floor":19,"gold_loss":0},{"damage_healed":0,"gold_gain":0,"player_choice":"Fled From Nobs","damage_taken":0,"max_hp_gain":0,"max_hp_loss":0,"event_name":"Colosseum","floor":19,"gold_loss":0},{"damage_healed":0,"gold_gain":0,"player_choice":"Became a vampire","damage_taken":0,"max_hp_gain":0,"max_hp_loss":21,"event_name":"Vampires","floor":20,"gold_loss":0,"cards_obtained":["Bite","Bite","Bite","Bite","Bite"]},{"damage_healed":0,"gold_gain":100,"player_choice":"Pray","damage_taken":0,"max_hp_gain":0,"max_hp_loss":0,"event_name":"Golden Shrine","floor":25,"gold_loss":0}],"is_beta":false,"boss_relics":[{"not_picked":["Velvet Choker","Calling Bell"],"picked":"White Beast Statue"}],"items_purged_floors":[],"is_endless":false,"potions_floor_spawned":[3,11,18,19,22,24,27,28,29],"killed_by":"Cultist and Chosen","ascension_level":9}