{"gold_per_floor":[217,217,217,228,153,153,167,167,245,73,83,83,96,108,108,108],"floor_reached":16,"playtime":303,"items_purged":["Strike_R"],"score":166,"play_id":"b8aeab33-b160-43fd-ae83-236ad1c43f48","local_time":"20190514021900","is_ascension_mode":true,"campfire_choices":[{"data":"Sword Boomerang","floor":6,"key":"SMITH"},{"data":"Cleave","floor":8,"key":"SMITH"},{"data":"Bash","floor":15,"key":"SMITH"}],"neow_cost":"NONE","seed_source_timestamp":468159488362700,"circlet_count":0,"master_deck":["AscendersBane","Strike_R","Strike_R","Defend_R","Defend_R","Defend_R","Defend_R","Bash+1","Sword Boomerang+1","Cleave+1"],"relics":["Burning Blood","Question Card","Omamori"],"potions_floor_usage":[16],"damage_taken":[{"damage":9,"enemies":"2 Louse","floor":1,"turns":4},{"damage":8,"enemies":"Small Slimes","floor":4,"turns":5},{"damage":1,"enemies":"Cultist","floor":7,"turns":3},{"damage":15,"enemies":"Gremlin Gang","floor":11,"turns":4},{"damage":7,"enemies":"Lots of Slimes","floor":13,"turns":2},{"damage":0,"enemies":"Large Slime","floor":14,"turns":5},{"damage":82,"enemies":"Hexaghost","floor":16,"turns":9}],"seed_played":"1321977046581879969","potions_obtained":[{"floor":14,"key":"Regen Potion"}],"is_trial":false,"path_per_floor":["M","?","?","M","$","R","M","R","T","$","M","$","M","M","R","B"],"character_chosen":"IRONCLAD","items_purchased":["Omamori"],"campfire_rested":0,"item_purchase_floors":[10],"current_hp_per_floor":[65,65,65,63,63,63,68,68,68,68,59,59,58,64,64,0],"gold":108,"neow_bonus":"HUNDRED_GOLD","is_prod":false,"is_daily":false,"chose_seed":false,"campfire_upgraded":3,"win_rate":0,"timestamp":1557825540,"path_taken":["M","?","?","M","$","R","?","R","T","$","?","$","?","M","R","BOSS"],"build_version":"2019-01-23","purchased_purges":1,"victory":false,"max_hp_per_floor":[75,75,75,75,75,75,75,75,75,75,75,75,75,75,75,75],"card_choices":[{"not_picked":["Twin Strike","Reckless Charge"],"picked":"Sword Boomerang","floor":1},{"not_picked":["Intimidate","Feel No Pain","Reckless Charge"],"picked":"SKIP","floor":4},{"not_picked":["Clash","Body Slam"],"picked":"Cleave","floor":7},{"not_picked":["Burning Pact","Havoc","Disarm","Warcry"],"picked":"SKIP","floor":11},{"not_picked":["Searing Blow","Clothesline","Reckless Charge","Shrug It Off"],"picked":"SKIP","floor":13},{"not_picked":["Rage","Power Through","Feel No Pain","Havoc"],"picked":"SKIP","floor":14}],"player_experience":386128,"relics_obtained":[{"floor":9,"key":"Question Card"}],"event_choices":[{"cards_removed":["Strike_R"],"damage_healed":0,"gold_gain":0,"player_choice":"Forget","damage_taken":0,"max_hp_gain":0,"max_hp_loss":0,"event_name":"Living Wall","floor":2,"gold_loss":0},{"cards_removed":["Strike_R"],"damage_healed":0,"gold_gain":0,"player_choice":"Offered Basic","damage_taken":0,"max_hp_gain":0,"max_hp_loss":0,"event_name":"Bonfire Elementals","floor":3,"gold_loss":0}],"is_beta":false,"boss_relics":[],"items_purged_floors":[5],"is_endless":false,"potions_floor_spawned":[14],"killed_by":"Hexaghost","ascension_level":16}