{"gold_per_floor":[210,285,2,2,17,17,33,58,138,155,155,168,168,168,168,267,267,283,183,183,183,183,183,226,226,281,104,104,138,154,175,175,270,270,289,302,149,149,6,6,26,26,26,26,39,261,285,321,321,321],"floor_reached":51,"playtime":1219,"items_purged":["Strike_R","Parasite","Bash"],"score":1402,"play_id":"e6026a24-1a9f-45cb-acb9-e21a00cce9a1","local_time":"20190510140805","is_ascension_mode":true,"campfire_choices":[{"data":"Flex","floor":6.0,"key":"SMITH"},{"data":"Flex","floor":11.0,"key":"SMITH"},{"floor":15.0,"key":"REST"},{"data":"Offering","floor":23.0,"key":"SMITH"},{"data":"Heavy Blade","floor":25.0,"key":"SMITH"},{"data":"Flex","floor":28.0,"key":"SMITH"},{"data":"Sword Boomerang","floor":32.0,"key":"SMITH"},{"data":"Thunderclap","floor":40.0,"key":"SMITH"},{"floor":44.0,"key":"RECALL"},{"floor":49.0,"key":"REST"}],"neow_cost":"NONE","seed_source_timestamp":0,"circlet_count":0,"master_deck":["AscendersBane","Flex+1","Flex+1","Thunderclap+1","Offering+1","Sword Boomerang+1","Heavy Blade+1","Flex+1","Flex+1"],"special_seed":0,"relics":["Black Blood","HandDrill","Bronze Scales","Blue Candle","Shuriken","Golden Idol","Pandora\u0027s Box","Vajra","Strawberry","Red Mask","Lantern","Red Skull","Toxic Egg 2","Bird Faced Urn"],"potions_floor_usage":[50],"damage_taken":[{"damage":7.0,"enemies":"2 Louse","floor":1.0,"turns":2.0},{"damage":10.0,"enemies":"Small Slimes","floor":5.0,"turns":4.0},{"damage":7.0,"enemies":"Jaw Worm","floor":7.0,"turns":2.0},{"damage":35.0,"enemies":"Lagavulin","floor":8.0,"turns":5.0},{"damage":21.0,"enemies":"Large Slime","floor":10.0,"turns":7.0},{"damage":13.0,"enemies":"3 Louse","floor":12.0,"turns":3.0},{"damage":49.0,"enemies":"The Guardian","floor":16.0,"turns":10.0},{"damage":17.0,"enemies":"2 Thieves","floor":18.0,"turns":2.0},{"damage":19.0,"enemies":"Colosseum Slavers","floor":22.0,"turns":2.0},{"damage":6.0,"enemies":"Gremlin Leader","floor":24.0,"turns":1.0},{"damage":6.0,"enemies":"Masked Bandits","floor":29.0,"turns":1.0},{"damage":6.0,"enemies":"Chosen","floor":30.0,"turns":1.0},{"damage":0.0,"enemies":"Snecko","floor":31.0,"turns":2.0},{"damage":6.0,"enemies":"Collector","floor":33.0,"turns":1.0},{"damage":18.0,"enemies":"3 Shapes","floor":35.0,"turns":1.0},{"damage":6.0,"enemies":"3 Darklings","floor":36.0,"turns":1.0},{"damage":6.0,"enemies":"Jaw Worm Horde","floor":41.0,"turns":1.0},{"damage":17.0,"enemies":"4 Shapes","floor":45.0,"turns":1.0},{"damage":22.0,"enemies":"Sphere and 2 Shapes","floor":47.0,"turns":1.0},{"damage":6.0,"enemies":"Giant Head","floor":48.0,"turns":2.0},{"damage":61,"enemies":"Donu and Deca","floor":50,"turns":4}],"seed_played":"2563227141382140589","potions_obtained":[{"floor":8.0,"key":"Regen Potion"},{"floor":16.0,"key":"EssenceOfSteel"},{"floor":18.0,"key":"EssenceOfSteel"},{"floor":24.0,"key":"Swift Potion"},{"floor":31.0,"key":"Poison Potion"},{"floor":33.0,"key":"Swift Potion"},{"floor":36.0,"key":"LiquidBronze"}],"is_trial":false,"path_per_floor":["M","?","$","?","M","R","M","E","T","M","R","M","?","?","R","B",null,"M","$","?","?","?","R","E","R","T","$","R","?","M","M","R","B",null,"M","M","$","?","$","R","M","?","T","R","M","?","M","E","R","B",null],"character_chosen":"IRONCLAD","items_purchased":["HandDrill","Flex","Lantern","Red Skull"],"campfire_rested":2,"item_purchase_floors":[3,27,37,39],"current_hp_per_floor":[67,56,56,53,49,49,48,19,19,19,19,12,30,30,50,7,54,43,43,65,65,52,52,52,52,59,59,59,59,59,65,65,65,71,63,67,67,67,67,67,69,69,69,69,62,62,50,54,69,18],"gold":321,"neow_bonus":"HUNDRED_GOLD","is_prod":false,"is_daily":false,"chose_seed":false,"campfire_upgraded":7,"win_rate":0,"timestamp":1557522485,"path_taken":["M","?","$","?","M","R","?","E","T","M","R","M","?","?","R","BOSS","M","$","?","?","?","R","E","R","T","$","R","?","M","M","R","BOSS","M","M","$","?","?","R","M","?","T","R","?","?","M","E","R","BOSS"],"build_version":"2019-01-23","purchased_purges":3,"victory":true,"max_hp_per_floor":[75,75,75,75,75,75,75,75,75,75,75,75,75,69,69,69,69,69,66,66,66,66,66,66,66,73,73,73,73,73,73,73,73,73,73,73,73,69,69,69,69,69,69,69,69,69,69,69,69,69],"card_choices":[{"not_picked":["Thunderclap","Perfected Strike"],"picked":"Flex","floor":1.0},{"not_picked":["Perfected Strike","Seeing Red"],"picked":"Flex","floor":5.0},{"not_picked":["True Grit","Disarm","Spot Weakness"],"picked":"SKIP","floor":7.0},{"not_picked":["Infernal Blade","Seeing Red"],"picked":"Thunderclap","floor":8.0},{"not_picked":["Heavy Blade","Thunderclap"],"picked":"Offering","floor":10.0},{"not_picked":["Warcry","Clash"],"picked":"Sword Boomerang","floor":12.0},{"not_picked":["Iron Wave","Armaments"],"picked":"Heavy Blade","floor":18.0},{"not_picked":["Body Slam","Heavy Blade","Warcry"],"picked":"SKIP","floor":24.0},{"not_picked":["Iron Wave","Rupture","Uppercut"],"picked":"SKIP","floor":30.0},{"not_picked":["Wild Strike","Sword Boomerang","Feel No Pain"],"picked":"SKIP","floor":31.0},{"not_picked":["Clash+1","Pummel","Dropkick"],"picked":"SKIP","floor":35.0},{"not_picked":["Havoc+1","Pommel Strike","Pummel+1"],"picked":"SKIP","floor":36.0},{"not_picked":["Ghostly Armor","Sentinel+1","Iron Wave+1"],"picked":"SKIP","floor":41.0},{"not_picked":["Flex+1","Pommel Strike+1","Anger+1"],"picked":"SKIP","floor":45.0},{"not_picked":["Body Slam","Thunderclap","Wild Strike"],"picked":"SKIP","floor":47.0},{"not_picked":["Twin Strike+1","Seeing Red+1","Impervious+1"],"picked":"SKIP","floor":48.0}],"player_experience":381307,"relics_obtained":[{"floor":8.0,"key":"Blue Candle"},{"floor":9.0,"key":"Shuriken"},{"floor":24.0,"key":"Vajra"},{"floor":26.0,"key":"Strawberry"},{"floor":29.0,"key":"Red Mask"},{"floor":43.0,"key":"Toxic Egg 2"},{"floor":48.0,"key":"Bird Faced Urn"}],"event_choices":[{"damage_healed":0.0,"max_hp_gain":0.0,"max_hp_loss":0.0,"gold_gain":75.0,"event_name":"World of Goop","player_choice":"Gather Gold","floor":2.0,"gold_loss":0.0,"damage_taken":11.0},{"damage_healed":0.0,"max_hp_gain":0.0,"max_hp_loss":0.0,"gold_gain":0.0,"event_name":"Scrap Ooze","player_choice":"Success","floor":4.0,"gold_loss":0.0,"damage_taken":3.0,"relics_obtained":["Bronze Scales"]},{"damage_healed":18.0,"max_hp_gain":0.0,"max_hp_loss":0.0,"gold_gain":0.0,"event_name":"Mushrooms","player_choice":"Healed and dodged fight","floor":13.0,"gold_loss":0.0,"damage_taken":0.0,"cards_obtained":["Parasite"]},{"damage_healed":0.0,"max_hp_gain":0.0,"max_hp_loss":6.0,"gold_gain":0.0,"event_name":"Golden Idol","player_choice":"Lose Max HP","floor":14.0,"gold_loss":0.0,"damage_taken":0.0,"relics_obtained":["Golden Idol"]},{"damage_healed":22.0,"max_hp_gain":0.0,"max_hp_loss":0.0,"gold_gain":0.0,"event_name":"The Library","player_choice":"Heal","floor":20.0,"gold_loss":0.0,"damage_taken":0.0},{"damage_healed":0.0,"max_hp_gain":0.0,"max_hp_loss":0.0,"gold_gain":0.0,"event_name":"The Mausoleum","player_choice":"Ignored","floor":21.0,"gold_loss":0.0,"damage_taken":0.0},{"damage_healed":0.0,"max_hp_gain":0.0,"max_hp_loss":0.0,"gold_gain":0.0,"event_name":"Colosseum","player_choice":"Fight","floor":22.0,"gold_loss":0.0,"damage_taken":0.0},{"damage_healed":0.0,"max_hp_gain":0.0,"max_hp_loss":0.0,"gold_gain":0.0,"event_name":"Colosseum","player_choice":"Fled From Nobs","floor":22.0,"gold_loss":0.0,"damage_taken":0.0},{"damage_healed":0.0,"max_hp_gain":0.0,"max_hp_loss":0.0,"gold_gain":0.0,"event_name":"Masked Bandits","player_choice":"Fought Bandits","floor":29.0,"gold_loss":0.0,"damage_taken":0.0},{"damage_healed":0.0,"max_hp_gain":0.0,"max_hp_loss":4.0,"gold_gain":0.0,"event_name":"Winding Halls","player_choice":"Max HP","floor":38.0,"gold_loss":0.0,"damage_taken":0.0},{"damage_healed":0.0,"max_hp_gain":0.0,"max_hp_loss":0.0,"gold_gain":0.0,"event_name":"Duplicator","player_choice":"Copied","floor":42.0,"gold_loss":0.0,"damage_taken":0.0,"cards_obtained":["Flex"]},{"damage_healed":0.0,"max_hp_gain":0.0,"max_hp_loss":0.0,"gold_gain":222.0,"event_name":"Tomb of Lord Red Mask","player_choice":"Wore Mask","floor":46.0,"gold_loss":0.0,"damage_taken":0.0}],"is_beta":false,"boss_relics":[{"not_picked":["Cursed Key","Empty Cage"],"picked":"Pandora\u0027s Box"},{"not_picked":["Fusion Hammer","Lizard Tail"],"picked":"Black Blood"}],"items_purged_floors":[3,19,27],"is_endless":false,"potions_floor_spawned":[8,16,18,24,31,33,36],"ascension_level":14}