{"path_per_floor":["M","M","?","?","M","R","E","M","T","M","$","R","$","?","R"],"character_chosen":"IRONCLAD","items_purchased":["Mind Blast","Feel No Pain","Iron Wave"],"gold_per_floor":[117,127,127,92,105,105,134,144,198,218,21,21,21,21,21,21],"floor_reached":16,"campfire_rested":2,"playtime":1954,"current_hp_per_floor":[40,46,30,50,51,75,64,53,53,55,55,80,80,73,73,0],"items_purged":[],"gold":21,"score":100,"play_id":"3cf5b684-cd3e-440c-acfb-a555aec3ea06","local_time":"20180507103634","is_prod":false,"is_daily":false,"chose_seed":false,"is_ascension_mode":false,"campfire_upgraded":1,"timestamp":1525685794,"path_taken":["M","M","?","?","M","R","E","M","T","M","$","R","?","?","R","BOSS"],"build_version":"2018-05-03","seed_source_timestamp":1601021314606340,"purchased_purges":0,"victory":false,"master_deck":["Strike_R","Strike_R","Strike_R","Strike_R+1","Strike_R+1","Defend_R","Defend_R","Defend_R","Defend_R","Bash","Juggernaut","Fire Breathing","Clothesline","Uppercut","Feed","Cleave","Perfected Strike","Mind Blast+1","Feel No Pain","Iron Wave"],"max_hp_per_floor":[80,80,80,80,80,80,80,83,83,86,86,86,86,86,86,86],"relics":["Burning Blood","Ornamental Fan","Bronze Scales","Lantern"],"card_choices":[{"not_picked":["Barricade","Dark Embrace"],"picked":"Juggernaut","floor":0},{"not_picked":["Warcry","Sword Boomerang"],"picked":"Fire Breathing","floor":1},{"not_picked":["Warcry","Body Slam"],"picked":"Clothesline","floor":2},{"not_picked":["Shockwave","Flex"],"picked":"Uppercut","floor":5},{"not_picked":["Twin Strike","Cleave"],"picked":"Feed","floor":7},{"not_picked":["Battle Trance","Twin Strike"],"picked":"Cleave","floor":8},{"not_picked":["Warcry","Burning Pact"],"picked":"Perfected Strike","floor":10}],"player_experience":12720,"potions_floor_usage":[16],"damage_taken":[{"damage":6,"enemies":"Jaw Worm","floor":1,"turns":6},{"damage":0,"enemies":"2 Louse","floor":2,"turns":3},{"damage":5,"enemies":"Small Slimes","floor":5,"turns":5},{"damage":17,"enemies":"Gremlin Nob","floor":7,"turns":4},{"damage":20,"enemies":"Blue Slaver","floor":8,"turns":5},{"damage":7,"enemies":"Looter","floor":10,"turns":3},{"damage":74,"enemies":"Slime Boss","floor":16,"turns":11}],"event_choices":[{"event_name":"Shining Light","player_choice":"Entered Light","floor":3,"damage_taken":0},{"event_name":"The Cleric","player_choice":"Healed","floor":4,"damage_taken":0},{"event_name":"Scrap Ooze","player_choice":"success","floor":14,"damage_taken":7}],"boss_relics":[],"potions_floor_spawned":[1,10],"seed_played":"9046325096064672848","killed_by":"Slime Boss","ascension_level":0,"is_trial":false}