{"gold_per_floor":[114,114,14,30,45,70,70,100,100,100,50,50,79,90,90,192,192,132,82,82,11,11,11,11],"floor_reached":24,"playtime":1630,"items_purged":[],"score":336,"play_id":"77ee73d0-8e4c-4af2-87cb-169303618542","local_time":"20181117155544","is_ascension_mode":true,"campfire_choices":[{"data":"Footwork","floor":7,"key":"SMITH"},{"floor":10,"key":"REST"},{"data":"Neutralize","floor":15,"key":"SMITH"}],"neow_cost":"NONE","seed_source_timestamp":321284650964372,"circlet_count":0,"master_deck":["Defend_G","Defend_G","Defend_G","Defend_G+1","Defend_G","Strike_G","Strike_G","Strike_G","Strike_G+1","Survivor","Neutralize+1","Deflect","Blade Dance","Well Laid Plans","Dash","Masterful Stab","Footwork+1","Footwork","Blade Dance","All Out Attack","Burst","Noxious Fumes+1","Catalyst","Finisher","Deflect+1"],"relics":["Ring of the Snake","NeowsBlessing","Gambling Chip","Pear","Mercury Hourglass","Frozen Egg 2","Ectoplasm","Letter Opener"],"potions_floor_usage":[6,6,16,23,23,23,24,24],"damage_taken":[{"damage":0,"enemies":"Small Slimes","floor":1,"turns":1},{"damage":0,"enemies":"Cultist","floor":4,"turns":1},{"damage":0,"enemies":"Jaw Worm","floor":5,"turns":1},{"damage":6,"enemies":"Gremlin Nob","floor":6,"turns":5},{"damage":14,"enemies":"3 Sentries","floor":8,"turns":12},{"damage":8,"enemies":"Gremlin Nob","floor":13,"turns":5},{"damage":0,"enemies":"Looter","floor":14,"turns":3},{"damage":28,"enemies":"The Guardian","floor":16,"turns":16},{"damage":13,"enemies":"2 Thieves","floor":18,"turns":4},{"damage":12,"enemies":"3 Byrds","floor":20,"turns":5},{"damage":30,"enemies":"Book of Stabbing","floor":23,"turns":7},{"damage":13,"enemies":"Cultist and Chosen","floor":24,"turns":4}],"seed_played":"-759689977399445824","potions_obtained":[{"floor":2,"key":"Weak Potion"},{"floor":2,"key":"Block Potion"},{"floor":2,"key":"EntropicBrew"},{"floor":8,"key":"SteroidPotion"},{"floor":13,"key":"GamblersBrew"},{"floor":14,"key":"FearPotion"},{"floor":16,"key":"Energy Potion"}],"is_trial":false,"path_per_floor":["M","?","$","M","M","E","R","E","T","R","?","?","E","M","R","B",null,"M","?","M","$","?","E","M"],"character_chosen":"THE_SILENT","items_purchased":["Blade Dance","Well Laid Plans","Catalyst"],"campfire_rested":1,"item_purchase_floors":[3,3,21],"current_hp_per_floor":[63,63,63,63,63,57,57,53,53,77,77,61,53,53,53,25,66,53,53,41,41,41,11,0],"gold":11,"neow_bonus":"THREE_ENEMY_KILL","is_prod":false,"is_daily":false,"chose_seed":false,"campfire_upgraded":2,"win_rate":0,"timestamp":1542470144,"path_taken":["M","?","$","?","M","E","R","E","T","R","?","?","E","M","R","BOSS","M","?","?","?","?","E","?"],"build_version":"2018-11-15","purchased_purges":0,"victory":false,"max_hp_per_floor":[70,70,70,70,70,70,70,80,80,80,80,80,80,80,80,80,80,80,80,80,80,80,80,80],"card_choices":[{"not_picked":["Quick Slash","Tactician"],"picked":"Deflect","floor":1},{"not_picked":["Deadly Poison","Outmaneuver"],"picked":"Dash","floor":4},{"not_picked":["Sucker Punch","Deflect"],"picked":"Masterful Stab","floor":5},{"not_picked":["Reflex","Skewer"],"picked":"Footwork","floor":6},{"not_picked":["Storm of Steel","Noxious Fumes"],"picked":"Footwork","floor":8},{"not_picked":["Predator","Tactician"],"picked":"Blade Dance","floor":13},{"not_picked":["Eviscerate","Leg Sweep"],"picked":"All Out Attack","floor":14},{"not_picked":["Wraith Form v2+1","Tools of the Trade+1"],"picked":"Burst","floor":16},{"not_picked":["Calculated Gamble","Tactician+1"],"picked":"Noxious Fumes+1","floor":18},{"not_picked":["Outmaneuver","Quick Slash","Poisoned Stab"],"picked":"SKIP","floor":20},{"not_picked":["Flying Knee+1","Flechettes+1"],"picked":"Deflect+1","floor":23}],"player_experience":851592,"relics_obtained":[{"floor":6,"key":"Gambling Chip"},{"floor":8,"key":"Pear"},{"floor":9,"key":"Mercury Hourglass"},{"floor":13,"key":"Frozen Egg 2"},{"floor":23,"key":"Letter Opener"}],"event_choices":[{"damage_healed":0,"gold_gain":0,"player_choice":"Got Potions","damage_taken":0,"max_hp_gain":0,"max_hp_loss":0,"event_name":"Lab","floor":2,"gold_loss":0},{"damage_healed":0,"gold_gain":0,"player_choice":"Left Gold","damage_taken":0,"max_hp_gain":0,"max_hp_loss":0,"event_name":"World of Goop","floor":11,"gold_loss":50},{"damage_healed":0,"gold_gain":0,"player_choice":"Entered Light","damage_taken":16,"max_hp_gain":0,"max_hp_loss":0,"event_name":"Shining Light","floor":12,"gold_loss":0,"cards_upgraded":["Strike_G","Defend_G"]},{"damage_healed":0,"gold_gain":0,"player_choice":"Bet on Owner","damage_taken":0,"max_hp_gain":0,"max_hp_loss":0,"event_name":"The Joust","floor":19,"gold_loss":50},{"damage_healed":0,"gold_gain":0,"cards_transformed":["Strike_G"],"player_choice":"Transformed","damage_taken":0,"max_hp_gain":0,"max_hp_loss":0,"event_name":"Transmorgrifier","floor":22,"gold_loss":0,"cards_obtained":["Finisher"]}],"is_beta":false,"boss_relics":[{"not_picked":["Runic Pyramid","Lizard Tail"],"picked":"Ectoplasm"}],"items_purged_floors":[],"is_endless":false,"potions_floor_spawned":[5,8,13,14,16,20],"killed_by":"Cultist and Chosen","ascension_level":9}