{"gold_per_floor":[115,126,138,138,138,138,65,65,65,85,96,96,96,114,114,218,218,235,252,1,17,17,17,27,3,55,55,71,71,0,90,90,90],"floor_reached":33,"playtime":5884,"items_purged":[],"score":237,"play_id":"8436c3e2-bddd-4e05-838a-31c3bdffc3da","local_time":"20190711050442","is_ascension_mode":false,"campfire_choices":[{"data":"Riddle With Holes","floor":6,"key":"SMITH"},{"data":"Bouncing Flask","floor":8,"key":"SMITH"},{"floor":12,"key":"REST"},{"data":"Distraction","floor":15,"key":"SMITH"},{"floor":23,"key":"REST"},{"floor":27,"key":"REST"},{"floor":32,"key":"REST"}],"neow_cost":"NONE","seed_source_timestamp":115901019631891,"circlet_count":0,"master_deck":["Strike_G","Strike_G","Strike_G","Strike_G","Strike_G","Defend_G+1","Defend_G+1","Defend_G","Defend_G","Defend_G","Survivor","Neutralize","Well Laid Plans","Bouncing Flask+1","Riddle With Holes+1","Underhanded Strike","Deflect","Masterful Stab","Distraction+1","Phantasmal Killer+1","Backstab","Infinite Blades","Riddle With Holes","Flying Knee","Sucker Punch","Flying Knee+1"],"relics":["Ring of the Snake","PreservedInsect","Letter Opener","Fusion Hammer","Bottled Flame","War Paint"],"potions_floor_usage":[18,19,21,24,33,33],"damage_taken":[{"damage":0,"enemies":"Jaw Worm","floor":1,"turns":5},{"damage":1,"enemies":"2 Louse","floor":2,"turns":3},{"damage":1,"enemies":"Cultist","floor":3,"turns":3},{"damage":3,"enemies":"3 Louse","floor":10,"turns":3},{"damage":18,"enemies":"Lots of Slimes","floor":11,"turns":3},{"damage":6,"enemies":"Looter","floor":14,"turns":2},{"damage":38,"enemies":"Slime Boss","floor":16,"turns":9},{"damage":8,"enemies":"3 Byrds","floor":18,"turns":5},{"damage":10,"enemies":"Spheric Guardian","floor":19,"turns":4},{"damage":32,"enemies":"Snake Plant","floor":21,"turns":4},{"damage":10,"enemies":"Snecko","floor":24,"turns":3},{"damage":12,"enemies":"Centurion and Healer","floor":28,"turns":5},{"damage":57,"enemies":"Automaton","floor":33,"turns":8}],"seed_played":"-4974072320641363808","potions_obtained":[{"floor":2,"key":"SpeedPotion"},{"floor":3,"key":"Fire Potion"},{"floor":11,"key":"AttackPotion"},{"floor":16,"key":"EssenceOfSteel"},{"floor":19,"key":"Poison Potion"},{"floor":28,"key":"Strength Potion"}],"is_trial":false,"path_per_floor":["M","M","M","?","?","R","$","R","T","M","M","R","?","M","R","B",null,"M","M","$","M","?","R","M","$","T","R","M","?","?","?","R","B"],"character_chosen":"THE_SILENT","items_purchased":["Underhanded Strike","Deflect","Bottled Flame","Sucker Punch"],"campfire_rested":4,"item_purchase_floors":[7,7,20,25],"current_hp_per_floor":[77,76,75,75,68,68,68,68,68,65,47,70,77,71,71,33,77,69,59,59,27,27,50,40,40,40,63,51,51,51,30,53,0],"gold":90,"neow_bonus":"TEN_PERCENT_HP_BONUS","is_prod":false,"is_daily":false,"chose_seed":false,"campfire_upgraded":3,"win_rate":0.0,"timestamp":1562835882,"path_taken":["M","M","M","?","?","R","?","R","T","M","M","R","?","?","R","BOSS","M","M","$","M","?","R","?","$","T","R","M","?","?","?","R","BOSS"],"build_version":"2019-07-05","purchased_purges":0,"victory":false,"max_hp_per_floor":[77,77,77,77,77,77,77,77,77,77,77,77,77,77,77,77,77,77,77,77,77,77,77,77,77,77,77,77,77,77,77,77,77],"card_choices":[{"not_picked":["Dagger Throw","Quick Slash"],"picked":"Well Laid Plans","floor":1},{"not_picked":["Choke","Slice"],"picked":"Bouncing Flask","floor":2},{"not_picked":["Poisoned Stab","Slice"],"picked":"Riddle With Holes","floor":3},{"not_picked":["Flying Knee","Dagger Throw"],"picked":"Masterful Stab","floor":10},{"not_picked":["PiercingWail","Backflip"],"picked":"Predator","floor":11},{"not_picked":["Noxious Fumes","Skewer"],"picked":"Distraction","floor":14},{"not_picked":["A Thousand Cuts","Burst"],"picked":"Phantasmal Killer","floor":16},{"not_picked":["Sucker Punch+1","Blade Dance+1"],"picked":"Backstab","floor":18},{"not_picked":["Backstab+1","Acrobatics"],"picked":"Infinite Blades","floor":19},{"not_picked":["Backstab","Reflex"],"picked":"Riddle With Holes","floor":21},{"not_picked":["Dodge and Roll","Backflip"],"picked":"Flying Knee","floor":24},{"not_picked":["Flechettes","Underhanded Strike"],"picked":"Flying Knee+1","floor":28}],"player_experience":19064,"relics_obtained":[{"floor":9,"key":"Letter Opener"},{"floor":26,"key":"War Paint"}],"event_choices":[{"damage_healed":0,"gold_gain":0,"player_choice":"Box","damage_taken":0,"relics_obtained":["PreservedInsect"],"max_hp_gain":0,"max_hp_loss":0,"event_name":"Big Fish","floor":4,"gold_loss":0,"cards_obtained":["Regret"]},{"cards_removed":["Regret"],"damage_healed":0,"gold_gain":0,"player_choice":"Card Removal","damage_taken":7,"max_hp_gain":0,"max_hp_loss":0,"event_name":"Golden Wing","floor":5,"gold_loss":0},{"cards_removed":["Predator"],"damage_healed":7,"gold_gain":0,"player_choice":"Offered Uncommon","damage_taken":0,"max_hp_gain":0,"max_hp_loss":0,"event_name":"Bonfire Elementals","floor":13,"gold_loss":0},{"damage_healed":0,"gold_gain":0,"player_choice":"Upgraded","damage_taken":0,"max_hp_gain":0,"max_hp_loss":0,"event_name":"Upgrade Shrine","floor":22,"gold_loss":0,"cards_upgraded":["Phantasmal Killer"]},{"damage_healed":0,"gold_gain":0,"player_choice":"Ignored","damage_taken":0,"max_hp_gain":0,"max_hp_loss":0,"event_name":"Ghosts","floor":29,"gold_loss":0},{"damage_healed":0,"gold_gain":0,"player_choice":"Paid Fearfully","damage_taken":0,"max_hp_gain":0,"max_hp_loss":0,"event_name":"Masked Bandits","floor":30,"gold_loss":71},{"damage_healed":0,"gold_gain":90,"player_choice":"GOLD POTION ","damage_taken":21,"max_hp_gain":0,"max_hp_loss":0,"event_name":"Knowing Skull","floor":31,"potions_obtained":["SpeedPotion"],"gold_loss":0,"cards_obtained":[]}],"is_beta":false,"boss_relics":[{"not_picked":["Lizard Tail","Sozu"],"picked":"Fusion Hammer"}],"items_purged_floors":[],"is_endless":false,"potions_floor_spawned":[2,3,11,16,19,28],"killed_by":"Automaton","ascension_level":0}