{"gold_per_floor":[116,116,143,143,143,177,193,193,239,249,249,274,274,274,274,404,404,419,344,358,358,373,373,397,397,397,509,216,216,229,242,242,370,370,386,261,261,111,111,152,168,168],"floor_reached":42,"playtime":1835,"items_purged":["Strike_R","Strike_R","Strike_R","Defend_R"],"score":516,"play_id":"f654e064-4099-418d-b30d-64a4fb6247c1","local_time":"20190211104437","is_ascension_mode":true,"campfire_choices":[{"data":"Thunderclap","floor":8,"key":"SMITH"},{"data":"Flex","floor":13,"key":"SMITH"},{"data":"Battle Trance","floor":15,"key":"SMITH"},{"data":"Spot Weakness","floor":23,"key":"SMITH"},{"data":"Bash","floor":25,"key":"SMITH"},{"floor":29,"key":"REST"},{"floor":32,"key":"REST"}],"neow_cost":"NONE","seed_source_timestamp":178132372354800,"circlet_count":0,"master_deck":["Strike_R+1","Defend_R","Defend_R","Bash+1","Thunderclap+1","Battle Trance+1","Flex+1","Whirlwind+1","Headbutt+1","Spot Weakness+1","Pommel Strike+1","Demon Form"],"relics":["Burning Blood","NeowsBlessing","Blood Vial","Whetstone","Juzu Bracelet","Golden Idol","Philosopher\u0027s Stone","Enchiridion","MawBank","Chemical X","Mark of Pain","The Courier"],"potions_floor_usage":[33,33,40,42],"damage_taken":[{"damage":0,"enemies":"Small Slimes","floor":1,"turns":1},{"damage":0,"enemies":"Lagavulin","floor":6,"turns":1},{"damage":0,"enemies":"Jaw Worm","floor":7,"turns":1},{"damage":6,"enemies":"2 Louse","floor":10,"turns":2},{"damage":11,"enemies":"Looter","floor":12,"turns":2},{"damage":47,"enemies":"Slime Boss","floor":16,"turns":9},{"damage":0,"enemies":"Spheric Guardian","floor":18,"turns":2},{"damage":14,"enemies":"Chosen","floor":20,"turns":3},{"damage":36,"enemies":"Sentry and Sphere","floor":22,"turns":4},{"damage":1,"enemies":"3 Cultists","floor":24,"turns":1},{"damage":27,"enemies":"Snake Plant","floor":30,"turns":2},{"damage":14,"enemies":"Snecko","floor":31,"turns":3},{"damage":38,"enemies":"Collector","floor":33,"turns":4},{"damage":0,"enemies":"3 Darklings","floor":35,"turns":2},{"damage":69,"enemies":"Nemesis","floor":40,"turns":5},{"damage":7,"enemies":"Orb Walker","floor":41,"turns":2},{"damage":36,"enemies":"Transient","floor":42,"turns":5}],"seed_played":"4717853198182105291","potions_obtained":[{"floor":6,"key":"Explosive Potion"},{"floor":7,"key":"Strength Potion"},{"floor":12,"key":"Fire Potion"},{"floor":24,"key":"Regen Potion"},{"floor":41,"key":"GamblersBrew"}],"is_trial":false,"path_per_floor":["M","?","T","?","?","E","M","R","T","M","?","M","R","?","R","B",null,"M","$","M","?","M","R","M","R","T","?","$","R","M","M","R","B",null,"M","$","?","$","?","E","M","M"],"character_chosen":"IRONCLAD","items_purchased":["Chemical X"],"campfire_rested":2,"item_purchase_floors":[28],"current_hp_per_floor":[80,85,85,78,78,85,85,85,85,85,79,74,74,74,74,35,79,79,79,71,55,27,27,34,34,34,34,34,57,38,32,55,37,79,79,79,75,75,75,12,13,0],"gold":168,"neow_bonus":"THREE_ENEMY_KILL","is_prod":false,"is_daily":false,"chose_seed":false,"campfire_upgraded":5,"win_rate":0,"timestamp":1549910677,"path_taken":["M","?","?","?","?","E","M","R","T","M","?","M","R","?","R","BOSS","M","$","M","?","M","R","M","R","T","?","$","R","M","M","R","BOSS","M","?","?","?","?","E","M","M"],"build_version":"2019-01-23","purchased_purges":4,"victory":false,"max_hp_per_floor":[80,85,85,85,85,85,85,85,85,85,79,79,79,79,79,79,79,79,79,79,79,79,79,79,79,79,79,79,79,79,79,79,79,79,79,79,75,75,75,75,75,75],"card_choices":[{"not_picked":["Perfected Strike","Entrench"],"picked":"Headbutt","floor":1},{"not_picked":["Havoc","Rage","Reckless Charge"],"picked":"SKIP","floor":6},{"not_picked":["True Grit","Wild Strike"],"picked":"Thunderclap","floor":7},{"not_picked":["Seeing Red","Heavy Blade"],"picked":"Battle Trance","floor":10},{"not_picked":["True Grit","Heavy Blade"],"picked":"Flex","floor":12},{"not_picked":["True Grit+1","Corruption"],"picked":"Whirlwind+1","floor":18},{"not_picked":["Dual Wield","Pommel Strike"],"picked":"Headbutt+1","floor":20},{"not_picked":["Whirlwind+1","Ghostly Armor"],"picked":"Spot Weakness","floor":22},{"not_picked":["Clash","Rage"],"picked":"Pommel Strike+1","floor":24},{"not_picked":["Spot Weakness","Headbutt","Searing Blow"],"picked":"SKIP","floor":30},{"not_picked":["Reckless Charge","Perfected Strike","Iron Wave"],"picked":"SKIP","floor":31},{"not_picked":["Barricade","Juggernaut"],"picked":"Demon Form","floor":33},{"not_picked":["Perfected Strike+1","Headbutt","Feel No Pain"],"picked":"SKIP","floor":35},{"not_picked":["Wild Strike+1","Pommel Strike+1","Uppercut"],"picked":"SKIP","floor":40},{"not_picked":["Hemokinesis+1","Iron Wave+1","Sword Boomerang+1"],"picked":"SKIP","floor":41}],"player_experience":129932,"relics_obtained":[{"floor":3,"key":"Blood Vial"},{"floor":6,"key":"Whetstone"},{"floor":9,"key":"Juzu Bracelet"},{"floor":21,"key":"Enchiridion"},{"floor":26,"key":"MawBank"},{"floor":40,"key":"The Courier"}],"event_choices":[{"damage_healed":0,"gold_gain":0,"player_choice":"Donut","damage_taken":0,"max_hp_gain":5,"max_hp_loss":0,"event_name":"Big Fish","floor":2,"gold_loss":0},{"cards_removed":["Defend_R"],"damage_healed":0,"gold_gain":0,"player_choice":"Card Removal","damage_taken":7,"max_hp_gain":0,"max_hp_loss":0,"event_name":"Golden Wing","floor":4,"gold_loss":0},{"cards_removed":["Strike_R"],"damage_healed":0,"gold_gain":0,"player_choice":"Forget","damage_taken":0,"max_hp_gain":0,"max_hp_loss":0,"event_name":"Living Wall","floor":5,"gold_loss":0},{"damage_healed":0,"gold_gain":0,"player_choice":"Lose Max HP","damage_taken":0,"relics_obtained":["Golden Idol"],"max_hp_gain":0,"max_hp_loss":6,"event_name":"Golden Idol","floor":11,"gold_loss":0},{"damage_healed":0,"gold_gain":0,"player_choice":"Ignored","damage_taken":0,"max_hp_gain":0,"max_hp_loss":0,"event_name":"Liars Game","floor":14,"gold_loss":0},{"damage_healed":0,"gold_gain":0,"player_choice":"Obtained Book","damage_taken":16,"max_hp_gain":0,"max_hp_loss":0,"event_name":"Cursed Tome","floor":21,"gold_loss":0},{"damage_healed":0,"gold_gain":100,"player_choice":"Pray","damage_taken":0,"max_hp_gain":0,"max_hp_loss":0,"event_name":"Golden Shrine","floor":27,"gold_loss":0},{"damage_healed":0,"gold_gain":0,"player_choice":"Max HP","damage_taken":0,"max_hp_gain":0,"max_hp_loss":4,"event_name":"Winding Halls","floor":37,"gold_loss":0},{"cards_removed":["Headbutt"],"damage_healed":0,"gold_gain":0,"player_choice":"Removed Attack","damage_taken":0,"max_hp_gain":0,"max_hp_loss":0,"event_name":"Falling","floor":39,"gold_loss":0}],"is_beta":false,"boss_relics":[{"not_picked":["Velvet Choker","Fusion Hammer"],"picked":"Philosopher\u0027s Stone"},{"not_picked":["Pandora\u0027s Box","Orrery"],"picked":"Mark of Pain"}],"items_purged_floors":[19,28,36,38],"is_endless":false,"potions_floor_spawned":[6,7,12,24,30,31,41],"killed_by":"Transient","ascension_level":3}