{"gold_per_floor":[116,116,116,137,57,57,75,75,101,125,168,168,183,208,208,331,331,331,331,331,331,331,331,331,331,331,331,331,331],"floor_reached":29,"playtime":753,"items_purged":[],"score":315,"play_id":"bf9234b6-4079-4ba9-9cf0-5e35d7a44130","local_time":"20190629224202","is_ascension_mode":true,"campfire_choices":[{"floor":6,"key":"REST"},{"floor":15,"key":"REST"},{"floor":23,"key":"REST"}],"neow_cost":"NONE","seed_source_timestamp":277847448628889,"circlet_count":0,"master_deck":["Defend_G+1","Defend_G+1","Defend_G+1","Defend_G+1","Defend_G+1","Strike_G+1","Strike_G+1","Strike_G+1","Strike_G+1","Survivor","Neutralize","Poisoned Stab","Injury","Footwork","Noxious Fumes","Leg Sweep","Masterful Stab","Sucker Punch","Crippling Poison","Deadly Poison","Poisoned Stab","Corpse Explosion","Quick Slash+1","Noxious Fumes+1","Poisoned Stab+1","Dash","After Image"],"relics":["Ring of the Snake","Golden Idol","Juzu Bracelet","Ice Cream","Ectoplasm","Incense Burner","Pantograph","MutagenicStrength","Potion Belt"],"potions_floor_usage":[22,22,29],"damage_taken":[{"damage":0,"enemies":"Small Slimes","floor":1,"turns":4},{"damage":1,"enemies":"Jaw Worm","floor":4,"turns":5},{"damage":0,"enemies":"Cultist","floor":7,"turns":5},{"damage":14,"enemies":"3 Louse","floor":10,"turns":5},{"damage":32,"enemies":"Gremlin Nob","floor":11,"turns":5},{"damage":0,"enemies":"Large Slime","floor":13,"turns":5},{"damage":0,"enemies":"Looter","floor":14,"turns":3},{"damage":14,"enemies":"The Guardian","floor":16,"turns":9},{"damage":4,"enemies":"3 Byrds","floor":18,"turns":3},{"damage":9,"enemies":"Spheric Guardian","floor":21,"turns":4},{"damage":23,"enemies":"Colosseum Slavers","floor":22,"turns":3},{"damage":24,"enemies":"Colosseum Nobs","floor":22,"turns":4},{"damage":18,"enemies":"Snake Plant","floor":25,"turns":4},{"damage":8,"enemies":"Centurion and Healer","floor":28,"turns":4},{"damage":19,"enemies":"Gremlin Leader","floor":29,"turns":2}],"seed_played":"3972232934796577492","potions_obtained":[{"floor":7,"key":"FearPotion"},{"floor":10,"key":"EssenceOfSteel"},{"floor":11,"key":"EssenceOfSteel"},{"floor":22,"key":"Strength Potion"},{"floor":28,"key":"PowerPotion"}],"is_trial":false,"path_per_floor":["M","?","?","M","$","R","M","?","T","M","E","?","M","M","R","B",null,"M","?","?","M","?","R","?","M","T","?","M","E"],"character_chosen":"THE_SILENT","items_purchased":["Noxious Fumes"],"campfire_rested":3,"item_purchase_floors":[5],"current_hp_per_floor":[70,75,75,74,74,82,82,82,82,68,36,36,36,36,60,46,73,69,69,69,60,13,37,37,19,19,19,11,0],"gold":331,"neow_bonus":"TEN_PERCENT_HP_BONUS","is_prod":false,"is_daily":false,"chose_seed":false,"campfire_upgraded":0,"win_rate":0,"timestamp":1561862522,"path_taken":["M","?","?","M","$","R","M","?","T","M","E","?","M","M","R","BOSS","M","?","?","M","?","R","?","M","T","?","M","E"],"build_version":"2019-01-23","purchased_purges":0,"victory":false,"max_hp_per_floor":[77,82,82,82,82,82,82,82,82,82,82,82,82,82,82,82,82,82,82,82,82,82,82,82,82,82,82,82,82],"card_choices":[{"not_picked":["Flying Knee","Blur"],"picked":"Poisoned Stab","floor":1},{"not_picked":["PiercingWail","Setup"],"picked":"Footwork","floor":4},{"not_picked":["Deflect","Dagger Throw"],"picked":"Leg Sweep","floor":7},{"not_picked":["Backflip","Eviscerate"],"picked":"Sucker Punch","floor":10},{"not_picked":["Glass Knife","PiercingWail"],"picked":"Crippling Poison","floor":11},{"not_picked":["Accuracy","Deflect"],"picked":"Deadly Poison","floor":13},{"not_picked":["Flying Knee","Acrobatics"],"picked":"Poisoned Stab","floor":14},{"not_picked":["Glass Knife","Grand Finale"],"picked":"Corpse Explosion","floor":16},{"not_picked":["Flying Knee","Blur"],"picked":"Quick Slash+1","floor":18},{"not_picked":["Reflex","Outmaneuver"],"picked":"Noxious Fumes+1","floor":21},{"not_picked":["Sucker Punch","Reflex"],"picked":"Poisoned Stab+1","floor":22},{"not_picked":["Flechettes","Underhanded Strike"],"picked":"Dash","floor":25},{"not_picked":["PiercingWail","Flying Knee"],"picked":"After Image","floor":28}],"player_experience":513885,"relics_obtained":[{"floor":9,"key":"Juzu Bracelet"},{"floor":11,"key":"Ice Cream"},{"floor":22,"key":"Incense Burner"},{"floor":22,"key":"Pantograph"},{"floor":26,"key":"Potion Belt"}],"event_choices":[{"damage_healed":0,"gold_gain":0,"player_choice":"Donut","damage_taken":0,"max_hp_gain":5,"max_hp_loss":0,"event_name":"Big Fish","floor":2,"gold_loss":0},{"damage_healed":0,"gold_gain":0,"player_choice":"Take Wound","damage_taken":0,"relics_obtained":["Golden Idol"],"max_hp_gain":0,"max_hp_loss":0,"event_name":"Golden Idol","floor":3,"gold_loss":0,"cards_obtained":["Injury"]},{"damage_healed":0,"gold_gain":0,"cards_transformed":["Strike_G"],"player_choice":"Transformed","damage_taken":0,"max_hp_gain":0,"max_hp_loss":0,"event_name":"Transmorgrifier","floor":8,"gold_loss":0,"cards_obtained":["Masterful Stab"]},{"damage_healed":0,"gold_gain":0,"player_choice":"Fled","damage_taken":0,"max_hp_gain":0,"max_hp_loss":0,"event_name":"Scrap Ooze","floor":12,"gold_loss":0},{"damage_healed":0,"gold_gain":0,"player_choice":"Simplicity","damage_taken":0,"max_hp_gain":0,"max_hp_loss":0,"event_name":"Back to Basics","floor":19,"gold_loss":0,"cards_upgraded":["Defend_G","Defend_G","Defend_G","Defend_G","Defend_G","Strike_G","Strike_G","Strike_G","Strike_G"]},{"damage_healed":0,"gold_gain":0,"player_choice":"Ignored","damage_taken":0,"max_hp_gain":0,"max_hp_loss":0,"event_name":"Cursed Tome","floor":20,"gold_loss":0},{"damage_healed":0,"gold_gain":0,"player_choice":"Fight","damage_taken":0,"max_hp_gain":0,"max_hp_loss":0,"event_name":"Colosseum","floor":22,"gold_loss":0},{"damage_healed":0,"gold_gain":0,"player_choice":"Fought Nobs","damage_taken":0,"max_hp_gain":0,"max_hp_loss":0,"event_name":"Colosseum","floor":22,"gold_loss":0},{"damage_healed":0,"gold_gain":0,"player_choice":"Inject Mutagens","damage_taken":0,"relics_obtained":["MutagenicStrength"],"max_hp_gain":0,"max_hp_loss":0,"event_name":"Drug Dealer","floor":24,"gold_loss":0},{"damage_healed":0,"gold_gain":0,"player_choice":"Ignored","damage_taken":0,"max_hp_gain":0,"max_hp_loss":0,"event_name":"Ghosts","floor":27,"gold_loss":0}],"is_beta":false,"boss_relics":[{"not_picked":["Eternal Feather","Coffee Dripper"],"picked":"Ectoplasm"}],"items_purged_floors":[],"is_endless":false,"potions_floor_spawned":[7,10,11,14,21,22,28],"killed_by":"Gremlin Leader","ascension_level":8}