{"gold_per_floor":[109,126,51,51,51,83,33,33,60,60,78,78,91,117,117,117],"floor_reached":16,"playtime":582,"items_purged":["Strike_R"],"score":213,"play_id":"44620a47-a059-479f-9e48-9a75e42cafb6","local_time":"20190304152355","is_ascension_mode":true,"campfire_choices":[{"data":"Body Slam","floor":8.0,"key":"SMITH"},{"data":"Sword Boomerang","floor":10.0,"key":"SMITH"},{"data":"Rampage","floor":15.0,"key":"SMITH"}],"neow_cost":"NONE","seed_source_timestamp":0,"circlet_count":0,"master_deck":["Strike_R","Strike_R","Strike_R","Defend_R","Defend_R+1","Defend_R+1","Defend_R","Bash","Pommel Strike","Body Slam+1","Sword Boomerang+1","Iron Wave","Rampage+1"],"special_seed":0,"relics":["Burning Blood","NeowsBlessing","Frozen Egg 2","Vajra","Omamori","War Paint","Dodecahedron"],"potions_floor_usage":[],"damage_taken":[{"damage":0.0,"enemies":"Cultist","floor":1.0,"turns":1.0},{"damage":0.0,"enemies":"Small Slimes","floor":2.0,"turns":1.0},{"damage":0.0,"enemies":"Lagavulin","floor":6.0,"turns":1.0},{"damage":0.0,"enemies":"2 Louse","floor":11.0,"turns":2.0},{"damage":0.0,"enemies":"2 Fungi Beasts","floor":13.0,"turns":3.0},{"damage":0.0,"enemies":"Gremlin Nob","floor":14.0,"turns":2.0},{"damage":59,"enemies":"The Guardian","floor":16,"turns":9}],"seed_played":"2938867970435765790","potions_obtained":[{"floor":1.0,"key":"Dexterity Potion"},{"floor":6.0,"key":"AttackPotion"},{"floor":11.0,"key":"Swift Potion"}],"is_trial":false,"path_per_floor":["M","M","$","?","$","E","?","R","T","R","M","?","M","E","R","B"],"character_chosen":"IRONCLAD","items_purchased":[],"campfire_rested":0,"item_purchase_floors":[],"current_hp_per_floor":[78,80,80,80,80,80,80,80,80,80,80,47,53,59,59,0],"gold":117,"neow_bonus":"THREE_ENEMY_KILL","is_prod":false,"is_daily":false,"chose_seed":false,"campfire_upgraded":3,"win_rate":0,"timestamp":1551741835,"path_taken":["M","?","$","?","?","E","?","R","T","R","M","?","M","E","R","BOSS"],"build_version":"2019-01-23","purchased_purges":1,"victory":false,"max_hp_per_floor":[80,80,80,80,80,80,80,80,80,80,80,80,80,80,80,80],"card_choices":[{"not_picked":["Searing Blow","Warcry"],"picked":"Pommel Strike","floor":1.0},{"not_picked":["Clash","Blood for Blood"],"picked":"Body Slam","floor":2.0},{"not_picked":["Headbutt","Flex"],"picked":"Sword Boomerang","floor":6.0},{"not_picked":["Cleave","Feel No Pain+1"],"picked":"Iron Wave","floor":11.0},{"not_picked":["Clothesline","True Grit","Sword Boomerang"],"picked":"SKIP","floor":13.0},{"not_picked":["Fiend Fire","Shockwave"],"picked":"Rampage","floor":14.0}],"player_experience":265226,"relics_obtained":[{"floor":6.0,"key":"Vajra"},{"floor":9.0,"key":"Omamori"},{"floor":14.0,"key":"Dodecahedron"}],"event_choices":[{"damage_healed":0.0,"max_hp_gain":0.0,"max_hp_loss":0.0,"gold_gain":0.0,"event_name":"WeMeetAgain","player_choice":"Gave Potion","floor":4.0,"gold_loss":0.0,"damage_taken":0.0,"relics_obtained":["Frozen Egg 2"]},{"cards_removed":["Strike_R"],"damage_healed":0.0,"max_hp_gain":0.0,"max_hp_loss":0.0,"gold_gain":0.0,"event_name":"The Cleric","player_choice":"Card Removal","floor":7.0,"gold_loss":50.0,"damage_taken":0.0},{"damage_healed":0.0,"max_hp_gain":0.0,"max_hp_loss":0.0,"gold_gain":0.0,"event_name":"Scrap Ooze","player_choice":"Success","floor":12.0,"gold_loss":0.0,"damage_taken":33.0,"relics_obtained":["War Paint"]}],"is_beta":false,"boss_relics":[],"items_purged_floors":[3],"is_endless":false,"potions_floor_spawned":[1,6,11],"killed_by":"The Guardian","ascension_level":7}