{"gold_per_floor":[115,115,133,145,31,31,62,62,62,62,79,79,93,104,104,176,176,176,101,1,1,1,1],"floor_reached":23,"playtime":1110,"items_purged":["Strike_R","Strike_R"],"score":367,"play_id":"c5a68877-e50b-42f0-bf19-2275e8686780","local_time":"20190703144148","is_ascension_mode":true,"campfire_choices":[{"data":"Searing Blow","floor":6,"key":"SMITH"},{"data":"Searing Blow+1","floor":10,"key":"SMITH"},{"data":"Searing Blow+2","floor":12,"key":"SMITH"},{"floor":15,"key":"REST"}],"neow_cost":"NONE","seed_source_timestamp":78621242848000,"circlet_count":0,"master_deck":["AscendersBane","Strike_R","Strike_R","Defend_R","Defend_R","Defend_R","Bash","Flame Barrier","Cleave","Searing Blow+3","Searing Blow","Thunderclap","Limit Break","Flex","Flex+1"],"relics":["Burning Blood","Blue Candle","Dodecahedron","Ectoplasm"],"potions_floor_usage":[7,18,23,23],"damage_taken":[{"damage":13,"enemies":"Small Slimes","floor":1,"turns":4},{"damage":7,"enemies":"Cultist","floor":3,"turns":4},{"damage":0,"enemies":"Jaw Worm","floor":4,"turns":3},{"damage":26,"enemies":"Gremlin Nob","floor":7,"turns":4},{"damage":14,"enemies":"Red Slaver","floor":11,"turns":2},{"damage":4,"enemies":"Exordium Wildlife","floor":13,"turns":3},{"damage":11,"enemies":"2 Fungi Beasts","floor":14,"turns":3},{"damage":48,"enemies":"The Guardian","floor":16,"turns":12},{"damage":37,"enemies":"3 Byrds","floor":18,"turns":4},{"damage":13,"enemies":"Chosen","floor":21,"turns":5},{"damage":26,"enemies":"Snake Plant","floor":22,"turns":3},{"damage":27,"enemies":"Book of Stabbing","floor":23,"turns":3}],"seed_played":"-152708145924207745","potions_obtained":[{"floor":1,"key":"Weak Potion"},{"floor":7,"key":"Regen Potion"},{"floor":14,"key":"Ancient Potion"},{"floor":16,"key":"LiquidBronze"},{"floor":22,"key":"Swift Potion"}],"is_trial":false,"path_per_floor":["M","?","M","M","$","R","E","$","T","R","M","R","M","M","R","B",null,"M","?","$","M","M","E"],"character_chosen":"IRONCLAD","items_purchased":["Searing Blow"],"campfire_rested":1,"item_purchase_floors":[5],"current_hp_per_floor":[68,68,67,73,73,73,53,53,53,53,45,45,47,42,66,24,68,37,37,37,30,10,0],"gold":1,"neow_bonus":"TEN_PERCENT_HP_BONUS","is_prod":false,"is_daily":false,"chose_seed":false,"campfire_upgraded":3,"win_rate":0,"timestamp":1562190108,"path_taken":["M","?","M","M","?","R","E","$","T","R","M","R","M","M","R","BOSS","M","?","$","M","M","E"],"build_version":"2019-07-01","purchased_purges":2,"victory":false,"max_hp_per_floor":[82,82,82,82,82,82,82,82,82,82,82,82,82,82,82,82,82,82,82,82,82,82,82],"card_choices":[{"not_picked":["Headbutt","Perfected Strike"],"picked":"Flame Barrier","floor":1},{"not_picked":["Perfected Strike","Pummel"],"picked":"Cleave","floor":3},{"not_picked":["Sentinel","Uppercut","Corruption"],"picked":"SKIP","floor":4},{"not_picked":["Rupture","Second Wind"],"picked":"Searing Blow","floor":7},{"not_picked":["Warcry","True Grit","Clothesline"],"picked":"SKIP","floor":11},{"not_picked":["Warcry","Heavy Blade"],"picked":"Thunderclap","floor":13},{"not_picked":["Sever Soul","Pummel","Heavy Blade"],"picked":"SKIP","floor":14},{"not_picked":["Demon Form","Bludgeon"],"picked":"Limit Break","floor":16},{"not_picked":["Headbutt","Warcry"],"picked":"Flex","floor":18},{"not_picked":["Heavy Blade","Shrug It Off"],"picked":"Flex+1","floor":21},{"not_picked":["Intimidate","True Grit","Wild Strike"],"picked":"SKIP","floor":22}],"player_experience":469574,"relics_obtained":[{"floor":7,"key":"Blue Candle"},{"floor":9,"key":"Dodecahedron"}],"event_choices":[{"cards_removed":["Defend_R"],"damage_healed":0,"gold_gain":0,"player_choice":"Offered Basic","damage_taken":0,"max_hp_gain":0,"max_hp_loss":0,"event_name":"Bonfire Elementals","floor":2,"gold_loss":0},{"cards_removed":["Strike_R"],"damage_healed":0,"gold_gain":0,"player_choice":"Gave Gold","damage_taken":0,"max_hp_gain":0,"max_hp_loss":0,"event_name":"Beggar","floor":19,"gold_loss":75}],"is_beta":false,"boss_relics":[{"not_picked":["Runic Dome","Orrery"],"picked":"Ectoplasm"}],"items_purged_floors":[5,20],"is_endless":false,"potions_floor_spawned":[1,7,14,16,22],"killed_by":"Book of Stabbing","ascension_level":18}