{"gold_per_floor":[119,130,130,130,130,130,130,170,252,177,177,38,63,82,82,210,210,223,223,133,164,263,263,290,290,290,390,390,419,430,233,233,335,335,349,349,402,412,425,456,456,456,456,456,485,707,707,247,247,247],"floor_reached":51,"playtime":3521,"items_purged":["Strike_B","Strike_B","Regret"],"score":871,"play_id":"cd77264c-58de-44c7-9b5c-46963fddccca","local_time":"20190401230719","is_ascension_mode":true,"campfire_choices":[{"data":"Gash","floor":7.0,"key":"SMITH"},{"data":"Dualcast","floor":15.0,"key":"SMITH"},{"data":"Deep Breath","floor":23,"key":"SMITH"},{"floor":25,"key":"REST"},{"floor":32,"key":"REST"},{"data":"Blizzard","floor":41,"key":"SMITH"},{"data":"Impatience","floor":44,"key":"SMITH"},{"data":"Coolheaded","floor":47,"key":"SMITH"},{"floor":49,"key":"REST"}],"neow_cost":"NONE","seed_source_timestamp":0,"circlet_count":0,"master_deck":["Strike_B+1","Defend_B","Defend_B","Defend_B","Zap+1","Dualcast+1","White Noise+1","Gash+1","FTL","FTL","Leap","Deep Breath+1","Beam Cell","Coolheaded+1","Chill","Coolheaded+1","Chill+1","Seek","Hologram+1","Impatience+1","Hologram","Hologram","Blizzard+1","Glacier+1","Secret Weapon+1"],"special_seed":0,"relics":["Cracked Core","NeowsBlessing","Bloody Idol","Boot","Singing Bowl","Philosopher\u0027s Stone","Red Mask","Centennial Puzzle","Matryoshka","Emotion Chip","Ornamental Fan","Bottled Lightning","ClockworkSouvenir","Cursed Key","FossilizedHelix","Smiling Mask","Gremlin Horn","Toxic Egg 2","Symbiotic Virus","Pear"],"potions_floor_usage":[21,21,21,24,30,50,50,50],"damage_taken":[{"damage":0.0,"enemies":"Small Slimes","floor":1.0,"turns":1.0},{"damage":0.0,"enemies":"2 Louse","floor":2.0,"turns":1.0},{"damage":0.0,"enemies":"3 Sentries","floor":8.0,"turns":1.0},{"damage":0.0,"enemies":"Cultist","floor":13.0,"turns":3.0},{"damage":0.0,"enemies":"Looter","floor":14.0,"turns":2.0},{"damage":41.0,"enemies":"The Guardian","floor":16.0,"turns":10.0},{"damage":19.0,"enemies":"2 Thieves","floor":18.0,"turns":4.0},{"damage":7,"enemies":"Masked Bandits","floor":21,"turns":4},{"damage":27,"enemies":"Gremlin Leader","floor":24,"turns":7},{"damage":4,"enemies":"Colosseum Slavers","floor":27,"turns":4},{"damage":41,"enemies":"Colosseum Nobs","floor":27,"turns":4},{"damage":2,"enemies":"Book of Stabbing","floor":29,"turns":5},{"damage":0,"enemies":"3 Byrds","floor":30,"turns":4},{"damage":48,"enemies":"Automaton","floor":33,"turns":12},{"damage":0,"enemies":"3 Shapes","floor":35,"turns":5},{"damage":13,"enemies":"2 Orb Walkers","floor":37,"turns":5},{"damage":0,"enemies":"Orb Walker","floor":38,"turns":4},{"damage":0,"enemies":"Spire Growth","floor":39,"turns":5},{"damage":32,"enemies":"Nemesis","floor":40,"turns":8},{"damage":12,"enemies":"Giant Head","floor":45,"turns":8},{"damage":0,"enemies":"Awakened One","floor":50,"turns":8}],"seed_played":"4544568225095442611","potions_obtained":[{"floor":1.0,"key":"Poison Potion"},{"floor":8.0,"key":"Explosive Potion"},{"floor":18.0,"key":"EntropicBrew"},{"floor":29,"key":"SteroidPotion"},{"floor":33,"key":"Dexterity Potion"},{"floor":37,"key":"PowerPotion"},{"floor":38,"key":"PowerPotion"}],"is_trial":false,"path_per_floor":["M","M","?","?","?","?","R","E","T","$","?","$","M","M","R","B",null,"M","?","$","?","?","R","E","R","T","?","?","E","M","$","R","B",null,"M","?","?","M","M","E","R","?","T","R","E","?","R","$","R","B",null],"character_chosen":"DEFECT","items_purchased":["FTL","Deep Breath","ClockworkSouvenir","Secret Weapon+1","Pear"],"campfire_rested":3,"item_purchase_floors":[12,20,31,48,48],"current_hp_per_floor":[75,75,75,80,64,64,64,64,64,64,64,64,64,66,66,27,78,59,59,59,57,62,62,40,63,63,23,23,26,31,31,54,11,78,78,78,70,75,78,51,51,51,51,51,46,51,51,61,86,86],"gold":247,"neow_bonus":"THREE_ENEMY_KILL","is_prod":false,"is_daily":false,"chose_seed":false,"campfire_upgraded":6,"win_rate":0,"timestamp":1554185239,"path_taken":["M","M","?","?","?","?","R","E","T","?","?","$","?","M","R","BOSS","M","?","$","?","?","R","E","R","T","?","?","E","M","?","R","BOSS","M","?","?","M","M","E","R","?","T","R","E","?","R","?","R","BOSS"],"build_version":"2019-01-23","purchased_purges":3,"victory":true,"max_hp_per_floor":[75,75,75,80,80,74,74,74,74,74,74,74,74,76,76,78,78,78,78,78,78,78,78,78,78,78,78,78,78,78,78,78,78,78,78,78,78,78,78,78,78,74,74,74,76,76,76,86,86,86],"card_choices":[{"not_picked":["Sunder","Genetic Algorithm"],"picked":"White Noise","floor":1.0},{"not_picked":["Rebound","Hologram"],"picked":"Gash","floor":2.0},{"not_picked":["Recycle","Coolheaded","Steam Power"],"picked":"SKIP","floor":8.0},{"not_picked":["Rebound","Barrage"],"picked":"FTL","floor":13.0},{"not_picked":["Heatsinks","Ball Lightning","Turbo"],"picked":"Singing Bowl","floor":14.0},{"not_picked":["Buffer","Meteor Strike","Core Surge"],"picked":"Singing Bowl","floor":16.0},{"not_picked":["Melter","Conserve Battery"],"picked":"Leap","floor":18.0},{"not_picked":["Barrage","Tempest"],"picked":"Beam Cell","floor":21},{"not_picked":["BootSequence","Capacitor"],"picked":"Coolheaded","floor":24},{"not_picked":["Sweeping Beam","Genetic Algorithm"],"picked":"Chill","floor":27},{"not_picked":["Leap","Steam"],"picked":"Coolheaded+1","floor":29},{"not_picked":["Turbo","BootSequence"],"picked":"Chill+1","floor":30},{"not_picked":["Electrodynamics","Machine Learning"],"picked":"Seek","floor":33},{"not_picked":["Ball Lightning+1","Steam"],"picked":"Hologram+1","floor":35},{"not_picked":["Mind Blast","Madness"],"picked":"Impatience","floor":36},{"not_picked":["Chaos","Tempest"],"picked":"Hologram","floor":37},{"not_picked":["Coolheaded","Beam Cell"],"picked":"Hologram","floor":38},{"not_picked":["Melter","Sunder"],"picked":"Blizzard","floor":39},{"not_picked":["Beam Cell","Fission"],"picked":"Glacier+1","floor":40},{"not_picked":["Loop","Compile Driver+1","Sweeping Beam"],"picked":"Singing Bowl","floor":45}],"player_experience":276203,"relics_obtained":[{"floor":8.0,"key":"Boot"},{"floor":9.0,"key":"Singing Bowl"},{"floor":21,"key":"Red Mask"},{"floor":24,"key":"Centennial Puzzle"},{"floor":26,"key":"Matryoshka"},{"floor":27,"key":"Emotion Chip"},{"floor":27,"key":"Ornamental Fan"},{"floor":29,"key":"Bottled Lightning"},{"floor":37,"key":"FossilizedHelix"},{"floor":40,"key":"Smiling Mask"},{"floor":43,"key":"Gremlin Horn"},{"floor":43,"key":"Toxic Egg 2"},{"floor":45,"key":"Symbiotic Virus"}],"event_choices":[{"damage_healed":0.0,"max_hp_gain":0.0,"max_hp_loss":0.0,"gold_gain":0.0,"event_name":"Living Wall","player_choice":"Grow","floor":3.0,"gold_loss":0.0,"damage_taken":0.0,"cards_upgraded":["Zap"]},{"damage_healed":0.0,"max_hp_gain":5.0,"max_hp_loss":0.0,"gold_gain":0.0,"event_name":"Big Fish","player_choice":"Donut","floor":4.0,"gold_loss":0.0,"damage_taken":0.0},{"damage_healed":0.0,"max_hp_gain":0.0,"max_hp_loss":0.0,"gold_gain":0.0,"event_name":"Shining Light","player_choice":"Entered Light","floor":5.0,"gold_loss":0.0,"damage_taken":16.0,"cards_upgraded":["Strike_B","White Noise"]},{"damage_healed":0.0,"max_hp_gain":0.0,"max_hp_loss":6.0,"gold_gain":0.0,"event_name":"Golden Idol","player_choice":"Lose Max HP","floor":6.0,"gold_loss":0.0,"damage_taken":0.0,"relics_obtained":["Golden Idol"]},{"cards_removed":["Strike_B"],"damage_healed":0.0,"max_hp_gain":0.0,"max_hp_loss":0.0,"gold_gain":0.0,"event_name":"Purifier","player_choice":"Purged","floor":11.0,"gold_loss":0.0,"damage_taken":0.0},{"damage_healed":0.0,"max_hp_gain":0.0,"max_hp_loss":0.0,"gold_gain":0.0,"event_name":"Forgotten Altar","player_choice":"Gave Idol","floor":19.0,"relics_lost":["Golden Idol"],"gold_loss":0.0,"damage_taken":0.0,"relics_obtained":["Bloody Idol"]},{"damage_healed":0,"gold_gain":0,"player_choice":"Fought Bandits","damage_taken":0,"max_hp_gain":0,"max_hp_loss":0,"event_name":"Masked Bandits","floor":21,"gold_loss":0},{"damage_healed":0,"gold_gain":99,"player_choice":"Stole From Cult","damage_taken":0,"max_hp_gain":0,"max_hp_loss":0,"event_name":"Nest","floor":22,"gold_loss":0},{"damage_healed":0,"gold_gain":0,"player_choice":"Fight","damage_taken":0,"max_hp_gain":0,"max_hp_loss":0,"event_name":"Colosseum","floor":27,"gold_loss":0},{"damage_healed":0,"gold_gain":0,"player_choice":"Fought Nobs","damage_taken":0,"max_hp_gain":0,"max_hp_loss":0,"event_name":"Colosseum","floor":27,"gold_loss":0},{"cards_removed":["Defend_B"],"damage_healed":0,"gold_gain":0,"player_choice":"Elegance","damage_taken":0,"max_hp_gain":0,"max_hp_loss":0,"event_name":"Back to Basics","floor":28,"gold_loss":0},{"damage_healed":0,"gold_gain":0,"player_choice":"Memory 1","damage_taken":0,"max_hp_gain":0,"max_hp_loss":0,"event_name":"SensoryStone","floor":36,"gold_loss":0},{"damage_healed":0,"gold_gain":0,"player_choice":"Fight","damage_taken":0,"max_hp_gain":0,"max_hp_loss":0,"event_name":"Mysterious Sphere","floor":37,"gold_loss":0},{"damage_healed":0,"gold_gain":0,"player_choice":"Max HP","damage_taken":0,"max_hp_gain":0,"max_hp_loss":4,"event_name":"Winding Halls","floor":42,"gold_loss":0},{"damage_healed":0,"gold_gain":222,"player_choice":"Wore Mask","damage_taken":0,"max_hp_gain":0,"max_hp_loss":0,"event_name":"Tomb of Lord Red Mask","floor":46,"gold_loss":0}],"is_beta":false,"boss_relics":[{"not_picked":["Black Star","Lizard Tail"],"picked":"Philosopher\u0027s Stone"},{"not_picked":["Velvet Choker","Snecko Eye"],"picked":"Cursed Key"}],"items_purged_floors":[10,12,48],"is_endless":false,"potions_floor_spawned":[1,8,18,29,33,37,38,39],"ascension_level":1}