{"gold_per_floor":[113,46,56,56,68,68,79,79,79,106,106,137,137,117,117,218,218,235,245,71,90,100,100,100],"floor_reached":24,"playtime":972,"items_purged":[],"score":278,"play_id":"2184d377-e398-4a47-b921-e2a7bdd16bac","local_time":"20190608104319","is_ascension_mode":true,"campfire_choices":[{"floor":6,"key":"REST"},{"floor":8,"key":"REST"},{"floor":11,"key":"REST"},{"floor":13,"key":"REST"},{"data":"Glass Knife","floor":15,"key":"SMITH"},{"floor":23,"key":"REST"}],"neow_cost":"CURSE","seed_source_timestamp":98933927019618,"circlet_count":0,"master_deck":["Defend_G","Defend_G","Defend_G","Defend_G","Defend_G","Strike_G","Strike_G","Strike_G","Strike_G","Strike_G","Survivor","Neutralize","Writhe","Backstab","Glass Knife+1","Noxious Fumes","Infinite Blades","Poisoned Stab","After Image","Bullet Time","Deadly Poison","Backflip","Die Die Die","Dagger Spray","Escape Plan+1"],"relics":["Ring of the Serpent","Ginger","CultistMask","Pantograph","Bronze Scales","Bag of Preparation"],"potions_floor_usage":[7,16,21,24],"damage_taken":[{"damage":9,"enemies":"Jaw Worm","floor":1,"turns":8},{"damage":0,"enemies":"Cultist","floor":3,"turns":2},{"damage":0,"enemies":"2 Louse","floor":5,"turns":2},{"damage":18,"enemies":"Exordium Thugs","floor":7,"turns":5},{"damage":22,"enemies":"3 Sentries","floor":10,"turns":9},{"damage":28,"enemies":"Gremlin Nob","floor":12,"turns":4},{"damage":26,"enemies":"Hexaghost","floor":16,"turns":9},{"damage":17,"enemies":"3 Byrds","floor":18,"turns":3},{"damage":22,"enemies":"Spheric Guardian","floor":19,"turns":4},{"damage":15,"enemies":"Snecko","floor":21,"turns":4},{"damage":7,"enemies":"3 Cultists","floor":22,"turns":5},{"damage":29,"enemies":"Gremlin Leader","floor":24,"turns":5}],"seed_played":"8946415631295845596","potions_obtained":[{"floor":1,"key":"Poison Potion"},{"floor":7,"key":"AttackPotion"},{"floor":12,"key":"GamblersBrew"},{"floor":14,"key":"SpeedPotion"}],"is_trial":false,"path_per_floor":["M","$","M","?","M","R","M","R","T","E","R","E","R","?","R","B",null,"M","M","$","M","M","R","E"],"character_chosen":"THE_SILENT","items_purchased":["Glass Knife","Die Die Die","Dagger Spray"],"campfire_rested":5,"item_purchase_floors":[2,20,20],"current_hp_per_floor":[54,54,54,54,54,70,52,70,70,48,69,41,62,62,62,44,64,47,25,25,10,3,24,0],"gold":100,"neow_bonus":"ONE_RARE_RELIC","is_prod":false,"is_daily":false,"chose_seed":false,"campfire_upgraded":1,"win_rate":0,"timestamp":1560004999,"path_taken":["M","$","M","?","?","R","M","R","T","E","R","E","R","?","R","BOSS","M","M","$","M","M","R","E"],"build_version":"2019-01-23","purchased_purges":0,"victory":false,"max_hp_per_floor":[70,70,70,70,70,70,70,70,70,70,70,70,70,70,70,70,70,70,70,70,70,70,70,70],"card_choices":[{"not_picked":["Underhanded Strike","Dagger Throw"],"picked":"Backstab","floor":1},{"not_picked":["Dodge and Roll","Flechettes","Prepared"],"picked":"SKIP","floor":3},{"not_picked":["Expertise","Catalyst"],"picked":"Noxious Fumes","floor":5},{"not_picked":["Cloak And Dagger","Acrobatics"],"picked":"Infinite Blades","floor":7},{"not_picked":["Sucker Punch","Masterful Stab"],"picked":"Poisoned Stab","floor":10},{"not_picked":["Infinite Blades","Backstab"],"picked":"After Image","floor":12},{"not_picked":["Doppelganger","Die Die Die"],"picked":"Bullet Time","floor":16},{"not_picked":["PiercingWail","Predator"],"picked":"Deadly Poison","floor":18},{"not_picked":["Riddle With Holes","Flying Knee"],"picked":"Backflip","floor":19},{"not_picked":["Dodge and Roll","Finisher","Deflect"],"picked":"SKIP","floor":21},{"not_picked":["Bane","Deflect+1"],"picked":"Escape Plan+1","floor":22}],"player_experience":416114,"relics_obtained":[{"floor":9,"key":"Pantograph"},{"floor":10,"key":"Bronze Scales"},{"floor":12,"key":"Bag of Preparation"}],"event_choices":[{"damage_healed":0,"gold_gain":0,"player_choice":"Trade","damage_taken":0,"relics_obtained":["CultistMask"],"max_hp_gain":0,"max_hp_loss":0,"event_name":"FaceTrader","floor":4,"gold_loss":0},{"damage_healed":0,"gold_gain":0,"player_choice":"Bought 1 Potion","damage_taken":0,"max_hp_gain":0,"max_hp_loss":0,"event_name":"The Woman in Blue","floor":14,"gold_loss":0}],"is_beta":false,"boss_relics":[{"not_picked":["Eternal Feather","Tiny House"],"picked":"Ring of the Serpent"}],"items_purged_floors":[],"is_endless":false,"potions_floor_spawned":[1,7,12],"killed_by":"Gremlin Leader","ascension_level":7}