{"gold_per_floor":[118,136,61,73,73,73,73,90,114,14,30,30,65,125,125,223,223,237,237,237,187,199,225,225,257,281,281,291,291,301,400,400,400],"floor_reached":33,"playtime":1277,"items_purged":["Strike_G","Strike_G","Defend_G"],"score":425,"play_id":"468bd405-8d44-44c7-82f2-82993c63e139","local_time":"20190610005435","is_ascension_mode":true,"campfire_choices":[{"data":"Deadly Poison","floor":6.0,"key":"SMITH"},{"data":"Deadly Poison","floor":12.0,"key":"SMITH"},{"floor":15.0,"key":"REST"},{"floor":24,"key":"REST"},{"data":"Crippling Poison","floor":29,"key":"SMITH"},{"floor":32,"key":"REST"}],"neow_cost":"NONE","seed_source_timestamp":0,"circlet_count":0,"master_deck":["AscendersBane","Defend_G","Defend_G","Defend_G","Strike_G","Strike_G","Survivor","Neutralize","Deadly Poison+1","Crippling Poison+1","Deadly Poison+1","Backflip","Backstab"],"special_seed":0,"relics":["Ring of the Snake","Omamori","PreservedInsect","Smiling Mask","Darkstone Periapt","Sozu","MutagenicStrength","Ancient Tea Set","Regal Pillow","Dream Catcher"],"potions_floor_usage":[25,33],"damage_taken":[{"damage":0.0,"enemies":"Cultist","floor":1.0,"turns":4.0},{"damage":7.0,"enemies":"Small Slimes","floor":2.0,"turns":5.0},{"damage":0.0,"enemies":"2 Louse","floor":4.0,"turns":3.0},{"damage":0.0,"enemies":"Looter","floor":8.0,"turns":5.0},{"damage":4.0,"enemies":"2 Fungi Beasts","floor":11.0,"turns":4.0},{"damage":6.0,"enemies":"Gremlin Nob","floor":13.0,"turns":3.0},{"damage":20.0,"enemies":"3 Sentries","floor":14.0,"turns":8.0},{"damage":10.0,"enemies":"Hexaghost","floor":16.0,"turns":10.0},{"damage":0,"enemies":"Spheric Guardian","floor":18,"turns":2},{"damage":2,"enemies":"Chosen","floor":22,"turns":4},{"damage":28,"enemies":"Book of Stabbing","floor":23,"turns":4},{"damage":9,"enemies":"Slavers","floor":25,"turns":6},{"damage":15,"enemies":"Shelled Parasite and Fungi","floor":28,"turns":4},{"damage":5,"enemies":"Snake Plant","floor":30,"turns":3},{"damage":65,"enemies":"Automaton","floor":33,"turns":6}],"seed_played":"-5862872320511380116","potions_obtained":[{"floor":2.0,"key":"GhostInAJar"},{"floor":11.0,"key":"SteroidPotion"},{"floor":14.0,"key":"Swift Potion"},{"floor":16.0,"key":"Poison Potion"}],"is_trial":false,"path_per_floor":["M","M","$","M","$","R","?","M","T","$","M","R","E","?","R","B",null,"M","?","?","$","M","E","R","E","T","?","M","R","M","?","R","B"],"character_chosen":"THE_SILENT","items_purchased":[],"campfire_rested":3,"item_purchase_floors":[],"current_hp_per_floor":[63,56,56,56,56,56,56,56,56,56,52,52,46,26,47,37,62,62,62,62,62,60,32,53,44,44,44,29,29,24,24,60,0],"gold":400,"neow_bonus":"RANDOM_COMMON_RELIC","is_prod":false,"is_daily":false,"chose_seed":false,"campfire_upgraded":3,"win_rate":0,"timestamp":1560153275,"path_taken":["M","?","?","M","$","R","?","M","T","$","M","R","E","?","R","BOSS","M","?","?","$","?","E","R","E","T","?","?","R","M","?","R","BOSS"],"build_version":"2019-01-23","purchased_purges":3,"victory":false,"max_hp_per_floor":[70,70,70,70,70,70,70,70,70,70,70,70,70,70,70,70,70,70,70,70,70,70,70,70,70,70,70,70,70,70,70,70,70],"card_choices":[{"not_picked":["Backflip","Bane","Sucker Punch"],"picked":"SKIP","floor":1.0},{"not_picked":["PiercingWail","Outmaneuver","Blur"],"picked":"SKIP","floor":2.0},{"not_picked":["Dagger Throw","Blade Dance"],"picked":"Deadly Poison","floor":4.0},{"not_picked":["Quick Slash","Dash"],"picked":"Crippling Poison","floor":8.0},{"not_picked":["Expertise","Prepared"],"picked":"Deadly Poison","floor":11.0},{"not_picked":["Reflex","Expertise"],"picked":"Backflip","floor":13.0},{"not_picked":["Acrobatics+1","PiercingWail","Cloak And Dagger"],"picked":"SKIP","floor":18},{"not_picked":["Dagger Spray+1","Acrobatics","Poisoned Stab"],"picked":"SKIP","floor":22},{"not_picked":["Masterful Stab+1","Acrobatics+1","Dagger Spray"],"picked":"SKIP","floor":23},{"not_picked":["Crippling Poison","Well Laid Plans","Flying Knee"],"picked":"SKIP","floor":25},{"not_picked":["Distraction+1","Wraith Form v2","Blade Dance"],"picked":"SKIP","floor":28},{"not_picked":["Prepared","Acrobatics"],"picked":"Backstab","floor":30}],"player_experience":449812,"relics_obtained":[{"floor":9.0,"key":"PreservedInsect"},{"floor":13.0,"key":"Smiling Mask"},{"floor":14.0,"key":"Darkstone Periapt"},{"floor":23,"key":"Ancient Tea Set"},{"floor":25,"key":"Regal Pillow"},{"floor":26,"key":"Dream Catcher"}],"event_choices":[{"damage_healed":0.0,"max_hp_gain":0.0,"max_hp_loss":0.0,"gold_gain":0.0,"event_name":"Liars Game","player_choice":"Ignored","floor":7.0,"gold_loss":0.0,"damage_taken":0.0},{"damage_healed":0.0,"max_hp_gain":0.0,"max_hp_loss":0.0,"gold_gain":0.0,"event_name":"Dead Adventurer","player_choice":"Searched \u00272\u0027 times","floor":14.0,"gold_loss":0.0,"damage_taken":0.0},{"damage_healed":0,"gold_gain":0,"player_choice":"Inject Mutagens","damage_taken":0,"relics_obtained":["MutagenicStrength"],"max_hp_gain":0,"max_hp_loss":0,"event_name":"Drug Dealer","floor":19,"gold_loss":0},{"cards_removed":["Defend_G"],"damage_healed":0,"gold_gain":0,"player_choice":"Offered Basic","damage_taken":0,"max_hp_gain":0,"max_hp_loss":0,"event_name":"Bonfire Elementals","floor":20,"gold_loss":0},{"cards_removed":["Strike_G"],"damage_healed":0,"gold_gain":0,"player_choice":"Card Removal","damage_taken":0,"max_hp_gain":0,"max_hp_loss":0,"event_name":"Wheel of Change","floor":27,"gold_loss":0},{"damage_healed":0,"gold_gain":99,"player_choice":"Stole From Cult","damage_taken":0,"max_hp_gain":0,"max_hp_loss":0,"event_name":"Nest","floor":31,"gold_loss":0}],"is_beta":false,"boss_relics":[{"not_picked":["Fusion Hammer","Eternal Feather"],"picked":"Sozu"}],"items_purged_floors":[3,10,21],"is_endless":false,"potions_floor_spawned":[2,11,14,16,18,23,25],"killed_by":"Automaton","ascension_level":10}