{"gold_per_floor":[114,129,144,144,114,146,146,75,99,132,132,132],"floor_reached":12,"playtime":1175,"items_purged":[],"score":120,"play_id":"de69349e-a9bd-459a-a1a6-aa3b18eaae8f","local_time":"20190120171824","is_ascension_mode":true,"campfire_choices":[{"floor":7.0,"key":"REST"}],"neow_cost":"NONE","seed_source_timestamp":667941056116385,"circlet_count":0,"master_deck":["Strike_R","Strike_R","Strike_R","Strike_R","Strike_R","Defend_R","Defend_R","Defend_R","Defend_R","Bash","Armaments","Seeing Red","Whirlwind","Shrug It Off","Intimidate","Battle Trance"],"special_seed":0,"relics":["Burning Blood","NeowsBlessing","Centennial Puzzle","Molten Egg 2","Oddly Smooth Stone","Ornamental Fan"],"potions_floor_usage":[12],"damage_taken":[{"damage":0.0,"enemies":"2 Louse","floor":1.0,"turns":1.0},{"damage":0.0,"enemies":"Jaw Worm","floor":2.0,"turns":1.0},{"damage":0.0,"enemies":"Small Slimes","floor":3.0,"turns":1.0},{"damage":1.0,"enemies":"Looter","floor":5.0,"turns":4.0},{"damage":53.0,"enemies":"Gremlin Nob","floor":6.0,"turns":5.0},{"damage":23.0,"enemies":"3 Sentries","floor":10.0,"turns":10.0},{"damage":18,"enemies":"Lagavulin","floor":12,"turns":7}],"seed_played":"7934364618786359995","potions_obtained":[{"floor":2.0,"key":"Regen Potion"},{"floor":10.0,"key":"Swift Potion"}],"is_trial":false,"path_per_floor":["M","M","M","?","M","E","R","$","T","E","?","E"],"character_chosen":"IRONCLAD","items_purchased":["Intimidate"],"campfire_rested":1,"item_purchase_floors":[8],"current_hp_per_floor":[78,80,80,55,60,27,51,51,51,34,34,16],"gold":132,"neow_bonus":"THREE_ENEMY_KILL","is_prod":false,"is_daily":false,"chose_seed":false,"campfire_upgraded":0,"win_rate":0,"timestamp":1548004704,"path_taken":["M","M","M","?","M","E","R","$","T","E","?","E"],"build_version":"2019-01-10","purchased_purges":0,"victory":false,"max_hp_per_floor":[80,80,80,80,80,80,80,80,80,80,80,80],"card_choices":[{"not_picked":["Iron Wave","Wild Strike"],"picked":"Armaments","floor":1.0},{"not_picked":["Searing Blow","Combust"],"picked":"Seeing Red","floor":2.0},{"not_picked":["Rage","Battle Trance"],"picked":"Whirlwind","floor":3.0},{"not_picked":["Armaments","Havoc","Seeing Red"],"picked":"SKIP","floor":5.0},{"not_picked":["Flex","Havoc"],"picked":"Shrug It Off","floor":6.0},{"not_picked":["Heavy Blade+1","Fiend Fire+1"],"picked":"Battle Trance","floor":10.0}],"player_experience":1060622,"relics_obtained":[{"floor":6.0,"key":"Molten Egg 2"},{"floor":9.0,"key":"Oddly Smooth Stone"},{"floor":10.0,"key":"Ornamental Fan"}],"event_choices":[{"damage_healed":0.0,"max_hp_gain":0.0,"max_hp_loss":0.0,"gold_gain":0.0,"event_name":"Scrap Ooze","player_choice":"Success","floor":4.0,"gold_loss":0.0,"damage_taken":25.0,"relics_obtained":["Centennial Puzzle"]},{"damage_healed":0.0,"max_hp_gain":0.0,"max_hp_loss":0.0,"gold_gain":0.0,"event_name":"Golden Wing","player_choice":"Ignored","floor":11.0,"gold_loss":0.0,"damage_taken":0.0}],"is_beta":false,"boss_relics":[],"items_purged_floors":[],"is_endless":false,"potions_floor_spawned":[2,10],"killed_by":"Lagavulin","ascension_level":8}