{"gold_per_floor":[112,122,297,372,388,388,58,84,111,127,127,140,61,73,73,150,150,160,160,85,85,85,85,104,104,104,65,65],"floor_reached":28,"playtime":947,"items_purged":["Doubt"],"score":356,"play_id":"8655e96e-e3e6-41b6-9bbc-0b6cd3305b57","local_time":"20190504115954","is_ascension_mode":true,"campfire_choices":[{"floor":6.0,"key":"REST"},{"floor":11,"key":"REST"},{"data":"Limit Break","floor":15,"key":"SMITH"},{"floor":23,"key":"REST"},{"data":"Double Tap","floor":25,"key":"SMITH"}],"neow_cost":"PERCENT_DAMAGE","seed_source_timestamp":0,"circlet_count":0,"master_deck":["AscendersBane","Strike_R","Strike_R","Strike_R","Defend_R","Defend_R","Defend_R","Bash","Rampage","Cleave","Whirlwind","Limit Break+1","Rampage","Double Tap+1","Battle Trance"],"special_seed":0,"relics":["Black Blood","Shuriken","Happy Flower","Anchor","Letter Opener","Charon\u0027s Ashes","Kunai"],"potions_floor_usage":[8,16,16,28],"damage_taken":[{"damage":13.0,"enemies":"Cultist","floor":1.0,"turns":6.0},{"damage":8.0,"enemies":"2 Louse","floor":2.0,"turns":3.0},{"damage":14.0,"enemies":"Jaw Worm","floor":5.0,"turns":3.0},{"damage":35,"enemies":"Lagavulin","floor":8,"turns":5},{"damage":0,"enemies":"Exordium Wildlife","floor":10,"turns":3},{"damage":4,"enemies":"Red Slaver","floor":12,"turns":3},{"damage":6,"enemies":"Blue Slaver","floor":14,"turns":3},{"damage":49,"enemies":"The Guardian","floor":16,"turns":9},{"damage":9,"enemies":"3 Byrds","floor":18,"turns":4},{"damage":51,"enemies":"Colosseum Slavers","floor":19,"turns":5},{"damage":28,"enemies":"Spheric Guardian","floor":24,"turns":4},{"damage":31,"enemies":"Gremlin Leader","floor":28,"turns":3}],"seed_played":"-6513788219293479255","potions_obtained":[{"floor":1.0,"key":"PowerPotion"},{"floor":2.0,"key":"Strength Potion"},{"floor":12,"key":"Block Potion"},{"floor":16,"key":"Strength Potion"}],"is_trial":false,"path_per_floor":["M","M","?","?","M","R","$","E","T","M","R","M","$","M","R","B",null,"M","?","?","T","T","R","M","R","T","$","E"],"character_chosen":"IRONCLAD","items_purchased":["Shuriken","Rampage","Battle Trance"],"campfire_rested":3,"item_purchase_floors":[7,13,27],"current_hp_per_floor":[44,42,42,31,23,47,47,18,18,24,48,50,50,50,50,7,62,63,22,22,22,22,46,28,28,28,28,0],"gold":65,"neow_bonus":"REMOVE_TWO","is_prod":false,"is_daily":false,"chose_seed":false,"campfire_upgraded":2,"win_rate":0,"timestamp":1556996394,"path_taken":["M","?","?","?","M","R","$","E","T","M","R","?","?","M","R","BOSS","M","?","?","?","?","R","M","R","T","?","E"],"build_version":"2019-01-23","purchased_purges":1,"victory":false,"max_hp_per_floor":[80,80,80,80,80,80,80,80,80,80,80,80,80,80,80,80,80,80,80,80,80,80,80,80,80,80,80,80],"card_choices":[{"not_picked":["Combust","Blood for Blood"],"picked":"Rampage","floor":1.0},{"not_picked":["True Grit","Clothesline"],"picked":"Cleave","floor":2.0},{"not_picked":["Armaments","Feel No Pain"],"picked":"Whirlwind","floor":5.0},{"not_picked":["Searing Blow","Evolve"],"picked":"Limit Break","floor":8},{"not_picked":["Shrug It Off","Intimidate","Warcry"],"picked":"SKIP","floor":10},{"not_picked":["Combust","Iron Wave","Entrench"],"picked":"SKIP","floor":12},{"not_picked":["Spot Weakness","Inflame","Shockwave"],"picked":"SKIP","floor":14},{"not_picked":["Dark Embrace","Feed"],"picked":"Double Tap","floor":16},{"not_picked":["Dropkick","Infernal Blade","Ghostly Armor"],"picked":"SKIP","floor":18},{"not_picked":["Cleave","True Grit","Wild Strike"],"picked":"SKIP","floor":24}],"player_experience":362823,"relics_obtained":[{"floor":8,"key":"Happy Flower"},{"floor":9,"key":"Anchor"},{"floor":21,"key":"Letter Opener"},{"floor":22,"key":"Charon\u0027s Ashes"},{"floor":26,"key":"Kunai"}],"event_choices":[{"damage_healed":0.0,"max_hp_gain":0.0,"max_hp_loss":0.0,"gold_gain":175.0,"event_name":"Liars Game","player_choice":"AGREE","floor":3.0,"gold_loss":0.0,"damage_taken":0.0,"cards_obtained":["Doubt"]},{"damage_healed":0.0,"max_hp_gain":0.0,"max_hp_loss":0.0,"gold_gain":75.0,"event_name":"World of Goop","player_choice":"Gather Gold","floor":4.0,"gold_loss":0.0,"damage_taken":11.0},{"damage_healed":0,"gold_gain":0,"player_choice":"Fight","damage_taken":0,"max_hp_gain":0,"max_hp_loss":0,"event_name":"Colosseum","floor":19,"gold_loss":0},{"damage_healed":0,"gold_gain":0,"player_choice":"Fled From Nobs","damage_taken":0,"max_hp_gain":0,"max_hp_loss":0,"event_name":"Colosseum","floor":19,"gold_loss":0},{"cards_removed":["Strike_R"],"damage_healed":0,"gold_gain":0,"player_choice":"Gave Gold","damage_taken":0,"max_hp_gain":0,"max_hp_loss":0,"event_name":"Beggar","floor":20,"gold_loss":75}],"is_beta":false,"boss_relics":[{"not_picked":["Lizard Tail","Runic Pyramid"],"picked":"Black Blood"}],"items_purged_floors":[7],"is_endless":false,"potions_floor_spawned":[1,2,12,16,19],"killed_by":"Gremlin Leader","ascension_level":13}