{"gold_per_floor":[111,36,47,47,47,47,81,81,81,81,81,100,132,82,82,181,181,194,194,194,94,106,121,121,153,153,153,28,47,47,64,64,64],"floor_reached":33,"playtime":1977,"items_purged":["Strike_B","Defend_B","Defend_B"],"score":251,"play_id":"369c4851-8db0-4544-8b8c-53760f11e089","local_time":"20190211101006","is_ascension_mode":false,"campfire_choices":[{"data":"Dualcast","floor":6.0,"key":"SMITH"},{"floor":15.0,"key":"REST"},{"floor":27,"key":"REST"},{"floor":32,"key":"REST"}],"neow_cost":"TEN_PERCENT_HP_LOSS","seed_source_timestamp":0,"circlet_count":0,"master_deck":["Strike_B","Strike_B","Defend_B","Defend_B","Zap","Dualcast+1","Core Surge","Barrage","Loop","Chill","Conserve Battery","Amplify","Leap","Leap","Rip and Tear","Writhe","Chill+1","Redo","Ball Lightning"],"special_seed":0,"relics":["Cracked Core","Potion Belt","Dodecahedron","Strawberry","Pen Nib","Nuclear Battery","Enchiridion","Matryoshka","Red Mask","Juzu Bracelet","Shuriken"],"potions_floor_usage":[25,25,25,25,33],"damage_taken":[{"damage":0.0,"enemies":"Small Slimes","floor":1.0,"turns":3.0},{"damage":1.0,"enemies":"Jaw Worm","floor":3.0,"turns":3.0},{"damage":14.0,"enemies":"Gremlin Nob","floor":7.0,"turns":4.0},{"damage":0.0,"enemies":"2 Louse","floor":12.0,"turns":2.0},{"damage":22.0,"enemies":"3 Sentries","floor":13.0,"turns":7.0},{"damage":58.0,"enemies":"Slime Boss","floor":16.0,"turns":15.0},{"damage":6.0,"enemies":"3 Byrds","floor":18.0,"turns":8.0},{"damage":19.0,"enemies":"Chosen","floor":22.0,"turns":7.0},{"damage":43,"enemies":"3 Cultists","floor":23,"turns":8},{"damage":0,"enemies":"Masked Bandits","floor":25,"turns":5},{"damage":12,"enemies":"Centurion and Healer","floor":29,"turns":7},{"damage":16,"enemies":"Snecko","floor":31,"turns":6},{"damage":47,"enemies":"Collector","floor":33,"turns":4}],"seed_played":"5030684933034872429","potions_obtained":[{"floor":1.0,"key":"Dexterity Potion"},{"floor":12.0,"key":"FairyPotion"},{"floor":16.0,"key":"PowerPotion"},{"floor":18.0,"key":"Regen Potion"},{"floor":22,"key":"Weak Potion"},{"floor":23,"key":"AttackPotion"},{"floor":29,"key":"Strength Potion"}],"is_trial":false,"path_per_floor":["M","$","M","?","?","R","E","$","T","?","$","M","E","?","R","B",null,"M","?","?","$","M","M","?","?","T","R","$","M","?","M","R","B"],"character_chosen":"DEFECT","items_purchased":[],"campfire_rested":3,"item_purchase_floors":[],"current_hp_per_floor":[68,68,67,72,72,72,58,58,58,62,62,62,40,40,64,6,80,74,58,58,58,39,8,8,22,22,46,46,34,34,18,42,0],"gold":64,"neow_bonus":"THREE_RARE_CARDS","is_prod":false,"is_daily":false,"chose_seed":false,"campfire_upgraded":1,"win_rate":0.0,"timestamp":1549908606,"path_taken":["M","$","M","?","?","R","E","$","T","?","?","?","E","?","R","BOSS","M","?","?","$","?","M","?","?","T","R","$","M","?","M","R","BOSS"],"build_version":"2019-01-23","purchased_purges":3,"victory":false,"max_hp_per_floor":[68,68,68,73,73,73,73,73,73,80,80,80,80,80,80,80,80,80,80,80,80,80,80,80,80,80,80,80,80,80,80,80,80],"card_choices":[{"not_picked":["Buffer","Fission"],"picked":"Core Surge","floor":0.0},{"not_picked":["Force Field","Hologram"],"picked":"Barrage","floor":1.0},{"not_picked":["Barrage","Ball Lightning"],"picked":"Loop","floor":3.0},{"not_picked":["Double Energy","Hello World"],"picked":"Chill","floor":7.0},{"not_picked":["Compile Driver","Fission"],"picked":"Conserve Battery","floor":12.0},{"not_picked":["Glacier","Hello World","Sunder"],"picked":"SKIP","floor":13.0},{"not_picked":["Biased Cognition","Machine Learning"],"picked":"Amplify","floor":16.0},{"not_picked":["Sunder","Gash"],"picked":"Leap","floor":18.0},{"not_picked":["Coolheaded","Compile Driver"],"picked":"Rip and Tear","floor":22},{"not_picked":["Sweeping Beam","Rebound+1","Fusion"],"picked":"SKIP","floor":23},{"not_picked":["Glacier","Coolheaded+1"],"picked":"Chill+1","floor":25},{"not_picked":["Turbo","Darkness"],"picked":"Redo","floor":29},{"not_picked":["Hologram+1","Meteor Strike"],"picked":"Ball Lightning","floor":31}],"player_experience":127740,"relics_obtained":[{"floor":7.0,"key":"Potion Belt"},{"floor":9.0,"key":"Dodecahedron"},{"floor":13.0,"key":"Pen Nib"},{"floor":19.0,"key":"Enchiridion"},{"floor":25,"key":"Red Mask"},{"floor":26,"key":"Juzu Bracelet"},{"floor":26,"key":"Shuriken"}],"event_choices":[{"damage_healed":0.0,"max_hp_gain":5.0,"max_hp_loss":0.0,"gold_gain":0.0,"event_name":"Big Fish","player_choice":"Donut","floor":4.0,"gold_loss":0.0,"damage_taken":0.0},{"damage_healed":0.0,"max_hp_gain":0.0,"max_hp_loss":0.0,"gold_gain":0.0,"event_name":"Liars Game","player_choice":"Ignored","floor":5.0,"gold_loss":0.0,"damage_taken":0.0},{"damage_healed":0.0,"max_hp_gain":0.0,"max_hp_loss":0.0,"gold_gain":0.0,"event_name":"Scrap Ooze","player_choice":"Success","floor":10.0,"gold_loss":0.0,"damage_taken":3.0,"relics_obtained":["Strawberry"]},{"cards_removed":["Strike_B"],"damage_healed":0.0,"max_hp_gain":0.0,"max_hp_loss":0.0,"gold_gain":0.0,"event_name":"The Cleric","player_choice":"Card Removal","floor":14.0,"gold_loss":50.0,"damage_taken":0.0},{"damage_healed":0.0,"max_hp_gain":0.0,"max_hp_loss":0.0,"gold_gain":0.0,"event_name":"Cursed Tome","player_choice":"Obtained Book","floor":19.0,"gold_loss":0.0,"damage_taken":16.0},{"damage_healed":0.0,"max_hp_gain":0.0,"max_hp_loss":0.0,"gold_gain":0.0,"event_name":"The Library","player_choice":"Read","floor":20.0,"gold_loss":0.0,"damage_taken":0.0,"cards_obtained":["Leap"]},{"damage_healed":0,"gold_gain":0,"player_choice":"Opened","damage_taken":0,"relics_obtained":["Matryoshka"],"max_hp_gain":0,"max_hp_loss":0,"event_name":"The Mausoleum","floor":24,"gold_loss":0,"cards_obtained":["Writhe"]},{"damage_healed":0,"gold_gain":0,"player_choice":"Fought Bandits","damage_taken":0,"max_hp_gain":0,"max_hp_loss":0,"event_name":"Masked Bandits","floor":25,"gold_loss":0},{"damage_healed":0,"gold_gain":0,"player_choice":"Ignored","damage_taken":0,"max_hp_gain":0,"max_hp_loss":0,"event_name":"Beggar","floor":30,"gold_loss":0}],"is_beta":false,"boss_relics":[{"not_picked":["Pandora\u0027s Box","Lizard Tail"],"picked":"Nuclear Battery"}],"items_purged_floors":[2,21,28],"is_endless":false,"potions_floor_spawned":[1,12,16,18,22,23,29],"killed_by":"Collector","ascension_level":0}