{"gold_per_floor":[134,209,209,234,234,234,269,299,299,314,344,394,317,372,372,472,472,487,237,336,336,336,336,371,386,466,466,496,511,546,546],"floor_reached":31,"playtime":2060,"items_purged":[],"score":331,"play_id":"0decf7b5-7b8e-4f4d-aa94-02421be3fc44","local_time":"20190219142216","daily_mods":["Shiny","Colorless Cards","DeadlyEvents"],"is_ascension_mode":false,"campfire_choices":[{"floor":6,"key":"REST"},{"floor":15,"key":"REST"},{"data":"Whirlwind","floor":23,"key":"SMITH"},{"data":"Dramatic Entrance","floor":27,"key":"SMITH"}],"neow_cost":"","seed_source_timestamp":0,"circlet_count":0,"master_deck":["Double Tap","Demon Form","Bludgeon+1","Feed","Limit Break","Barricade","Fiend Fire","Dark Embrace+1","Berserk","Impervious","Juggernaut","Brutality","Reaper","Exhume","Offering","Immolate","Thinking Ahead","Metamorphosis","Master of Strategy","Magnetism","Chrysalis","Transmutation","HandOfGreed","Mayhem","Apotheosis","Secret Weapon","Panache","Violence","Secret Technique","The Bomb","Sadistic Nature","Anger","Thunderclap","Pommel Strike","Dramatic Entrance","Dramatic Entrance+1","Whirlwind+1","Reaper"],"special_seed":17946,"relics":["Burning Blood","Potion Belt","Smiling Mask","Ornamental Fan","Boot","Happy Flower","Dream Catcher","Velvet Choker","Bottled Flame","Tiny Chest","Ancient Tea Set"],"potions_floor_usage":[8,8,25],"damage_taken":[{"damage":5,"enemies":"2 Louse","floor":1,"turns":2},{"damage":0,"enemies":"Small Slimes","floor":7,"turns":2},{"damage":32,"enemies":"Gremlin Nob","floor":8,"turns":4},{"damage":0,"enemies":"Jaw Worm","floor":10,"turns":1},{"damage":24,"enemies":"3 Sentries","floor":11,"turns":5},{"damage":18,"enemies":"Gremlin Nob","floor":12,"turns":3},{"damage":14,"enemies":"3 Sentries","floor":14,"turns":3},{"damage":63,"enemies":"The Guardian","floor":16,"turns":7},{"damage":6,"enemies":"3 Byrds","floor":18,"turns":3},{"damage":6,"enemies":"Chosen","floor":24,"turns":2},{"damage":6,"enemies":"Sentry and Sphere","floor":25,"turns":2},{"damage":0,"enemies":"Slavers","floor":28,"turns":1},{"damage":40,"enemies":"Snake Plant","floor":29,"turns":3},{"damage":57,"enemies":"Shelled Parasite and Fungi","floor":30,"turns":5},{"damage":16,"enemies":"Centurion and Healer","floor":31,"turns":1}],"seed_played":"6153314336027530073","potions_obtained":[{"floor":1,"key":"Swift Potion"},{"floor":8,"key":"Fruit Juice"},{"floor":16,"key":"Weak Potion"},{"floor":24,"key":"Swift Potion"},{"floor":28,"key":"Swift Potion"},{"floor":29,"key":"AttackPotion"},{"floor":30,"key":"Weak Potion"}],"is_trial":false,"path_per_floor":["M","?","?","T","$","R","M","E","T","M","E","E","$","E","R","B",null,"M","$","?","?","?","R","M","M","T","R","E","M","M","M"],"character_chosen":"IRONCLAD","items_purchased":["Whirlwind","Bottled Flame"],"campfire_rested":2,"item_purchase_floors":[13,19],"current_hp_per_floor":[80,69,53,53,53,77,80,59,59,65,59,47,47,49,74,22,85,85,85,85,85,85,85,85,85,85,85,85,64,13,0],"gold":546,"neow_bonus":"","is_prod":false,"is_daily":true,"chose_seed":false,"campfire_upgraded":2,"win_rate":0,"timestamp":1550614936,"path_taken":["M","?","?","?","$","R","M","E","T","M","?","?","?","?","R","BOSS","M","$","?","?","?","R","M","M","T","R","?","M","M","?"],"build_version":"2019-01-23","purchased_purges":0,"victory":false,"max_hp_per_floor":[80,80,80,80,80,80,80,85,85,85,85,85,85,85,85,85,85,85,85,85,85,85,85,85,85,85,85,85,88,88,88],"card_choices":[{"not_picked":["Flash of Steel","Dual Wield","Shrug It Off"],"picked":"SKIP","floor":1},{"not_picked":["Impatience","Wild Strike"],"picked":"Anger","floor":7},{"not_picked":["Apotheosis","Searing Blow"],"picked":"Thunderclap","floor":8},{"not_picked":["Wild Strike","Headbutt"],"picked":"Pommel Strike","floor":10},{"not_picked":["Headbutt","Sword Boomerang"],"picked":"Dramatic Entrance","floor":11},{"not_picked":["Inflame","Forethought"],"picked":"Dramatic Entrance","floor":12},{"not_picked":["Armaments","Cleave","Madness"],"picked":"SKIP","floor":14},{"not_picked":["Panache","Exhume"],"picked":"Reaper","floor":16},{"not_picked":["Panacea","Evolve"],"picked":"Twin Strike","floor":18},{"not_picked":["Uppercut","Havoc+1","True Grit+1"],"picked":"SKIP","floor":24},{"not_picked":["Headbutt+1","Blind","Clothesline"],"picked":"SKIP","floor":25},{"not_picked":["Havoc","Burning Pact","Combust+1"],"picked":"SKIP","floor":28},{"not_picked":["Armaments","Heavy Blade","Anger"],"picked":"SKIP","floor":29},{"not_picked":["Dropkick","Power Through","Body Slam"],"picked":"SKIP","floor":30}],"player_experience":213201,"relics_obtained":[{"floor":4,"key":"Potion Belt"},{"floor":8,"key":"Smiling Mask"},{"floor":9,"key":"Ornamental Fan"},{"floor":11,"key":"Boot"},{"floor":12,"key":"Happy Flower"},{"floor":14,"key":"Dream Catcher"},{"floor":26,"key":"Tiny Chest"},{"floor":28,"key":"Ancient Tea Set"}],"event_choices":[{"damage_healed":0,"gold_gain":75,"player_choice":"Gather Gold","damage_taken":11,"max_hp_gain":0,"max_hp_loss":0,"event_name":"World of Goop","floor":2,"gold_loss":0},{"damage_healed":0,"gold_gain":0,"player_choice":"Entered Light","damage_taken":16,"max_hp_gain":0,"max_hp_loss":0,"event_name":"Shining Light","floor":3,"gold_loss":0,"cards_upgraded":["Bludgeon","Dark Embrace"]},{"damage_healed":0,"gold_gain":99,"player_choice":"Stole From Cult","damage_taken":0,"max_hp_gain":0,"max_hp_loss":0,"event_name":"Nest","floor":20,"gold_loss":0},{"damage_healed":0,"gold_gain":0,"player_choice":"Ignored","damage_taken":0,"max_hp_gain":0,"max_hp_loss":0,"event_name":"Cursed Tome","floor":21,"gold_loss":0},{"cards_removed":["Twin Strike"],"damage_healed":0,"gold_gain":0,"player_choice":"Purged","damage_taken":0,"max_hp_gain":0,"max_hp_loss":0,"event_name":"Purifier","floor":22,"gold_loss":0}],"is_beta":false,"boss_relics":[{"not_picked":["Tiny House","Eternal Feather"],"picked":"Velvet Choker"}],"items_purged_floors":[],"is_endless":false,"potions_floor_spawned":[1,8,16,24,28,29,30],"killed_by":"Centurion and Healer","ascension_level":0}