{"gold_per_floor":[218,167,185,197,197,197,226,239,239,218,218,218,218,250,250,345,345,345,345,345,345,295,295,295,295,295,295,295,53,53,53,53,53,53,53,53,53,53,53,14,14,14,14,14,14,14,14,14,14,14],"floor_reached":50,"playtime":3382,"items_purged":[],"score":570,"play_id":"88116790-c5d8-4777-b9bb-5d1beedbd76c","local_time":"20181107192304","is_ascension_mode":true,"campfire_choices":[{"data":"Rampage","floor":6.0,"key":"SMITH"},{"data":"Bash","floor":11.0,"key":"SMITH"},{"floor":15.0,"key":"REST"},{"floor":23,"key":"REST"},{"floor":30,"key":"REST"},{"floor":32,"key":"REST"},{"data":"Apotheosis","floor":41,"key":"SMITH"},{"floor":45,"key":"REST"},{"floor":47,"key":"REST"},{"floor":49,"key":"REST"}],"neow_cost":"NONE","seed_source_timestamp":1646395359838737,"circlet_count":0,"master_deck":["Strike_R","Strike_R","Strike_R","Strike_R","Strike_R","Defend_R","Defend_R","Defend_R","Defend_R+1","Bash+1","Inflame","Armaments+1","Rampage+1","Cleave","Double Tap","Shrug It Off","Demon Form","Heavy Blade","Metallicize","Necronomicurse","Whirlwind","Shrug It Off","Rampage","Metallicize","Barricade","Whirlwind+1","Apotheosis+1","Fire Breathing","Battle Trance+1"],"special_seed":0,"relics":["Burning Blood","Bottled Tornado","Champion Belt","Bird Faced Urn","Blood Vial","Ectoplasm","Necronomicon","Regal Pillow","Kunai","Sozu","Red Skull"],"potions_floor_usage":[25,46,48,50],"damage_taken":[{"damage":3.0,"enemies":"2 Louse","floor":1.0,"turns":3.0},{"damage":0.0,"enemies":"Small Slimes","floor":3.0,"turns":3.0},{"damage":6.0,"enemies":"Cultist","floor":4.0,"turns":3.0},{"damage":7.0,"enemies":"Lagavulin","floor":7.0,"turns":7.0},{"damage":12.0,"enemies":"Lots of Slimes","floor":8.0,"turns":2.0},{"damage":6.0,"enemies":"Gremlin Nob","floor":14.0,"turns":3.0},{"damage":40.0,"enemies":"Slime Boss","floor":16.0,"turns":12.0},{"damage":16,"enemies":"3 Byrds","floor":18,"turns":6},{"damage":12,"enemies":"Shell Parasite","floor":21,"turns":3},{"damage":26,"enemies":"Snake Plant","floor":24,"turns":3},{"damage":13,"enemies":"Centurion and Healer","floor":25,"turns":4},{"damage":18,"enemies":"Shelled Parasite and Fungi","floor":27,"turns":3},{"damage":30,"enemies":"Snake Plant","floor":31,"turns":3},{"damage":34,"enemies":"Champ","floor":33,"turns":7},{"damage":13,"enemies":"3 Shapes","floor":35,"turns":7},{"damage":12,"enemies":"Orb Walker","floor":36,"turns":4},{"damage":11,"enemies":"Jaw Worm Horde","floor":37,"turns":2},{"damage":22,"enemies":"3 Darklings","floor":39,"turns":2},{"damage":52,"enemies":"Writhing Mass","floor":44,"turns":5},{"damage":28,"enemies":"Spire Growth","floor":46,"turns":3},{"damage":33,"enemies":"4 Shapes","floor":48,"turns":5},{"damage":94,"enemies":"Awakened One","floor":50,"turns":5}],"seed_played":"-346631343571782457","potions_obtained":[{"floor":3.0,"key":"SpeedPotion"},{"floor":7.0,"key":"PowerPotion"},{"floor":14.0,"key":"SpeedPotion"},{"floor":21,"key":"Strength Potion"},{"floor":24,"key":"AttackPotion"},{"floor":33,"key":"GamblersBrew"}],"is_trial":false,"path_per_floor":["M","$","M","M","?","R","E","M","T","?","R","?","?","E","R","B",null,"M","?","?","M","?","R","M","M","T","M","?","$","R","M","R","B",null,"M","M","M","?","M","$","R","?","T","M","R","M","R","M","R","B"],"character_chosen":"IRONCLAD","items_purchased":["Armaments","Kunai","Fire Breathing"],"campfire_rested":7,"item_purchase_floors":[2,29,40],"current_hp_per_floor":[80,80,80,80,64,64,63,57,57,57,57,39,39,43,67,37,80,70,70,54,54,54,78,62,63,63,55,55,55,80,56,80,55,80,77,74,75,75,64,64,64,64,64,26,65,47,80,59,80,0],"gold":14,"neow_bonus":"HUNDRED_GOLD","is_prod":false,"is_daily":false,"chose_seed":false,"campfire_upgraded":3,"win_rate":0,"timestamp":1541618584,"path_taken":["M","$","M","M","?","R","E","M","T","?","R","?","?","E","R","BOSS","M","?","?","M","?","R","M","?","T","?","?","$","R","M","R","BOSS","M","M","?","?","M","$","R","?","T","?","R","?","R","M","R","BOSS"],"build_version":"2018-11-01","purchased_purges":0,"victory":false,"max_hp_per_floor":[80,80,80,80,80,80,80,80,80,80,80,80,80,80,80,80,80,80,80,80,80,80,80,80,80,80,80,80,80,80,80,80,80,80,80,80,80,80,80,80,80,80,80,80,80,80,80,80,80,80],"card_choices":[{"not_picked":["Iron Wave","Headbutt"],"picked":"Inflame","floor":1.0},{"not_picked":["Reckless Charge","Seeing Red","Pummel"],"picked":"SKIP","floor":3.0},{"not_picked":["Ghostly Armor","Dual Wield"],"picked":"Rampage","floor":4.0},{"not_picked":["Pummel","Flex"],"picked":"Cleave","floor":7.0},{"not_picked":["Hemokinesis","Cleave"],"picked":"Double Tap","floor":8.0},{"not_picked":["Perfected Strike","Pommel Strike"],"picked":"Shrug It Off","floor":14.0},{"not_picked":["Bludgeon","Dark Embrace"],"picked":"Demon Form","floor":16.0},{"not_picked":["Shrug It Off+1","Metallicize"],"picked":"Heavy Blade","floor":18},{"not_picked":["Hemokinesis+1","Sword Boomerang","Anger"],"picked":"SKIP","floor":21},{"not_picked":["Hemokinesis","Wild Strike+1"],"picked":"Whirlwind","floor":24},{"not_picked":["Armaments","Uppercut"],"picked":"Shrug It Off","floor":25},{"not_picked":["Sever Soul","Havoc"],"picked":"Rampage","floor":27},{"not_picked":["Power Through","Burning Pact","Sever Soul"],"picked":"SKIP","floor":31},{"not_picked":["Juggernaut","Impervious"],"picked":"Barricade","floor":33},{"not_picked":["Carnage+1","Headbutt+1","Searing Blow+1"],"picked":"SKIP","floor":35},{"not_picked":["Hemokinesis","Warcry"],"picked":"Whirlwind+1","floor":36},{"not_picked":["Thunderclap","Headbutt+1","Carnage+1"],"picked":"SKIP","floor":37},{"not_picked":["Trip","Good Instincts"],"picked":"Apotheosis","floor":38},{"not_picked":["Iron Wave+1","Anger","Heavy Blade"],"picked":"SKIP","floor":39},{"not_picked":["Clothesline+1","True Grit+1","Power Through"],"picked":"SKIP","floor":44},{"not_picked":["Wild Strike","Fire Breathing+1"],"picked":"Battle Trance+1","floor":46},{"not_picked":["Sentinel","True Grit","Shrug It Off"],"picked":"SKIP","floor":48}],"player_experience":787897,"relics_obtained":[{"floor":7.0,"key":"Bottled Tornado"},{"floor":9.0,"key":"Champion Belt"},{"floor":14.0,"key":"Blood Vial"},{"floor":20,"key":"Necronomicon"},{"floor":26,"key":"Regal Pillow"},{"floor":43,"key":"Red Skull"}],"event_choices":[{"damage_healed":0.0,"max_hp_gain":0.0,"max_hp_loss":0.0,"gold_gain":0.0,"event_name":"Shining Light","player_choice":"Entered Light","floor":5.0,"gold_loss":0.0,"damage_taken":16.0,"cards_upgraded":["Defend_R","Armaments"]},{"damage_healed":0.0,"max_hp_gain":0.0,"max_hp_loss":0.0,"gold_gain":0.0,"event_name":"World of Goop","player_choice":"Left Gold","floor":10.0,"gold_loss":21.0,"damage_taken":0.0},{"damage_healed":0.0,"max_hp_gain":0.0,"max_hp_loss":0.0,"gold_gain":0.0,"event_name":"Scrap Ooze","player_choice":"Success","floor":12.0,"gold_loss":0.0,"damage_taken":18.0,"relics_obtained":["Bird Faced Urn"]},{"damage_healed":0.0,"max_hp_gain":0.0,"max_hp_loss":0.0,"gold_gain":0.0,"event_name":"Liars Game","player_choice":"Ignored","floor":13.0,"gold_loss":0.0,"damage_taken":0.0},{"damage_healed":0,"gold_gain":0,"player_choice":"Read","damage_taken":0,"max_hp_gain":0,"max_hp_loss":0,"event_name":"The Library","floor":19,"gold_loss":0,"cards_obtained":["Metallicize"]},{"damage_healed":0,"gold_gain":0,"player_choice":"Obtained Book","damage_taken":16,"max_hp_gain":0,"max_hp_loss":0,"event_name":"Cursed Tome","floor":20,"gold_loss":0},{"damage_healed":0,"gold_gain":100,"player_choice":"Bet on Murderer","damage_taken":0,"max_hp_gain":0,"max_hp_loss":0,"event_name":"The Joust","floor":22,"gold_loss":50},{"damage_healed":0,"gold_gain":0,"player_choice":"Copied","damage_taken":0,"max_hp_gain":0,"max_hp_loss":0,"event_name":"Duplicator","floor":28,"gold_loss":0,"cards_obtained":["Metallicize"]},{"damage_healed":0,"gold_gain":0,"player_choice":"Memory 1","damage_taken":0,"max_hp_gain":0,"max_hp_loss":0,"event_name":"SensoryStone","floor":38,"gold_loss":0},{"damage_healed":0,"gold_gain":300,"player_choice":"Gold","damage_taken":0,"max_hp_gain":0,"max_hp_loss":0,"event_name":"Wheel of Change","floor":42,"gold_loss":0}],"is_beta":false,"boss_relics":[{"not_picked":["Busted Crown","White Beast Statue"],"picked":"Ectoplasm"},{"not_picked":["Eternal Feather","Velvet Choker"],"picked":"Sozu"}],"items_purged_floors":[],"is_endless":false,"potions_floor_spawned":[3,7,14,21,24,33,39,44,46],"killed_by":"Awakened One","ascension_level":4}