{"gold_per_floor":[117,117,127,127,127,153,153,184,208,208,227,238,257,277,277,375,375,392,307,61,78,78,78,78,94,94,94,16,27,27,44,44,143,143,155,173,173,188,188],"floor_reached":39,"playtime":1337,"items_purged":[],"score":575,"play_id":"21808435-2961-4292-ba36-f3db94d3364d","local_time":"20190629180909","is_ascension_mode":true,"campfire_choices":[{"floor":7,"key":"REST"},{"data":"Caltrops","floor":10,"key":"SMITH"},{"floor":15,"key":"REST"},{"floor":23,"key":"REST"},{"floor":32,"key":"REST"}],"neow_cost":"NONE","seed_source_timestamp":260890984145171,"circlet_count":0,"master_deck":["Survivor","Neutralize","Endless Agony","Phantasmal Killer","All Out Attack","Dagger Spray","Caltrops+1","Calculated Gamble","Terror","After Image","Dash","Caltrops+1","Quick Slash","All Out Attack","Backflip","Footwork","Backflip","Infinite Blades","Dash","Caltrops","Cloak And Dagger","Wraith Form v2","Cloak And Dagger","Venomology","Bullet Time+1","Choke+1","Sucker Punch+1","Backflip","Malaise","Dodge and Roll+1"],"relics":["Pandora\u0027s Box","Orichalcum","Tough Bandages","Anchor","Strawberry","Fusion Hammer","Ninja Scroll","Tiny Chest","Kunai","Prayer Wheel","WingedGreaves","Astrolabe"],"potions_floor_usage":[16,33,33,33,36,38],"damage_taken":[{"damage":5,"enemies":"2 Louse","floor":1,"turns":2},{"damage":0,"enemies":"Cultist","floor":3,"turns":3},{"damage":12,"enemies":"Gremlin Nob","floor":6,"turns":4},{"damage":11,"enemies":"3 Sentries","floor":8,"turns":4},{"damage":0,"enemies":"Small Slimes","floor":11,"turns":3},{"damage":0,"enemies":"2 Fungi Beasts","floor":12,"turns":3},{"damage":9,"enemies":"Looter","floor":13,"turns":3},{"damage":11,"enemies":"Blue Slaver","floor":14,"turns":3},{"damage":24,"enemies":"Hexaghost","floor":16,"turns":6},{"damage":14,"enemies":"2 Thieves","floor":18,"turns":4},{"damage":4,"enemies":"Chosen","floor":21,"turns":4},{"damage":4,"enemies":"Snecko","floor":25,"turns":4},{"damage":19,"enemies":"Sentry and Sphere","floor":29,"turns":4},{"damage":10,"enemies":"Shelled Parasite and Fungi","floor":31,"turns":5},{"damage":44,"enemies":"Collector","floor":33,"turns":8},{"damage":23,"enemies":"3 Shapes","floor":35,"turns":4},{"damage":3,"enemies":"3 Darklings","floor":36,"turns":4},{"damage":34,"enemies":"Maw","floor":38,"turns":8},{"damage":22,"enemies":"Jaw Worm Horde","floor":39,"turns":2}],"seed_played":"6515547869925182809","potions_obtained":[{"floor":1,"key":"SkillPotion"},{"floor":3,"key":"PowerPotion"},{"floor":6,"key":"Ancient Potion"},{"floor":13,"key":"Regen Potion"},{"floor":16,"key":"Strength Potion"},{"floor":33,"key":"Swift Potion"},{"floor":35,"key":"Block Potion"}],"is_trial":false,"path_per_floor":["M","?","M","?","?","E","R","E","T","R","M","M","M","M","R","B",null,"M","?","$","M","?","R","T","M","T","T","$","M","$","M","R","B",null,"M","M","$","M","M"],"character_chosen":"THE_SILENT","items_purchased":["Tiny Chest","Footwork","Backflip","Caltrops"],"campfire_rested":4,"item_purchase_floors":[20,20,20,28],"current_hp_per_floor":[58,80,80,77,77,65,80,69,76,76,76,76,67,56,82,58,80,66,66,66,62,62,87,87,83,83,83,83,64,64,54,80,49,78,55,52,52,18,0],"gold":188,"neow_bonus":"BOSS_RELIC","is_prod":false,"is_daily":false,"chose_seed":false,"campfire_upgraded":1,"win_rate":0,"timestamp":1561846149,"path_taken":["M","?","?","?","?","E","R","E","T","R","M","M","M","M","R","BOSS","M","?","$","M","?","R","?","?","T","?","?","M","$","?","R","BOSS","M","M","$","?","?"],"build_version":"2019-01-23","purchased_purges":0,"victory":false,"max_hp_per_floor":[70,80,80,80,80,80,80,80,87,87,87,87,87,87,87,87,87,87,87,87,87,87,87,87,87,87,87,87,87,87,87,87,87,87,87,87,87,87,87],"card_choices":[{"not_picked":["Accuracy","Flechettes"],"picked":"Dash","floor":1},{"not_picked":["Predator","Dodge and Roll"],"picked":"Caltrops","floor":3},{"not_picked":["Backflip","Masterful Stab"],"picked":"Quick Slash","floor":6},{"not_picked":["Dodge and Roll","Choke"],"picked":"Crippling Poison","floor":8},{"not_picked":["Well Laid Plans","Dodge and Roll","Bane"],"picked":"SKIP","floor":11},{"not_picked":["Slice","Bouncing Flask","Riddle With Holes"],"picked":"SKIP","floor":12},{"not_picked":["Bane","Escape Plan"],"picked":"All Out Attack","floor":13},{"not_picked":["Cloak And Dagger","Finisher"],"picked":"Backflip","floor":14},{"not_picked":["Tools of the Trade","Burst"],"picked":"A Thousand Cuts","floor":16},{"not_picked":["Deadly Poison","Masterful Stab+1","Eviscerate"],"picked":"SKIP","floor":18},{"not_picked":["Tactician","Bouncing Flask"],"picked":"Infinite Blades","floor":21},{"not_picked":["Catalyst+1","Sucker Punch+1"],"picked":"Dash","floor":25},{"not_picked":["Setup","Flechettes"],"picked":"Cloak And Dagger","floor":29},{"not_picked":["Quick Slash","Skewer"],"picked":"Wraith Form v2","floor":29},{"not_picked":["Prepared+1","Blade Dance"],"picked":"Cloak And Dagger","floor":31},{"not_picked":["Reflex","Underhanded Strike+1","Quick Slash"],"picked":"SKIP","floor":31},{"not_picked":["Burst","Malaise"],"picked":"Venomology","floor":33},{"not_picked":["Outmaneuver+1","Dagger Throw+1"],"picked":"Backflip","floor":35},{"not_picked":["Flying Knee+1","Acrobatics+1","Choke+1"],"picked":"SKIP","floor":35},{"not_picked":["All Out Attack+1","Deflect"],"picked":"Malaise","floor":36},{"not_picked":["Underhanded Strike+1","Deadly Poison+1"],"picked":"Dodge and Roll+1","floor":36},{"not_picked":["Dagger Throw","Concentrate+1","Riddle With Holes+1"],"picked":"SKIP","floor":38},{"not_picked":["Acrobatics","Outmaneuver","Underhanded Strike"],"picked":"SKIP","floor":38}],"player_experience":507449,"relics_obtained":[{"floor":6,"key":"Tough Bandages"},{"floor":8,"key":"Anchor"},{"floor":9,"key":"Strawberry"},{"floor":24,"key":"Kunai"},{"floor":26,"key":"Prayer Wheel"},{"floor":27,"key":"WingedGreaves"}],"event_choices":[{"cards_removed":["Wraith Form v2"],"damage_healed":12,"gold_gain":0,"player_choice":"Offered Rare","damage_taken":0,"max_hp_gain":10,"max_hp_loss":0,"event_name":"Bonfire Elementals","floor":2,"gold_loss":0},{"damage_healed":0,"gold_gain":0,"player_choice":"Success","damage_taken":3,"relics_obtained":["Orichalcum"],"max_hp_gain":0,"max_hp_loss":0,"event_name":"Scrap Ooze","floor":4,"gold_loss":0},{"damage_healed":0,"gold_gain":0,"player_choice":"Grow","damage_taken":0,"max_hp_gain":0,"max_hp_loss":0,"event_name":"Living Wall","floor":5,"gold_loss":0,"cards_upgraded":["Caltrops"]},{"damage_healed":0,"gold_gain":0,"player_choice":"Obtained Relic","damage_taken":0,"relics_obtained":["Ninja Scroll"],"max_hp_gain":0,"max_hp_loss":0,"event_name":"Addict","floor":19,"gold_loss":85},{"damage_healed":0,"gold_gain":0,"player_choice":"Ignored","damage_taken":0,"max_hp_gain":0,"max_hp_loss":0,"event_name":"Ghosts","floor":22,"gold_loss":0}],"is_beta":false,"boss_relics":[{"not_picked":["Sozu","Tiny House"],"picked":"Fusion Hammer"},{"not_picked":["Black Star","Orrery"],"picked":"Astrolabe"}],"items_purged_floors":[],"is_endless":false,"potions_floor_spawned":[1,3,6,13,16,21,33,35,38],"killed_by":"Jaw Worm Horde","ascension_level":8}