{"gold_per_floor":[115,30,30,30,50,75,75,75,75,88,115,128,128,112,112,112],"floor_reached":16,"playtime":535,"items_purged":[],"score":132,"play_id":"81803b46-7acf-4a6e-a8ff-b2b818d1520c","local_time":"20190414113200","is_ascension_mode":true,"campfire_choices":[{"floor":7,"key":"REST"},{"floor":15,"key":"REST"}],"neow_cost":"NONE","seed_source_timestamp":123236876951134,"circlet_count":0,"master_deck":["Defend_G","Defend_G","Defend_G","Defend_G+1","Defend_G","Strike_G","Strike_G","Strike_G","Strike_G","Survivor","Neutralize","Backflip","Infinite Blades","Poisoned Stab","Backflip+1","Dash+1","Caltrops","Dagger Throw","Dagger Throw"],"relics":["Ring of the Snake","Happy Flower","Peace Pipe","Tingsha"],"potions_floor_usage":[11,11,16],"damage_taken":[{"damage":4,"enemies":"Small Slimes","floor":1,"turns":3},{"damage":0,"enemies":"2 Louse","floor":5,"turns":3},{"damage":35,"enemies":"3 Sentries","floor":6,"turns":12},{"damage":1,"enemies":"Cultist","floor":10,"turns":3},{"damage":24,"enemies":"Gremlin Nob","floor":11,"turns":4},{"damage":5,"enemies":"3 Louse","floor":12,"turns":4},{"damage":2,"enemies":"Exordium Thugs","floor":14,"turns":4},{"damage":45,"enemies":"Slime Boss","floor":16,"turns":5}],"seed_played":"-2085800857513244995","potions_obtained":[{"floor":1,"key":"GamblersBrew"},{"floor":6,"key":"Ancient Potion"},{"floor":10,"key":"Dexterity Potion"},{"floor":12,"key":"Energy Potion"}],"is_trial":false,"path_per_floor":["M","$","?","?","M","E","R","?","T","M","E","M","?","M","R","B"],"character_chosen":"THE_SILENT","items_purchased":["Infinite Blades","Poisoned Stab"],"campfire_rested":2,"item_purchase_floors":[2,2],"current_hp_per_floor":[73,73,78,78,78,43,67,67,67,66,42,37,21,19,43,0],"gold":112,"neow_bonus":"TEN_PERCENT_HP_BONUS","is_prod":false,"is_daily":false,"chose_seed":false,"campfire_upgraded":0,"win_rate":0,"timestamp":1555255920,"path_taken":["M","$","?","?","?","E","R","?","T","?","E","M","?","M","R","BOSS"],"build_version":"2019-01-23","purchased_purges":0,"victory":false,"max_hp_per_floor":[77,77,82,82,82,82,82,82,82,82,82,82,82,82,82,82],"card_choices":[{"not_picked":["Riddle With Holes","Sucker Punch"],"picked":"Backflip","floor":1},{"not_picked":["Setup","Expertise","Dodge and Roll"],"picked":"SKIP","floor":5},{"not_picked":["Underhanded Strike","Deadly Poison"],"picked":"Dash","floor":6},{"not_picked":["Flying Knee","Blade Dance"],"picked":"Caltrops","floor":10},{"not_picked":["Outmaneuver","Setup","Distraction"],"picked":"SKIP","floor":11},{"not_picked":["Outmaneuver","Calculated Gamble"],"picked":"Dagger Throw","floor":12},{"not_picked":["Finisher","Poisoned Stab"],"picked":"Dagger Throw","floor":14}],"player_experience":314481,"relics_obtained":[{"floor":6,"key":"Happy Flower"},{"floor":9,"key":"Peace Pipe"},{"floor":11,"key":"Tingsha"}],"event_choices":[{"damage_healed":0,"gold_gain":0,"player_choice":"Donut","damage_taken":0,"max_hp_gain":5,"max_hp_loss":0,"event_name":"Big Fish","floor":3,"gold_loss":0},{"damage_healed":0,"gold_gain":0,"cards_transformed":["Strike_G"],"player_choice":"Transformed","damage_taken":0,"max_hp_gain":0,"max_hp_loss":0,"event_name":"Transmorgrifier","floor":4,"gold_loss":0,"cards_obtained":["Backflip"]},{"damage_healed":0,"gold_gain":0,"player_choice":"Upgraded","damage_taken":0,"max_hp_gain":0,"max_hp_loss":0,"event_name":"Upgrade Shrine","floor":8,"gold_loss":0,"cards_upgraded":["Dash"]},{"damage_healed":0,"gold_gain":0,"player_choice":"Entered Light","damage_taken":16,"max_hp_gain":0,"max_hp_loss":0,"event_name":"Shining Light","floor":13,"gold_loss":0,"cards_upgraded":["Backflip","Defend_G"]}],"is_beta":false,"boss_relics":[],"items_purged_floors":[],"is_endless":false,"potions_floor_spawned":[1,6,10,12],"killed_by":"Slime Boss","ascension_level":4}