{"path_per_floor":["M","?","$","M","?","R","E","R","T","M","M","R","$","M","R","B",null,"M","?","$","?","$","R"],"character_chosen":"THE_SILENT","items_purchased":["Poisoned Stab","Infinite Blades","Sucker Punch","Deadly Poison"],"gold_per_floor":[118,118,1,18,18,18,53,53,53,66,82,82,7,19,19,119,119,105,105,52,52,2,2,2],"floor_reached":24,"campfire_rested":2,"playtime":2071,"current_hp_per_floor":[69,69,69,69,69,69,46,67,67,67,67,67,67,67,67,51,70,46,46,46,46,46,67,0],"items_purged":["Defend_G"],"gold":2,"score":192,"play_id":"bef63cff-1b7b-44a0-b996-26567390b2ff","local_time":"20180508185234","is_prod":false,"is_daily":false,"chose_seed":false,"is_ascension_mode":false,"campfire_upgraded":3,"timestamp":1525801954,"path_taken":["M","?","$","M","?","R","E","R","T","M","M","R","$","M","R","BOSS","M","?","?","?","$","R","E"],"build_version":"2018-05-03","seed_source_timestamp":0,"purchased_purges":1,"victory":false,"master_deck":["Defend_G","Defend_G","Defend_G","Defend_G","Strike_G","Strike_G","Strike_G","Strike_G","Survivor","Neutralize","Flying Knee","Choke","Poisoned Stab","Infinite Blades+1","Deadly Poison","Neutralize","Footwork+1","Parasite","Caltrops+1","Leg Sweep","Poisoned Stab","Glass Knife+1","Dagger Throw","Bane","Sucker Punch","Deadly Poison"],"max_hp_per_floor":[70,70,70,70,70,70,70,70,70,70,70,70,70,70,70,70,70,70,70,70,70,70,70,70],"relics":["Cursed Key","Bronze Scales","Omamori","Runic Pyramid"],"card_choices":[{"not_picked":["Dagger Throw","Quick Slash"],"picked":"Flying Knee","floor":1.0},{"not_picked":["Calculated Gamble","Malaise"],"picked":"Deadly Poison","floor":4.0},{"not_picked":["Endless Agony","Catalyst"],"picked":"Footwork","floor":7.0},{"not_picked":["Deflect","Choke"],"picked":"Caltrops","floor":10.0},{"not_picked":["Blade Dance","Distraction"],"picked":"Leg Sweep","floor":11.0},{"not_picked":["All Out Attack","Caltrops"],"picked":"Poisoned Stab","floor":14.0},{"not_picked":["Doppelganger","Bullet Time"],"picked":"Glass Knife","floor":16},{"not_picked":["Prepared","Blade Dance"],"picked":"Dagger Throw","floor":18}],"player_experience":39242,"potions_floor_usage":[16,24,24],"damage_taken":[{"damage":1.0,"enemies":"Jaw Worm","floor":1.0,"turns":5.0},{"damage":0.0,"enemies":"Cultist","floor":4.0,"turns":3.0},{"damage":23.0,"enemies":"Lagavulin","floor":7.0,"turns":6.0},{"damage":0.0,"enemies":"Small Slimes","floor":10.0,"turns":3.0},{"damage":0.0,"enemies":"Looter","floor":11.0,"turns":3.0},{"damage":0.0,"enemies":"Large Slime","floor":14.0,"turns":6.0},{"damage":16,"enemies":"Hexaghost","floor":16,"turns":7},{"damage":24,"enemies":"2 Thieves","floor":18,"turns":4},{"damage":79,"enemies":"Slavers","floor":24,"turns":5}],"event_choices":[{"event_name":"Transmorgrifier","player_choice":"Transform","floor":2.0,"damage_taken":0.0},{"event_name":"Match and Keep!","player_choice":"1 cards matched","floor":5.0,"damage_taken":0.0},{"event_name":"The Library","player_choice":"Read","floor":19,"damage_taken":0},{"event_name":"Upgrade Shrine","player_choice":"Upgraded","floor":21,"damage_taken":0}],"boss_relics":[{"not_picked":["Runic Dome","Snecko Eye"],"picked":"Runic Pyramid"}],"potions_floor_spawned":[7,10,14,16,18],"seed_played":"-6134018044441894535","killed_by":"Slavers","ascension_level":0,"is_trial":false}