{"gold_per_floor":[116,116,116,128,128,128,53,71,71,41,57,57,74,86,86,86],"floor_reached":16,"playtime":1662,"items_purged":["Strike_R"],"score":92,"play_id":"932abcfe-b949-4a07-b255-cee40f120095","local_time":"20180712140926","is_ascension_mode":false,"campfire_choices":[{"data":"Armaments","floor":6,"key":"SMITH"},{"data":"Juggernaut","floor":15,"key":"SMITH"}],"neow_cost":"NONE","seed_source_timestamp":144877154746103,"circlet_count":0,"master_deck":["Strike_R","Strike_R","Strike_R","Strike_R","Defend_R","Defend_R","Defend_R","Defend_R","Bash","Armaments+1","Cleave","Dual Wield","Juggernaut+1"],"relics":["Burning Blood","NlothsMask","Matryoshka"],"potions_floor_usage":[],"damage_taken":[{"damage":2,"enemies":"Jaw Worm","floor":1,"turns":4},{"damage":5,"enemies":"Cultist","floor":4,"turns":4},{"damage":2,"enemies":"Small Slimes","floor":8,"turns":3},{"damage":0,"enemies":"Looter","floor":10,"turns":4},{"damage":13,"enemies":"3 Louse","floor":11,"turns":2},{"damage":7,"enemies":"Exordium Wildlife","floor":13,"turns":6},{"damage":0,"enemies":"Looter","floor":14,"turns":4},{"damage":70,"enemies":"Slime Boss","floor":16,"turns":11}],"seed_played":"4735017315641575418","potions_obtained":[{"floor":8,"key":"PowerPotion"},{"floor":14,"key":"Weak Potion"}],"is_trial":false,"path_per_floor":["M","?","?","M","?","R","$","M","T","M","M","$","M","M","R"],"character_chosen":"IRONCLAD","items_purchased":[],"campfire_rested":0,"item_purchase_floors":[],"current_hp_per_floor":[80,80,80,80,62,62,62,66,66,72,65,65,64,70,70,0],"gold":86,"neow_bonus":"THREE_CARDS","is_prod":false,"is_daily":false,"chose_seed":false,"campfire_upgraded":2,"win_rate":0,"timestamp":1531400966,"path_taken":["M","?","?","?","?","R","$","M","T","M","M","?","M","M","R","BOSS"],"build_version":"2018-07-05","purchased_purges":1,"victory":false,"max_hp_per_floor":[80,80,80,80,80,80,80,80,80,80,80,80,80,80,80,80],"card_choices":[{"not_picked":["Bloodletting","Sword Boomerang"],"picked":"Armaments","floor":0},{"not_picked":["Anger","Clothesline","True Grit"],"picked":"SKIP","floor":1},{"not_picked":["Sword Boomerang","Clash"],"picked":"Cleave","floor":4},{"not_picked":["Wild Strike","Sword Boomerang","Heavy Blade"],"picked":"SKIP","floor":8},{"not_picked":["Cleave","Perfected Strike","Armaments"],"picked":"SKIP","floor":10},{"not_picked":["Sword Boomerang","Clothesline","Armaments"],"picked":"SKIP","floor":11},{"not_picked":["Twin Strike","Hemokinesis"],"picked":"Dual Wield","floor":13},{"not_picked":["Perfected Strike","Battle Trance"],"picked":"Juggernaut","floor":14}],"player_experience":292545,"relics_obtained":[],"event_choices":[{"event_name":"FaceTrader","player_choice":"Trade","floor":2,"damage_taken":0},{"event_name":"Accursed Blacksmith","player_choice":"Ignore","floor":3,"damage_taken":0},{"event_name":"Scrap Ooze","player_choice":"success","floor":5,"damage_taken":18}],"boss_relics":[],"items_purged_floors":[7],"is_endless":false,"potions_floor_spawned":[8,14],"killed_by":"Slime Boss","ascension_level":0}