{"gold_per_floor":[118,118,133,58,78,112,125,125,150,166,66,66,102,116,116,239,239,255,94,113,79,79,79,99,99,147,147,183,183,183,197,197,197],"floor_reached":33,"playtime":3376,"items_purged":["Strike_R","Strike_R","Defend_R"],"score":265,"play_id":"1efa8077-bd0b-4bca-a501-4adc80d48ea6","local_time":"20190206232929","is_ascension_mode":false,"campfire_choices":[{"floor":8,"key":"REST"},{"data":"Whirlwind","floor":15,"key":"SMITH"},{"data":"Blood for Blood","floor":27,"key":"SMITH"},{"data":"Inflame","floor":30,"key":"SMITH"},{"data":"Rampage","floor":32,"key":"SMITH"}],"neow_cost":"NONE","seed_source_timestamp":505576408923,"circlet_count":0,"master_deck":["Strike_R","Defend_R+1","Defend_R","Bash","Shrug It Off+1","Whirlwind+1","Blood for Blood+1","Shrug It Off","Battle Trance","Inflame+1","Rampage+1"],"relics":["Burning Blood","War Paint","Blood Vial","Bloody Idol","Odd Mushroom","Empty Cage","Regal Pillow","Art of War"],"potions_floor_usage":[7,16,28,28,33],"damage_taken":[{"damage":10,"enemies":"Jaw Worm","floor":1,"turns":4},{"damage":2,"enemies":"Cultist","floor":3,"turns":4},{"damage":0,"enemies":"2 Louse","floor":5,"turns":2},{"damage":77,"enemies":"Lagavulin","floor":6,"turns":12},{"damage":0,"enemies":"2 Fungi Beasts","floor":7,"turns":1},{"damage":0,"enemies":"Exordium Wildlife","floor":10,"turns":3},{"damage":1,"enemies":"The Mushroom Lair","floor":13,"turns":4},{"damage":11,"enemies":"Large Slime","floor":14,"turns":6},{"damage":46,"enemies":"The Guardian","floor":16,"turns":16},{"damage":26,"enemies":"Spheric Guardian","floor":18,"turns":8},{"damage":10,"enemies":"Shell Parasite","floor":20,"turns":8},{"damage":2,"enemies":"3 Cultists","floor":24,"turns":3},{"damage":41,"enemies":"Book of Stabbing","floor":28,"turns":8},{"damage":10,"enemies":"Chosen and Byrds","floor":31,"turns":4},{"damage":68,"enemies":"Automaton","floor":33,"turns":6}],"seed_played":"-1141312837197998270","potions_obtained":[{"floor":1,"key":"Swift Potion"},{"floor":2,"key":"FairyPotion"},{"floor":2,"key":"Energy Potion"},{"floor":2,"key":"Block Potion"},{"floor":7,"key":"Ancient Potion"},{"floor":16,"key":"BloodPotion"},{"floor":18,"key":"Weak Potion"},{"floor":31,"key":"Poison Potion"}],"is_trial":false,"path_per_floor":["M","?","M","$","M","E","M","R","T","M","$","?","?","M","R","B",null,"M","$","M","$","?","$","M","?","T","R","E","?","R","M","R","B"],"character_chosen":"IRONCLAD","items_purchased":["Battle Trance","Inflame"],"campfire_rested":1,"item_purchase_floors":[19,21],"current_hp_per_floor":[76,76,80,80,80,9,15,39,39,47,47,47,54,51,51,13,74,54,54,52,52,52,52,58,58,58,58,32,32,32,35,35,0],"gold":197,"neow_bonus":"REMOVE_CARD","is_prod":false,"is_daily":false,"chose_seed":false,"campfire_upgraded":4,"win_rate":0.0,"timestamp":1549524569,"path_taken":["M","?","M","$","M","E","?","R","T","M","$","?","?","M","R","BOSS","M","$","M","$","?","$","M","?","T","R","E","?","R","M","R","BOSS"],"build_version":"2019-01-23","purchased_purges":3,"victory":false,"max_hp_per_floor":[80,80,80,80,80,80,80,80,80,80,80,74,74,74,74,74,74,74,74,74,74,74,74,74,74,74,74,74,74,74,74,74,74],"card_choices":[{"not_picked":["Sever Soul","Thunderclap"],"picked":"Shrug It Off","floor":1},{"not_picked":["Headbutt","Flex"],"picked":"Whirlwind","floor":3},{"not_picked":["Wild Strike","Perfected Strike","Reckless Charge"],"picked":"SKIP","floor":5},{"not_picked":["Clothesline","Havoc"],"picked":"Blood for Blood","floor":6},{"not_picked":["Searing Blow","Spot Weakness","Anger"],"picked":"SKIP","floor":7},{"not_picked":["Iron Wave","Thunderclap","Flame Barrier"],"picked":"SKIP","floor":10},{"not_picked":["Feed","Clothesline","Twin Strike"],"picked":"SKIP","floor":14},{"not_picked":["Thunderclap","Iron Wave"],"picked":"Shrug It Off","floor":18},{"not_picked":["Searing Blow+1","Pommel Strike","Iron Wave"],"picked":"SKIP","floor":20},{"not_picked":["Intimidate","Body Slam","Fiend Fire"],"picked":"SKIP","floor":24},{"not_picked":["Headbutt+1","Heavy Blade","Burning Pact"],"picked":"SKIP","floor":28},{"not_picked":["Shrug It Off","Body Slam","Heavy Blade"],"picked":"SKIP","floor":31}],"player_experience":55569,"relics_obtained":[{"floor":6,"key":"War Paint"},{"floor":9,"key":"Blood Vial"},{"floor":13,"key":"Odd Mushroom"},{"floor":26,"key":"Regal Pillow"},{"floor":28,"key":"Art of War"}],"event_choices":[{"damage_healed":0,"gold_gain":0,"player_choice":"Got Potions","damage_taken":0,"max_hp_gain":0,"max_hp_loss":0,"event_name":"Lab","floor":2,"gold_loss":0},{"damage_healed":0,"gold_gain":0,"player_choice":"Lose Max HP","damage_taken":0,"relics_obtained":["Golden Idol"],"max_hp_gain":0,"max_hp_loss":6,"event_name":"Golden Idol","floor":12,"gold_loss":0},{"damage_healed":0,"gold_gain":0,"player_choice":"Fought Mushrooms","damage_taken":0,"max_hp_gain":0,"max_hp_loss":0,"event_name":"Mushrooms","floor":13,"gold_loss":0},{"damage_healed":0,"gold_gain":0,"player_choice":"Read","damage_taken":0,"max_hp_gain":0,"max_hp_loss":0,"event_name":"The Library","floor":22,"gold_loss":0,"cards_obtained":["Rampage"]},{"damage_healed":0,"gold_gain":0,"player_choice":"Ignored","damage_taken":0,"max_hp_gain":0,"max_hp_loss":0,"event_name":"Ghosts","floor":25,"gold_loss":0},{"damage_healed":0,"gold_gain":0,"player_choice":"Gave Idol","damage_taken":0,"relics_obtained":["Bloody Idol"],"max_hp_gain":0,"max_hp_loss":0,"event_name":"Forgotten Altar","floor":29,"relics_lost":["Golden Idol"],"gold_loss":0}],"is_beta":false,"boss_relics":[{"not_picked":["Pandora\u0027s Box","Fusion Hammer"],"picked":"Empty Cage"}],"items_purged_floors":[4,11,19],"is_endless":false,"potions_floor_spawned":[1,5,7,14,16,18,31],"killed_by":"Automaton","ascension_level":0}