{"gold_per_floor":[113,129,26,26,44,44,44,44],"floor_reached":8,"playtime":3220,"items_purged":[],"score":46,"play_id":"20cec925-457c-4ffc-b9d8-0efaa47c2bc3","local_time":"20190722041903","is_ascension_mode":false,"campfire_choices":[{"data":"Blur","floor":6,"key":"SMITH"}],"neow_cost":"NONE","seed_source_timestamp":46784291569190,"circlet_count":0,"master_deck":["Strike_G","Strike_G","Strike_G","Strike_G","Strike_G","Defend_G","Defend_G","Defend_G","Defend_G","Survivor","Neutralize","Dagger Spray","Dodge and Roll","Catalyst","Blur+1","Footwork","Backflip","Iron Wave"],"relics":["Ring of the Snake"],"potions_floor_usage":[4,8],"damage_taken":[{"damage":7,"enemies":"Jaw Worm","floor":1,"turns":5},{"damage":0,"enemies":"Cultist","floor":2,"turns":5},{"damage":0,"enemies":"2 Louse","floor":5,"turns":6},{"damage":65,"enemies":"Gremlin Nob","floor":8,"turns":9}],"seed_played":"-4560355782827304494","potions_obtained":[{"floor":1,"key":"Fruit Juice"},{"floor":4,"key":"SmokeBomb"},{"floor":4,"key":"EssenceOfSteel"},{"floor":4,"key":"PowerPotion"},{"floor":5,"key":"SteroidPotion"}],"is_trial":false,"path_per_floor":["M","M","$","?","M","R","?","E"],"character_chosen":"THE_SILENT","items_purchased":["Blur","Footwork"],"campfire_rested":0,"item_purchase_floors":[3,3],"current_hp_per_floor":[63,63,63,68,68,68,68,3],"gold":44,"neow_bonus":"THREE_CARDS","is_prod":false,"is_daily":false,"chose_seed":false,"campfire_upgraded":1,"win_rate":0,"timestamp":1563783543,"path_taken":["M","M","$","?","?","R","?","E"],"build_version":"2019-07-17","purchased_purges":0,"victory":false,"max_hp_per_floor":[70,70,70,75,75,75,75,75],"card_choices":[{"not_picked":["Blade Dance","Sucker Punch"],"picked":"Dagger Spray","floor":0},{"not_picked":["Dagger Spray","Slice"],"picked":"Dodge and Roll","floor":1},{"not_picked":["Acrobatics","Slice"],"picked":"Catalyst","floor":2},{"not_picked":["Bane","Cloak And Dagger"],"picked":"Backflip","floor":5}],"player_experience":125101,"relics_obtained":[],"event_choices":[{"damage_healed":0,"gold_gain":0,"player_choice":"Got Potions","damage_taken":0,"max_hp_gain":0,"max_hp_loss":0,"event_name":"Lab","floor":4,"gold_loss":0},{"cards_removed":["Defend_G"],"damage_healed":0,"gold_gain":0,"player_choice":"Took Card","damage_taken":0,"max_hp_gain":0,"max_hp_loss":0,"event_name":"NoteForYourself","floor":7,"gold_loss":0,"cards_obtained":["Iron Wave"]}],"is_beta":false,"boss_relics":[],"items_purged_floors":[],"is_endless":false,"potions_floor_spawned":[1,5],"killed_by":"Gremlin Nob","ascension_level":0}