{"gold_per_floor":[113,113,128,128,6,6,35,35,61,92,4,17,17,36,36,140,140,153,169,169],"floor_reached":20,"playtime":568,"items_purged":[],"score":262,"play_id":"a54f1a55-e96a-4dab-9113-d7bc1df4abaf","local_time":"20190605075119","is_ascension_mode":true,"campfire_choices":[{"floor":6,"key":"REST"},{"floor":8,"key":"REST"},{"floor":13,"key":"REST"},{"floor":15,"key":"REST"}],"neow_cost":"PERCENT_DAMAGE","seed_source_timestamp":29216187980272,"circlet_count":0,"master_deck":["Defend_G","Defend_G","Defend_G","Defend_G","Defend_G","Strike_G","Strike_G","Strike_G","Strike_G","Strike_G","Survivor","Neutralize","Caltrops","Poisoned Stab","Caltrops","Catalyst","Poisoned Stab","Bane","Noxious Fumes","Dagger Spray","Sucker Punch","Backflip","Poisoned Stab","Bullet Time","Poisoned Stab"],"relics":["Ring of the Snake","Dream Catcher","Boot","Dodecahedron","Busted Crown"],"potions_floor_usage":[16,19],"damage_taken":[{"damage":0,"enemies":"Small Slimes","floor":1,"turns":3},{"damage":0,"enemies":"2 Louse","floor":3,"turns":3},{"damage":29,"enemies":"3 Sentries","floor":7,"turns":8},{"damage":30,"enemies":"Gremlin Nob","floor":10,"turns":4},{"damage":11,"enemies":"Jaw Worm","floor":12,"turns":4},{"damage":7,"enemies":"Exordium Wildlife","floor":14,"turns":3},{"damage":56,"enemies":"The Guardian","floor":16,"turns":10},{"damage":16,"enemies":"Spheric Guardian","floor":18,"turns":4},{"damage":30,"enemies":"2 Thieves","floor":19,"turns":3},{"damage":33,"enemies":"Masked Bandits","floor":20,"turns":3}],"seed_played":"-2781238996780570652","potions_obtained":[{"floor":1,"key":"Regen Potion"},{"floor":3,"key":"Ancient Potion"},{"floor":10,"key":"SpeedPotion"},{"floor":16,"key":"AttackPotion"},{"floor":18,"key":"SmokeBomb"},{"floor":19,"key":"Ancient Potion"}],"is_trial":false,"path_per_floor":["M","?","M","?","$","R","E","R","T","E","$","M","R","M","R","B",null,"M","M","?"],"character_chosen":"THE_SILENT","items_purchased":["Poisoned Stab","Caltrops","Noxious Fumes","Dagger Spray"],"campfire_rested":4,"item_purchase_floors":[5,5,11,11],"current_hp_per_floor":[59,59,59,59,59,84,55,80,80,50,50,39,64,57,82,35,72,56,26,0],"gold":169,"neow_bonus":"TWENTY_PERCENT_HP_BONUS","is_prod":false,"is_daily":false,"chose_seed":false,"campfire_upgraded":0,"win_rate":0,"timestamp":1559735479,"path_taken":["M","?","M","?","?","R","E","R","T","E","$","M","R","M","R","BOSS","M","M","?"],"build_version":"2019-01-23","purchased_purges":0,"victory":false,"max_hp_per_floor":[84,84,84,84,84,84,84,84,84,84,84,84,84,84,84,84,84,84,84,84],"card_choices":[{"not_picked":["Choke","PiercingWail","Setup"],"picked":"SKIP","floor":1},{"not_picked":["Slice","Well Laid Plans"],"picked":"Caltrops","floor":3},{"not_picked":["Flying Knee","Accuracy"],"picked":"Catalyst","floor":7},{"not_picked":["PiercingWail","Sucker Punch"],"picked":"Poisoned Stab","floor":8},{"not_picked":["Dagger Throw","Eviscerate"],"picked":"Bane","floor":10},{"not_picked":["Backstab","Dodge and Roll"],"picked":"Sucker Punch","floor":12},{"not_picked":["Blade Dance","Bane"],"picked":"Backflip","floor":14},{"not_picked":["Storm of Steel","Masterful Stab"],"picked":"Poisoned Stab","floor":15},{"not_picked":["Storm of Steel","Wraith Form v2"],"picked":"Bullet Time","floor":16},{"not_picked":["Bane"],"picked":"SKIP","floor":18},{"not_picked":[],"picked":"Poisoned Stab","floor":19}],"player_experience":381180,"relics_obtained":[{"floor":7,"key":"Dream Catcher"},{"floor":9,"key":"Boot"},{"floor":10,"key":"Dodecahedron"}],"event_choices":[{"damage_healed":0,"gold_gain":0,"player_choice":"Ignored","damage_taken":0,"max_hp_gain":0,"max_hp_loss":0,"event_name":"Liars Game","floor":2,"gold_loss":0},{"damage_healed":0,"gold_gain":0,"player_choice":"Ignored","damage_taken":0,"max_hp_gain":0,"max_hp_loss":0,"event_name":"Golden Wing","floor":4,"gold_loss":0},{"damage_healed":0,"gold_gain":0,"player_choice":"Fought Bandits","damage_taken":0,"max_hp_gain":0,"max_hp_loss":0,"event_name":"Masked Bandits","floor":20,"gold_loss":0}],"is_beta":false,"boss_relics":[{"not_picked":["Black Star","Lizard Tail"],"picked":"Busted Crown"}],"items_purged_floors":[],"is_endless":false,"potions_floor_spawned":[1,3,10,16,18,19],"killed_by":"Masked Bandits","ascension_level":6}