{"gold_per_floor":[118,118,136,136,136,136,164,139,139,150,184,198,233,40,40,137,137,147,147,157,171,171,171,198,26,26,36,55,55,55,69,69,69],"floor_reached":33,"playtime":2066,"items_purged":["Body Slam"],"score":372,"play_id":"043f3d4b-0fbb-4320-b492-2031dddcf2de","local_time":"20181019184405","is_ascension_mode":true,"campfire_choices":[{"data":"Pommel Strike","floor":6.0,"key":"SMITH"},{"floor":15.0,"key":"REST"},{"floor":23.0,"key":"REST"},{"floor":29.0,"key":"REST"},{"floor":32,"key":"REST"}],"neow_cost":"NONE","seed_source_timestamp":0,"circlet_count":0,"master_deck":["Strike_R+1","Strike_R+1","Strike_R+1","Strike_R+1","Strike_R+1","Defend_R+1","Defend_R+1","Defend_R+1","Defend_R+1","Bash+1","Thunderclap","Pommel Strike+1","Juggernaut","Whirlwind+1","Combust","Fire Breathing","Impervious","Iron Wave","Rampage","Cleave","Body Slam+1","Rampage","Enlightenment","Juggernaut","Intimidate"],"special_seed":0,"relics":["Burning Blood","NeowsBlessing","Anchor","Red Skull","Bottled Lightning","Bird Faced Urn","Whetstone","Bag of Preparation","Mark of Pain","Letter Opener","Pen Nib"],"potions_floor_usage":[33,33],"damage_taken":[{"damage":0.0,"enemies":"2 Louse","floor":1.0,"turns":1.0},{"damage":0.0,"enemies":"Jaw Worm","floor":3.0,"turns":1.0},{"damage":0.0,"enemies":"Gremlin Nob","floor":7.0,"turns":1.0},{"damage":1.0,"enemies":"Cultist","floor":10.0,"turns":3.0},{"damage":30.0,"enemies":"3 Sentries","floor":11.0,"turns":6.0},{"damage":4.0,"enemies":"2 Fungi Beasts","floor":12.0,"turns":3.0},{"damage":32.0,"enemies":"Gremlin Nob","floor":13.0,"turns":4.0},{"damage":54.0,"enemies":"Slime Boss","floor":16.0,"turns":8.0},{"damage":19.0,"enemies":"2 Thieves","floor":18.0,"turns":5.0},{"damage":1.0,"enemies":"3 Byrds","floor":20.0,"turns":4.0},{"damage":43.0,"enemies":"Sentry and Sphere","floor":21.0,"turns":6.0},{"damage":56.0,"enemies":"Gremlin Leader","floor":24.0,"turns":6.0},{"damage":14.0,"enemies":"Shelled Parasite and Fungi","floor":27.0,"turns":4.0},{"damage":0.0,"enemies":"Centurion and Healer","floor":28.0,"turns":3.0},{"damage":10,"enemies":"Snecko","floor":31,"turns":3},{"damage":81,"enemies":"Champ","floor":33,"turns":9}],"seed_played":"7054662994580275205","potions_obtained":[{"floor":1.0,"key":"Swift Potion"},{"floor":7.0,"key":"Regen Potion"},{"floor":11.0,"key":"Regen Potion"},{"floor":24.0,"key":"SpeedPotion"},{"floor":27.0,"key":"LiquidBronze"},{"floor":31,"key":"Fruit Juice"}],"is_trial":false,"path_per_floor":["M","?","M","?","?","R","E","?","T","M","E","M","E","$","R","B",null,"M","?","M","M","?","R","E","$","T","M","M","R","$","M","R"],"character_chosen":"IRONCLAD","items_purchased":["Fire Breathing","Bag of Preparation","Enlightenment"],"campfire_rested":4,"item_purchase_floors":[14,14,25],"current_hp_per_floor":[80,62,68,68,68,68,74,74,74,79,55,57,48,48,72,26,80,71,71,80,45,45,69,23,23,23,17,23,47,47,45,69,0],"gold":69,"neow_bonus":"THREE_ENEMY_KILL","is_prod":false,"is_daily":false,"chose_seed":false,"campfire_upgraded":1,"win_rate":0,"timestamp":1539971045,"path_taken":["M","?","M","?","?","R","E","?","T","?","E","M","E","?","R","BOSS","M","?","?","M","?","R","E","$","T","M","M","R","$","M","R","BOSS"],"build_version":"2018-10-18","purchased_purges":1,"victory":false,"max_hp_per_floor":[80,80,80,80,80,80,80,80,80,80,80,80,80,80,80,80,80,80,80,80,80,80,80,80,80,80,80,80,80,80,80,80,85],"card_choices":[{"not_picked":["Pummel","Rupture"],"picked":"Thunderclap","floor":1.0},{"not_picked":["Warcry","Carnage"],"picked":"Pommel Strike","floor":3.0},{"not_picked":["Perfected Strike","Thunderclap"],"picked":"Juggernaut","floor":7.0},{"not_picked":["Havoc","Infernal Blade"],"picked":"Whirlwind","floor":10.0},{"not_picked":["Bludgeon","Combust"],"picked":"Body Slam","floor":11.0},{"not_picked":["Bloodletting","Intimidate"],"picked":"Combust","floor":12.0},{"not_picked":["Twin Strike","Sword Boomerang","Pommel Strike"],"picked":"SKIP","floor":13.0},{"not_picked":["Dark Embrace","Exhume"],"picked":"Impervious","floor":16.0},{"not_picked":["Pummel","Evolve"],"picked":"Iron Wave","floor":18.0},{"not_picked":["Body Slam","Thunderclap"],"picked":"Cleave","floor":20.0},{"not_picked":["Feel No Pain","Perfected Strike+1"],"picked":"Body Slam+1","floor":21.0},{"not_picked":["Body Slam","Shrug It Off"],"picked":"Rampage","floor":24.0},{"not_picked":["Shockwave","Pommel Strike"],"picked":"Juggernaut","floor":27.0},{"not_picked":["Perfected Strike","Heavy Blade","Pommel Strike"],"picked":"SKIP","floor":28.0},{"not_picked":["Evolve","Perfected Strike+1"],"picked":"Intimidate","floor":31}],"player_experience":710910,"relics_obtained":[{"floor":7.0,"key":"Red Skull"},{"floor":9.0,"key":"Bottled Lightning"},{"floor":11.0,"key":"Bird Faced Urn"},{"floor":13.0,"key":"Whetstone"},{"floor":24.0,"key":"Letter Opener"},{"floor":26.0,"key":"Pen Nib"}],"event_choices":[{"damage_healed":0.0,"max_hp_gain":0.0,"max_hp_loss":0.0,"gold_gain":0.0,"event_name":"Scrap Ooze","player_choice":"Success","floor":2.0,"gold_loss":0.0,"damage_taken":18.0,"relics_obtained":["Anchor"]},{"damage_healed":0.0,"max_hp_gain":0.0,"max_hp_loss":0.0,"gold_gain":0.0,"event_name":"Liars Game","player_choice":"Ignored","floor":4.0,"gold_loss":0.0,"damage_taken":0.0},{"damage_healed":0.0,"max_hp_gain":0.0,"max_hp_loss":0.0,"gold_gain":0.0,"event_name":"Living Wall","player_choice":"Grow","floor":5.0,"gold_loss":0.0,"damage_taken":0.0,"cards_upgraded":["Bash"]},{"damage_healed":0.0,"max_hp_gain":0.0,"max_hp_loss":0.0,"gold_gain":0.0,"event_name":"World of Goop","player_choice":"Left Gold","floor":8.0,"gold_loss":25.0,"damage_taken":0.0},{"damage_healed":0.0,"max_hp_gain":0.0,"max_hp_loss":0.0,"gold_gain":0.0,"event_name":"Match and Keep!","player_choice":"1 cards matched","floor":19.0,"gold_loss":0.0,"damage_taken":0.0,"cards_obtained":["Rampage"]},{"damage_healed":0.0,"max_hp_gain":0.0,"max_hp_loss":0.0,"gold_gain":0.0,"event_name":"Back to Basics","player_choice":"Simplicity","floor":22.0,"gold_loss":0.0,"damage_taken":0.0,"cards_upgraded":["Strike_R","Strike_R","Strike_R","Strike_R","Defend_R","Defend_R","Defend_R","Defend_R"]}],"is_beta":false,"boss_relics":[{"not_picked":["Empty Cage","Black Blood"],"picked":"Mark of Pain"}],"items_purged_floors":[25],"is_endless":false,"potions_floor_spawned":[1,7,11,24,27,31],"killed_by":"Champ","ascension_level":4}