{"gold_per_floor":[109,129,145,32,32,32,66,66,89,89,89,123,123,135,135,230,230,245,264,274,274,118,118,78,104,127,49,59,85,85,97,97,192,192,209,221,56,74,86,115,115,148,194,294,311,311,311,175,175,175],"floor_reached":50,"playtime":3741,"items_purged":["Strike_G","Decay"],"score":852,"play_id":"142ed7f3-226e-495a-ae73-7b2e587097eb","local_time":"20181023230835","is_ascension_mode":true,"campfire_choices":[{"data":"Neutralize","floor":6.0,"key":"SMITH"},{"floor":8.0,"key":"REST"},{"data":"Noxious Fumes","floor":10.0,"key":"SMITH"},{"data":"Dagger Spray","floor":13.0,"key":"SMITH"},{"data":"Survivor","floor":15.0,"key":"SMITH"},{"floor":23.0,"key":"REST"},{"floor":32.0,"key":"REST"},{"data":"Leg Sweep","floor":41,"key":"SMITH"},{"floor":47,"key":"REST"},{"floor":49,"key":"REST"}],"neow_cost":"NONE","seed_source_timestamp":0,"circlet_count":0,"master_deck":["Defend_G","Defend_G","Defend_G","Defend_G","Defend_G","Strike_G","Strike_G","Strike_G","Survivor+1","Neutralize+1","Skewer+1","Dagger Spray+1","Noxious Fumes+1","Footwork+1","Leg Sweep+1","Corpse Explosion","Dash","Malaise","Well Laid Plans","Poisoned Stab","Prepared","Necronomicurse","Poisoned Stab","Backflip+1","Heel Hook","Terror+1","Adrenaline","Masterful Stab","Die Die Die","Caltrops+1","Blur+1","Panache","Deflect+1","Infinite Blades+1","Unload","Blur","Skewer"],"special_seed":0,"relics":["Ring of the Snake","Bronze Scales","Snake Skull","Dream Catcher","Sozu","Necronomicon","Regal Pillow","Mercury Hourglass","Strawberry","Lantern","Cursed Key","Singing Bowl","FossilizedHelix","Oddly Smooth Stone"],"potions_floor_usage":[50,50],"damage_taken":[{"damage":0.0,"enemies":"Jaw Worm","floor":1.0,"turns":5.0},{"damage":0.0,"enemies":"Cultist","floor":2.0,"turns":3.0},{"damage":0.0,"enemies":"2 Louse","floor":3.0,"turns":2.0},{"damage":27.0,"enemies":"3 Sentries","floor":7.0,"turns":7.0},{"damage":1.0,"enemies":"Lagavulin","floor":12.0,"turns":7.0},{"damage":0.0,"enemies":"Large Slime","floor":14.0,"turns":5.0},{"damage":13.0,"enemies":"The Guardian","floor":16.0,"turns":10.0},{"damage":8.0,"enemies":"Chosen","floor":18.0,"turns":5.0},{"damage":6.0,"enemies":"2 Thieves","floor":19.0,"turns":3.0},{"damage":12.0,"enemies":"Snake Plant","floor":20.0,"turns":4.0},{"damage":20.0,"enemies":"Slavers","floor":25.0,"turns":3.0},{"damage":9.0,"enemies":"Centurion and Healer","floor":28.0,"turns":4.0},{"damage":1.0,"enemies":"Gremlin Leader","floor":29.0,"turns":6.0},{"damage":0.0,"enemies":"3 Cultists","floor":31.0,"turns":4.0},{"damage":3.0,"enemies":"Automaton","floor":33.0,"turns":8.0},{"damage":0.0,"enemies":"Orb Walker","floor":35.0,"turns":2.0},{"damage":0.0,"enemies":"3 Darklings","floor":36.0,"turns":4.0},{"damage":0,"enemies":"4 Shapes","floor":38,"turns":4},{"damage":0,"enemies":"Maw","floor":39,"turns":6},{"damage":0,"enemies":"Nemesis","floor":40,"turns":7},{"damage":36,"enemies":"Giant Head","floor":42,"turns":8},{"damage":20,"enemies":"Writhing Mass","floor":45,"turns":6},{"damage":95,"enemies":"Awakened One","floor":50,"turns":7}],"seed_played":"863124185295281283","potions_obtained":[{"floor":1.0,"key":"Swift Potion"},{"floor":3.0,"key":"FearPotion"},{"floor":7.0,"key":"Fire Potion"},{"floor":12.0,"key":"LiquidBronze"}],"is_trial":false,"path_per_floor":["M","M","M","$","?","R","E","R","T","R","?","E","R","M","R","B",null,"M","M","M","?","$","R","?","E","T","$","M","E","?","M","R","B",null,"M","M","$","M","M","E","R","E","T","?","M","?","R","$","R"],"character_chosen":"THE_SILENT","items_purchased":["Footwork","Regal Pillow","Heel Hook","Panache","Skewer"],"campfire_rested":5,"item_purchase_floors":[4,22,27,37,48],"current_hp_per_floor":[70,70,70,70,70,70,43,66,66,66,71,70,70,70,70,57,76,68,62,50,34,34,73,73,53,60,60,51,50,50,50,89,86,88,88,88,88,88,88,88,88,52,52,52,32,32,73,73,91,0],"gold":175,"neow_bonus":"TEN_PERCENT_HP_BONUS","is_prod":false,"is_daily":false,"chose_seed":false,"campfire_upgraded":5,"win_rate":0,"timestamp":1540332515,"path_taken":["M","M","M","$","?","R","E","R","T","R","?","E","R","M","R","BOSS","M","?","M","?","$","R","?","E","T","$","M","E","?","M","R","BOSS","M","?","$","M","M","E","R","E","T","?","M","?","R","?","R","BOSS"],"build_version":"2018-10-18","purchased_purges":2,"victory":false,"max_hp_per_floor":[77,77,77,77,77,77,77,77,77,77,82,82,82,82,82,82,82,82,82,82,82,82,82,82,82,89,89,89,89,89,89,89,89,89,89,89,89,89,89,89,89,89,89,89,89,89,89,89,91,91],"card_choices":[{"not_picked":["Riddle With Holes","Sucker Punch"],"picked":"Skewer","floor":1.0},{"not_picked":["Cloak And Dagger","Bane"],"picked":"Dagger Spray","floor":2.0},{"not_picked":["Backflip","Expertise"],"picked":"Noxious Fumes","floor":3.0},{"not_picked":["Expertise","Dagger Throw"],"picked":"Leg Sweep","floor":7.0},{"not_picked":["Dagger Throw","Terror"],"picked":"Corpse Explosion","floor":12.0},{"not_picked":["Cloak And Dagger","Deflect"],"picked":"Dash","floor":14.0},{"not_picked":["Tools of the Trade","Adrenaline"],"picked":"Malaise","floor":16.0},{"not_picked":["Bane","Prepared"],"picked":"Well Laid Plans","floor":18.0},{"not_picked":["Backflip","Dodge and Roll"],"picked":"Poisoned Stab","floor":19.0},{"not_picked":["Skewer+1","Cloak And Dagger"],"picked":"Prepared","floor":20.0},{"not_picked":["Doppelganger","Prepared+1"],"picked":"Poisoned Stab","floor":23.0},{"not_picked":["Outmaneuver+1","Accuracy+1"],"picked":"Backflip+1","floor":25.0},{"not_picked":["Eviscerate","Acrobatics"],"picked":"Terror+1","floor":28.0},{"not_picked":["Doppelganger","Sucker Punch+1"],"picked":"Adrenaline","floor":29.0},{"not_picked":["Dagger Spray","Underhanded Strike","Backflip+1"],"picked":"SKIP","floor":31.0},{"not_picked":["Underhanded Strike+1","Poisoned Stab"],"picked":"Masterful Stab","floor":32.0},{"not_picked":["Doppelganger","Glass Knife"],"picked":"Die Die Die","floor":33.0},{"not_picked":["Masterful Stab","Concentrate+1"],"picked":"Caltrops+1","floor":35.0},{"not_picked":["Bouncing Flask","Dagger Spray"],"picked":"Blur+1","floor":36.0},{"not_picked":["Flying Knee+1","Cloak And Dagger+1"],"picked":"Deflect+1","floor":38},{"not_picked":["Deadly Poison","Caltrops+1"],"picked":"Infinite Blades+1","floor":39},{"not_picked":["Crippling Poison","Well Laid Plans+1"],"picked":"Unload","floor":40},{"not_picked":["Poisoned Stab","Dagger Throw+1","Backflip"],"picked":"SKIP","floor":42},{"not_picked":["Riddle With Holes","Well Laid Plans+1"],"picked":"Blur","floor":45},{"not_picked":["Dagger Throw+1","Backflip+1","Slice"],"picked":"Singing Bowl","floor":49}],"player_experience":742244,"relics_obtained":[{"floor":7.0,"key":"Bronze Scales"},{"floor":9.0,"key":"Snake Skull"},{"floor":12.0,"key":"Dream Catcher"},{"floor":21.0,"key":"Necronomicon"},{"floor":25.0,"key":"Mercury Hourglass"},{"floor":26.0,"key":"Strawberry"},{"floor":29.0,"key":"Lantern"},{"floor":40,"key":"Singing Bowl"},{"floor":42,"key":"FossilizedHelix"},{"floor":43,"key":"Oddly Smooth Stone"}],"event_choices":[{"damage_healed":0.0,"max_hp_gain":0.0,"max_hp_loss":0.0,"gold_gain":0.0,"event_name":"Accursed Blacksmith","player_choice":"Forge","floor":5.0,"gold_loss":0.0,"damage_taken":0.0,"cards_upgraded":["Skewer"]},{"damage_healed":0.0,"max_hp_gain":5.0,"max_hp_loss":0.0,"gold_gain":0.0,"event_name":"Big Fish","player_choice":"Donut","floor":11.0,"gold_loss":0.0,"damage_taken":0.0},{"damage_healed":0.0,"max_hp_gain":0.0,"max_hp_loss":0.0,"gold_gain":0.0,"event_name":"Cursed Tome","player_choice":"Obtained Book","floor":21.0,"gold_loss":0.0,"damage_taken":16.0},{"damage_healed":0.0,"max_hp_gain":0.0,"max_hp_loss":0.0,"gold_gain":0.0,"event_name":"Designer","player_choice":"Upgrade","floor":24.0,"gold_loss":40.0,"damage_taken":0.0,"cards_upgraded":["Footwork"]},{"damage_healed":0.0,"max_hp_gain":0.0,"max_hp_loss":0.0,"gold_gain":0.0,"event_name":"The Woman in Blue","player_choice":"Bought 0 Potions","floor":30.0,"gold_loss":0.0,"damage_taken":0.0},{"damage_healed":0,"gold_gain":100,"player_choice":"Pray","damage_taken":0,"max_hp_gain":0,"max_hp_loss":0,"event_name":"Golden Shrine","floor":44,"gold_loss":0},{"cards_removed":["Strike_G"],"damage_healed":0,"gold_gain":0,"player_choice":"Removed Attack","damage_taken":0,"max_hp_gain":0,"max_hp_loss":0,"event_name":"Falling","floor":46,"gold_loss":0}],"is_beta":false,"boss_relics":[{"not_picked":["Eternal Feather","Lizard Tail"],"picked":"Sozu"},{"not_picked":["Orrery","HoveringKite"],"picked":"Cursed Key"}],"items_purged_floors":[4,48],"is_endless":false,"potions_floor_spawned":[1,3,7,12,19,20,25,29,35,40,45],"killed_by":"Awakened One","ascension_level":8}