{"gold_per_floor":[118,129,129,143,68,68,82,96,96,106,121,121,121,21,21,21],"floor_reached":16,"playtime":685,"items_purged":["Strike_G","Strike_G"],"score":113,"play_id":"f3c6080d-a503-4701-8fef-a96c4e49de2d","local_time":"20190404143812","is_ascension_mode":true,"campfire_choices":[{"data":"Dagger Spray","floor":6.0,"key":"SMITH"},{"data":"Well Laid Plans","floor":12,"key":"SMITH"},{"floor":15,"key":"REST"}],"neow_cost":"NONE","seed_source_timestamp":0,"circlet_count":0,"master_deck":["Defend_G+1","Defend_G","Defend_G","Defend_G","Defend_G","Strike_G","Survivor","Neutralize+1","Flechettes+1","Dagger Spray+1","Deflect","Grand Finale","Well Laid Plans+1"],"special_seed":0,"relics":["Empty Cage","Sundial"],"potions_floor_usage":[8,16,16],"damage_taken":[{"damage":0.0,"enemies":"2 Louse","floor":1.0,"turns":4.0},{"damage":0.0,"enemies":"Cultist","floor":2.0,"turns":5.0},{"damage":0.0,"enemies":"Small Slimes","floor":4.0,"turns":4.0},{"damage":0.0,"enemies":"3 Louse","floor":7.0,"turns":3.0},{"damage":2,"enemies":"Large Slime","floor":8,"turns":6},{"damage":3,"enemies":"Looter","floor":10,"turns":4},{"damage":3,"enemies":"2 Fungi Beasts","floor":11,"turns":2},{"damage":70,"enemies":"Hexaghost","floor":16,"turns":16}],"seed_played":"2938023097124288560","potions_obtained":[{"floor":1.0,"key":"PowerPotion"},{"floor":2.0,"key":"Weak Potion"},{"floor":10,"key":"SkillPotion"},{"floor":11,"key":"GamblersBrew"}],"is_trial":false,"path_per_floor":["M","M","?","M","$","R","M","M","T","M","M","R","?","$","R","B"],"character_chosen":"THE_SILENT","items_purchased":[],"campfire_rested":1,"item_purchase_floors":[],"current_hp_per_floor":[70,70,70,70,70,70,70,68,68,65,62,62,48,48,69,0],"gold":21,"neow_bonus":"BOSS_RELIC","is_prod":false,"is_daily":false,"chose_seed":false,"campfire_upgraded":2,"win_rate":0,"timestamp":1554413892,"path_taken":["M","M","?","?","$","R","M","?","T","M","M","R","?","$","R","BOSS"],"build_version":"2019-01-23","purchased_purges":2,"victory":false,"max_hp_per_floor":[70,70,70,70,70,70,70,70,70,70,70,70,70,70,70,70],"card_choices":[{"not_picked":["Leg Sweep","Eviscerate"],"picked":"Flechettes","floor":1.0},{"not_picked":["Catalyst","Bane","Underhanded Strike"],"picked":"SKIP","floor":2.0},{"not_picked":["Predator","Dodge and Roll"],"picked":"Dagger Spray","floor":4.0},{"not_picked":["Riddle With Holes","Poisoned Stab"],"picked":"Deflect","floor":7.0},{"not_picked":["Calculated Gamble","Deadly Poison","Prepared"],"picked":"SKIP","floor":8},{"not_picked":["Flying Knee","Infinite Blades"],"picked":"Grand Finale","floor":10},{"not_picked":["Outmaneuver","Deadly Poison"],"picked":"Well Laid Plans","floor":11}],"player_experience":306880,"relics_obtained":[{"floor":9,"key":"Sundial"}],"event_choices":[{"damage_healed":0.0,"max_hp_gain":0.0,"max_hp_loss":0.0,"gold_gain":0.0,"event_name":"Upgrade Shrine","player_choice":"Upgraded","floor":3.0,"gold_loss":0.0,"damage_taken":0.0,"cards_upgraded":["Flechettes"]},{"damage_healed":0,"gold_gain":0,"player_choice":"Entered Light","damage_taken":14,"max_hp_gain":0,"max_hp_loss":0,"event_name":"Shining Light","floor":13,"gold_loss":0,"cards_upgraded":["Neutralize","Defend_G"]}],"is_beta":false,"boss_relics":[],"items_purged_floors":[5,14],"is_endless":false,"potions_floor_spawned":[1,2,10,11],"killed_by":"Hexaghost","ascension_level":4}