{"gold_per_floor":[117,134,134,151,1,1,32,32,87,87,87,118,118,135,135,232,232,246,258,271,285,301,301,331,341,364,364,374,160,177,189,189,189],"floor_reached":33,"playtime":2274,"items_purged":["Catalyst"],"score":413,"play_id":"60c2515a-aacb-40e4-b1c7-518583dc6efb","local_time":"20190621141350","is_ascension_mode":true,"campfire_choices":[{"floor":6,"key":"REST"},{"floor":11,"key":"REST"},{"floor":13,"key":"REST"},{"floor":15,"key":"REST"},{"floor":23,"key":"REST"},{"floor":32,"key":"REST"}],"neow_cost":"NONE","seed_source_timestamp":649298350844308,"circlet_count":0,"master_deck":["Defend_G","Defend_G","Defend_G","Defend_G","Defend_G","Strike_G","Strike_G","Strike_G","Strike_G","Survivor","Neutralize","Underhanded Strike","Dash","Predator","Night Terror","Bullet Time","Outmaneuver+1","Footwork","Riddle With Holes","Night Terror","A Thousand Cuts","Wraith Form v2"],"relics":["Snecko Eye","Happy Flower","Vajra","Shuriken","Bag of Preparation","Blue Candle","Runic Pyramid","Boot","Bronze Scales"],"potions_floor_usage":[7,12,22,24,25,30,33],"damage_taken":[{"damage":6,"enemies":"2 Louse","floor":1,"turns":3},{"damage":11,"enemies":"Cultist","floor":2,"turns":5},{"damage":5,"enemies":"Jaw Worm","floor":4,"turns":4},{"damage":19,"enemies":"3 Sentries","floor":7,"turns":11},{"damage":0,"enemies":"Gremlin Nob","floor":12,"turns":2},{"damage":1,"enemies":"Looter","floor":14,"turns":2},{"damage":13,"enemies":"Slime Boss","floor":16,"turns":7},{"damage":9,"enemies":"Shell Parasite","floor":18,"turns":3},{"damage":23,"enemies":"3 Byrds","floor":19,"turns":4},{"damage":5,"enemies":"3 Cultists","floor":20,"turns":6},{"damage":4,"enemies":"Centurion and Healer","floor":21,"turns":6},{"damage":21,"enemies":"Snake Plant","floor":22,"turns":5},{"damage":2,"enemies":"Gremlin Leader","floor":24,"turns":7},{"damage":0,"enemies":"Shelled Parasite and Fungi","floor":25,"turns":4},{"damage":15,"enemies":"Cultist and Chosen","floor":28,"turns":6},{"damage":2,"enemies":"Snake Plant","floor":30,"turns":3},{"damage":27,"enemies":"Shelled Parasite and Fungi","floor":31,"turns":6},{"damage":37,"enemies":"Automaton","floor":33,"turns":6}],"seed_played":"5501127914160821041","potions_obtained":[{"floor":2,"key":"Weak Potion"},{"floor":3,"key":"Regen Potion"},{"floor":3,"key":"FairyPotion"},{"floor":7,"key":"Strength Potion"},{"floor":18,"key":"Regen Potion"},{"floor":22,"key":"Fire Potion"},{"floor":25,"key":"Block Potion"},{"floor":31,"key":"AttackPotion"}],"is_trial":false,"path_per_floor":["M","M","?","M","$","R","E","?","T","?","R","E","R","M","R","B",null,"M","M","M","M","M","R","E","M","T","?","M","$","M","M","R","B"],"character_chosen":"THE_SILENT","items_purchased":["Happy Flower","A Thousand Cuts"],"campfire_rested":6,"item_purchase_floors":[5,29],"current_hp_per_floor":[57,46,46,41,41,62,58,6,6,6,27,27,48,47,68,55,66,57,34,29,25,18,39,37,37,37,37,22,22,20,7,28,0],"gold":189,"neow_bonus":"BOSS_RELIC","is_prod":false,"is_daily":false,"chose_seed":false,"campfire_upgraded":0,"win_rate":0,"timestamp":1561140830,"path_taken":["M","M","?","?","$","R","E","?","T","?","R","E","R","?","R","BOSS","M","?","M","M","M","R","E","M","T","?","?","$","M","M","R","BOSS"],"build_version":"2019-01-23","purchased_purges":1,"victory":false,"max_hp_per_floor":[70,70,70,70,70,70,70,70,70,70,70,70,70,70,70,70,70,70,70,70,70,70,70,70,70,70,70,70,70,70,70,70,70],"card_choices":[{"not_picked":["PiercingWail","Blade Dance"],"picked":"Underhanded Strike","floor":1},{"not_picked":["Expertise","Blade Dance"],"picked":"Catalyst","floor":2},{"not_picked":["Acrobatics","Dagger Throw"],"picked":"Dash","floor":4},{"not_picked":["Acrobatics","Endless Agony"],"picked":"Predator","floor":7},{"not_picked":["Deflect","Predator"],"picked":"Night Terror","floor":12},{"not_picked":["Catalyst","Endless Agony","Dodge and Roll"],"picked":"SKIP","floor":14},{"not_picked":["Unload","Night Terror"],"picked":"Bullet Time","floor":16},{"not_picked":["Escape Plan+1","Backflip"],"picked":"Outmaneuver+1","floor":18},{"not_picked":["Skewer","Blade Dance","Backstab"],"picked":"SKIP","floor":19},{"not_picked":["Blade Dance+1","Quick Slash"],"picked":"Footwork","floor":20},{"not_picked":["Well Laid Plans+1","PiercingWail","Concentrate"],"picked":"SKIP","floor":21},{"not_picked":["Accuracy+1","Dodge and Roll","Dagger Throw+1"],"picked":"SKIP","floor":22},{"not_picked":["Skewer","Glass Knife"],"picked":"Riddle With Holes","floor":24},{"not_picked":["Deflect","Reflex+1","Flying Knee"],"picked":"SKIP","floor":25},{"not_picked":["Cloak And Dagger+1","Flying Knee","Poisoned Stab"],"picked":"SKIP","floor":28},{"not_picked":["Bane","Deadly Poison"],"picked":"Wraith Form v2","floor":30},{"not_picked":["Heel Hook","Dagger Throw+1","Quick Slash+1"],"picked":"SKIP","floor":31}],"player_experience":481849,"relics_obtained":[{"floor":7,"key":"Vajra"},{"floor":9,"key":"Bag of Preparation"},{"floor":12,"key":"Blue Candle"},{"floor":24,"key":"Boot"},{"floor":26,"key":"Bronze Scales"}],"event_choices":[{"damage_healed":0,"gold_gain":0,"player_choice":"Got Potions","damage_taken":0,"max_hp_gain":0,"max_hp_loss":0,"event_name":"Lab","floor":3,"gold_loss":0},{"damage_healed":0,"gold_gain":0,"player_choice":"Success","damage_taken":52,"relics_obtained":["Shuriken"],"max_hp_gain":0,"max_hp_loss":0,"event_name":"Scrap Ooze","floor":8,"gold_loss":0},{"cards_removed":["Strike_G"],"damage_healed":0,"gold_gain":0,"player_choice":"Purged","damage_taken":0,"max_hp_gain":0,"max_hp_loss":0,"event_name":"Purifier","floor":10,"gold_loss":0},{"damage_healed":0,"gold_gain":0,"player_choice":"Copied","damage_taken":0,"max_hp_gain":0,"max_hp_loss":0,"event_name":"Duplicator","floor":27,"gold_loss":0,"cards_obtained":["Night Terror"]}],"is_beta":false,"boss_relics":[{"not_picked":["Busted Crown","Astrolabe"],"picked":"Runic Pyramid"}],"items_purged_floors":[29],"is_endless":false,"potions_floor_spawned":[2,4,7,18,22,25,31],"killed_by":"Automaton","ascension_level":7}