{"gold_per_floor":[116,41,41,57,81,81,81,81,81,100,113,128,128,151,151,281,281,297,297,316,316,236,236,236],"floor_reached":24,"playtime":990,"items_purged":["Defend_R","Strike_R"],"score":216,"play_id":"cb9d92f7-1193-4293-b112-d01183c644d5","local_time":"20190211111409","is_ascension_mode":true,"campfire_choices":[{"data":"Double Tap","floor":6,"key":"SMITH"},{"floor":13,"key":"REST"},{"floor":15,"key":"REST"},{"data":"Headbutt","floor":23,"key":"SMITH"}],"neow_cost":"NONE","seed_source_timestamp":180750145936300,"circlet_count":0,"master_deck":["Strike_R","Strike_R","Strike_R","Defend_R","Defend_R","Defend_R","Bash","Headbutt+1","Shrug It Off","Double Tap+1","Twin Strike+1","Inflame","Pommel Strike","Barricade","Battle Trance"],"relics":["Burning Blood","Golden Idol","Dodecahedron","The Courier","Runic Pyramid"],"potions_floor_usage":[16,24],"damage_taken":[{"damage":12,"enemies":"Jaw Worm","floor":1,"turns":3},{"damage":6,"enemies":"Cultist","floor":4,"turns":4},{"damage":2,"enemies":"2 Louse","floor":5,"turns":3},{"damage":47,"enemies":"Gremlin Gang","floor":10,"turns":5},{"damage":8,"enemies":"Blue Slaver","floor":11,"turns":2},{"damage":24,"enemies":"Large Slime","floor":12,"turns":5},{"damage":15,"enemies":"2 Fungi Beasts","floor":14,"turns":3},{"damage":32,"enemies":"Slime Boss","floor":16,"turns":9},{"damage":11,"enemies":"Spheric Guardian","floor":18,"turns":3},{"damage":24,"enemies":"Chosen","floor":20,"turns":4},{"damage":51,"enemies":"Book of Stabbing","floor":24,"turns":3}],"seed_played":"17720851787358147","potions_obtained":[{"floor":5,"key":"Energy Potion"},{"floor":10,"key":"AttackPotion"},{"floor":11,"key":"Fire Potion"}],"is_trial":false,"path_per_floor":["M","$","?","M","M","R","$","?","T","M","M","M","R","M","R","B",null,"M","?","M","?","$","R","E"],"character_chosen":"IRONCLAD","items_purchased":[],"campfire_rested":2,"item_purchase_floors":[],"current_hp_per_floor":[74,74,74,74,74,74,74,74,74,33,31,13,35,26,48,22,74,69,69,51,51,51,51,0],"gold":236,"neow_bonus":"REMOVE_CARD","is_prod":false,"is_daily":false,"chose_seed":false,"campfire_upgraded":2,"win_rate":0,"timestamp":1549912449,"path_taken":["M","$","?","M","M","R","$","?","T","M","M","M","R","?","R","BOSS","M","?","?","?","$","R","E"],"build_version":"2019-01-23","purchased_purges":2,"victory":false,"max_hp_per_floor":[80,80,74,74,74,74,74,74,74,74,74,74,74,74,74,74,74,74,74,74,74,74,74,74],"card_choices":[{"not_picked":["Iron Wave","Uppercut"],"picked":"Headbutt","floor":1},{"not_picked":["Wild Strike","Heavy Blade"],"picked":"Shrug It Off","floor":4},{"not_picked":["Infernal Blade","Iron Wave"],"picked":"Double Tap","floor":5},{"not_picked":["Wild Strike","Perfected Strike"],"picked":"Twin Strike","floor":10},{"not_picked":["Twin Strike","Sword Boomerang"],"picked":"Inflame","floor":11},{"not_picked":["Havoc","True Grit","Shockwave"],"picked":"SKIP","floor":12},{"not_picked":["Seeing Red","Bloodletting"],"picked":"Pommel Strike","floor":14},{"not_picked":["Immolate","Juggernaut"],"picked":"Barricade","floor":16},{"not_picked":["Twin Strike","True Grit"],"picked":"Battle Trance","floor":18},{"not_picked":["Blood for Blood","Body Slam","Perfected Strike"],"picked":"SKIP","floor":20}],"player_experience":132500,"relics_obtained":[{"floor":9,"key":"The Courier"}],"event_choices":[{"damage_healed":0,"gold_gain":0,"player_choice":"Lose Max HP","damage_taken":0,"relics_obtained":["Golden Idol"],"max_hp_gain":0,"max_hp_loss":6,"event_name":"Golden Idol","floor":3,"gold_loss":0},{"damage_healed":0,"gold_gain":0,"player_choice":"Gave Potion","damage_taken":0,"relics_obtained":["Dodecahedron"],"max_hp_gain":0,"max_hp_loss":0,"event_name":"WeMeetAgain","floor":8,"gold_loss":0},{"damage_healed":0,"gold_gain":0,"player_choice":"Bought 0 Potions","damage_taken":0,"max_hp_gain":0,"max_hp_loss":0,"event_name":"The Woman in Blue","floor":19,"gold_loss":0},{"damage_healed":0,"gold_gain":0,"player_choice":"Upgraded","damage_taken":0,"max_hp_gain":0,"max_hp_loss":0,"event_name":"Upgrade Shrine","floor":21,"gold_loss":0,"cards_upgraded":["Twin Strike"]}],"is_beta":false,"boss_relics":[{"not_picked":["Black Star","Calling Bell"],"picked":"Runic Pyramid"}],"items_purged_floors":[2,22],"is_endless":false,"potions_floor_spawned":[5,10,11],"killed_by":"Book of Stabbing","ascension_level":3}