{"gold_per_floor":[112,112,122,7,24,24,24,24,24,24,199,218,231,182,182,278,278,292,327,327,345,345,345,345,345,345,356,105,105,119,133,133,230,230,250,174,189,589,811,846,846,863,863,863,326,326,346,360,360,360],"floor_reached":51,"playtime":2553,"items_purged":["Strike_B","Regret"],"score":875,"play_id":"5ce002a9-7a64-4f4a-8ebe-1f8d6cc961ea","local_time":"20190405104643","is_ascension_mode":true,"campfire_choices":[{"data":"Zap","floor":6.0,"key":"SMITH"},{"data":"Dualcast","floor":8.0,"key":"SMITH"},{"data":"Heatsinks","floor":10.0,"key":"SMITH"},{"floor":15.0,"key":"REST"},{"floor":23.0,"key":"REST"},{"floor":25.0,"key":"REST"},{"floor":32,"key":"REST"},{"floor":41,"key":"REST"},{"data":"Defragment","floor":46,"key":"SMITH"},{"data":"Storm","floor":49,"key":"SMITH"}],"neow_cost":"NONE","seed_source_timestamp":0,"circlet_count":0,"master_deck":["Zap+1","Dualcast+1","Loop+1","Heatsinks+1","Capacitor","FTL","Defragment+1","Conserve Battery+1","Machine Learning","Storm+1","Sweeping Beam","BootSequence+1","Force Field+1","Cold Snap","Creative AI+1","Static Discharge+1","Defragment+1","Darkness+1","Hello World+1","Chill+1","Finesse"],"special_seed":0,"relics":["Cracked Core","NeowsBlessing","Symbiotic Virus","Pandora\u0027s Box","Red Mask","Darkstone Periapt","Bottled Flame","Frozen Egg 2","Cursed Key","Old Coin","Gremlin Horn","War Paint","Pen Nib","Lee\u0027s Waffle"],"potions_floor_usage":[33,37,48,50],"damage_taken":[{"damage":0.0,"enemies":"Jaw Worm","floor":1.0,"turns":1.0},{"damage":0.0,"enemies":"2 Louse","floor":3.0,"turns":1.0},{"damage":0.0,"enemies":"Small Slimes","floor":5.0,"turns":1.0},{"damage":4.0,"enemies":"2 Fungi Beasts","floor":12.0,"turns":4.0},{"damage":3.0,"enemies":"Blue Slaver","floor":13.0,"turns":3.0},{"damage":42.0,"enemies":"Hexaghost","floor":16.0,"turns":8.0},{"damage":30.0,"enemies":"2 Thieves","floor":18.0,"turns":3.0},{"damage":22.0,"enemies":"Masked Bandits","floor":19.0,"turns":3.0},{"damage":8.0,"enemies":"Chosen","floor":21.0,"turns":2.0},{"damage":14,"enemies":"Shelled Parasite and Fungi","floor":27,"turns":3},{"damage":0,"enemies":"3 Cultists","floor":30,"turns":4},{"damage":0,"enemies":"Centurion and Healer","floor":31,"turns":4},{"damage":36,"enemies":"Automaton","floor":33,"turns":9},{"damage":3,"enemies":"3 Shapes","floor":35,"turns":3},{"damage":26,"enemies":"3 Darklings","floor":37,"turns":4},{"damage":0,"enemies":"Mind Bloom Boss Battle","floor":38,"turns":3},{"damage":25,"enemies":"Giant Head","floor":40,"turns":6},{"damage":3,"enemies":"Maw","floor":42,"turns":5},{"damage":0,"enemies":"Writhing Mass","floor":47,"turns":5},{"damage":0,"enemies":"Sphere and 2 Shapes","floor":48,"turns":4},{"damage":24,"enemies":"Awakened One","floor":50,"turns":8}],"seed_played":"4303051223448902054","potions_obtained":[{"floor":1.0,"key":"Poison Potion"},{"floor":5.0,"key":"FearPotion"},{"floor":16.0,"key":"Block Potion"},{"floor":18.0,"key":"SteroidPotion"},{"floor":19.0,"key":"Ancient Potion"},{"floor":33,"key":"SkillPotion"},{"floor":37,"key":"SkillPotion"},{"floor":38,"key":"AttackPotion"},{"floor":42,"key":"Poison Potion"},{"floor":48,"key":"Regen Potion"}],"is_trial":false,"path_per_floor":["M","?","M","$","M","R","?","R","T","R","?","M","M","$","R","B",null,"M","?","?","M","$","R","T","R","T","M","$","?","M","M","R","B",null,"M","$","M","?","?","E","R","M","T","?","$","R","M","M","R","B",null],"character_chosen":"DEFECT","items_purchased":["Capacitor","Conserve Battery","Frozen Egg 2","Static Discharge+1","Pen Nib","Finesse","Lee\u0027s Waffle"],"campfire_rested":5,"item_purchase_floors":[4,14,28,36,45,45,45],"current_hp_per_floor":[75,60,60,60,60,60,60,60,60,60,60,56,53,53,75,33,65,35,13,13,5,5,27,27,49,49,35,35,60,60,60,75,39,66,63,63,37,37,37,12,34,31,37,71,78,78,78,78,78,68],"gold":360,"neow_bonus":"THREE_ENEMY_KILL","is_prod":false,"is_daily":false,"chose_seed":false,"campfire_upgraded":5,"win_rate":0,"timestamp":1554486403,"path_taken":["M","?","M","$","M","R","?","R","T","R","?","M","M","$","R","BOSS","M","?","?","M","$","R","?","R","T","M","$","?","M","M","R","BOSS","M","$","M","?","?","E","R","M","T","?","$","R","M","M","R","BOSS"],"build_version":"2019-01-23","purchased_purges":2,"victory":true,"max_hp_per_floor":[75,75,75,75,75,75,75,75,75,75,75,75,75,75,75,75,75,75,75,75,75,75,75,75,75,75,75,75,75,75,75,75,75,75,75,75,75,75,75,75,75,75,81,71,78,78,78,78,78,78],"card_choices":[{"not_picked":["Stack","Leap"],"picked":"Loop","floor":1.0},{"not_picked":["Compile Driver","Doom and Gloom"],"picked":"Heatsinks","floor":3.0},{"not_picked":["Rebound","Compile Driver"],"picked":"FTL","floor":5.0},{"not_picked":["Streamline","Chaos","Compile Driver"],"picked":"SKIP","floor":12.0},{"not_picked":["Rebound","Ball Lightning"],"picked":"Defragment","floor":13.0},{"not_picked":["Thunder Strike","Biased Cognition"],"picked":"Machine Learning","floor":16.0},{"not_picked":["Stack","Skim+1"],"picked":"Storm","floor":18.0},{"not_picked":["Sunder","Hologram"],"picked":"Sweeping Beam","floor":19.0},{"not_picked":["Hello World","Cold Snap"],"picked":"BootSequence+1","floor":21.0},{"not_picked":["Rebound","Sweeping Beam"],"picked":"Force Field","floor":27},{"not_picked":["Fusion","Blizzard+1"],"picked":"Cold Snap","floor":30},{"not_picked":["Streamline","Recycle","Coolheaded"],"picked":"SKIP","floor":31},{"not_picked":["All For One","Rainbow"],"picked":"Creative AI+1","floor":33},{"not_picked":["Stack+1","Reprogram","Hologram"],"picked":"SKIP","floor":35},{"not_picked":["BootSequence+1","Beam Cell"],"picked":"Defragment+1","floor":37},{"not_picked":["Stack","Tempest"],"picked":"Darkness+1","floor":38},{"not_picked":["Coolheaded+1","Stack"],"picked":"Hello World+1","floor":40},{"not_picked":["Scrape+1","Steam+1"],"picked":"Chill+1","floor":42},{"not_picked":["Melter","Skim+1","Leap"],"picked":"SKIP","floor":47},{"not_picked":["Self Repair+1","Chaos","Undo+1"],"picked":"SKIP","floor":48}],"player_experience":309656,"relics_obtained":[{"floor":9.0,"key":"Symbiotic Virus"},{"floor":19.0,"key":"Red Mask"},{"floor":24.0,"key":"Darkstone Periapt"},{"floor":26.0,"key":"Bottled Flame"},{"floor":38,"key":"Old Coin"},{"floor":40,"key":"Gremlin Horn"},{"floor":43,"key":"War Paint"}],"event_choices":[{"damage_healed":0.0,"max_hp_gain":0.0,"max_hp_loss":0.0,"gold_gain":0.0,"event_name":"Shining Light","player_choice":"Entered Light","floor":2.0,"gold_loss":0.0,"damage_taken":15.0,"cards_upgraded":["Loop","Defend_B"]},{"damage_healed":0.0,"max_hp_gain":0.0,"max_hp_loss":0.0,"gold_gain":0.0,"event_name":"Golden Wing","player_choice":"Ignored","floor":7.0,"gold_loss":0.0,"damage_taken":0.0},{"damage_healed":0.0,"max_hp_gain":0.0,"max_hp_loss":0.0,"gold_gain":175.0,"event_name":"Liars Game","player_choice":"AGREE","floor":11.0,"gold_loss":0.0,"damage_taken":0.0,"cards_obtained":["Doubt"]},{"damage_healed":0.0,"max_hp_gain":0.0,"max_hp_loss":0.0,"gold_gain":0.0,"event_name":"Masked Bandits","player_choice":"Fought Bandits","floor":19.0,"gold_loss":0.0,"damage_taken":0.0},{"cards_removed":["Doubt"],"damage_healed":0.0,"max_hp_gain":0.0,"max_hp_loss":0.0,"gold_gain":0.0,"event_name":"Back to Basics","player_choice":"Elegance","floor":20.0,"gold_loss":0.0,"damage_taken":0.0},{"damage_healed":25,"gold_gain":0,"player_choice":"Heal","damage_taken":0,"max_hp_gain":0,"max_hp_loss":0,"event_name":"The Library","floor":29,"gold_loss":0},{"damage_healed":0,"gold_gain":0,"player_choice":"Fight","damage_taken":0,"max_hp_gain":0,"max_hp_loss":0,"event_name":"MindBloom","floor":38,"gold_loss":0},{"damage_healed":0,"gold_gain":222,"player_choice":"Wore Mask","damage_taken":0,"max_hp_gain":0,"max_hp_loss":0,"event_name":"Tomb of Lord Red Mask","floor":39,"gold_loss":0},{"damage_healed":71,"gold_gain":0,"player_choice":"Heal","damage_taken":0,"max_hp_gain":0,"max_hp_loss":10,"event_name":"The Moai Head","floor":44,"gold_loss":0}],"is_beta":false,"boss_relics":[{"not_picked":["Busted Crown","Nuclear Battery"],"picked":"Pandora\u0027s Box"},{"not_picked":["Coffee Dripper","Empty Cage"],"picked":"Cursed Key"}],"items_purged_floors":[4,45],"is_endless":false,"potions_floor_spawned":[1,5,16,18,19,33,37,38,42,47,48],"ascension_level":5}