{"gold_per_floor":[113,38,38,38,38,38,54,54,77,77,41,53,82,95,95,167,167,185,205,220,16,36,62,162,162,162,174,188,188,188,215,215,215],"floor_reached":33,"playtime":905,"items_purged":["Strike_R"],"score":437,"play_id":"94d66045-ee5f-44f7-afab-f3a3c9434db5","local_time":"20190502162227","is_ascension_mode":true,"campfire_choices":[{"data":"Flex","floor":6.0,"key":"SMITH"},{"data":"Bash","floor":8.0,"key":"SMITH"},{"floor":10.0,"key":"REST"},{"data":"Flex","floor":15.0,"key":"SMITH"},{"data":"Whirlwind","floor":25,"key":"SMITH"},{"data":"Heavy Blade","floor":30,"key":"SMITH"},{"floor":32,"key":"REST"}],"neow_cost":"NONE","seed_source_timestamp":0,"circlet_count":0,"master_deck":["AscendersBane","Strike_R+1","Strike_R","Strike_R+1","Strike_R","Defend_R","Defend_R","Defend_R","Bash+1","Flex+1","Flex+1","Pummel","Limit Break","Whirlwind+1","Heavy Blade+1"],"special_seed":0,"relics":["Burning Blood","Centennial Puzzle","Juzu Bracelet","Dream Catcher","Matryoshka","Runic Pyramid","Lee\u0027s Waffle","Bag of Marbles","Lantern","Dead Branch","Enchiridion","Red Mask"],"potions_floor_usage":[16,16,23,28,33,33],"damage_taken":[{"damage":7.0,"enemies":"Jaw Worm","floor":1.0,"turns":3.0},{"damage":7.0,"enemies":"Small Slimes","floor":7.0,"turns":2.0},{"damage":0.0,"enemies":"Cultist","floor":12.0,"turns":2.0},{"damage":20.0,"enemies":"Lagavulin","floor":13.0,"turns":3.0},{"damage":6.0,"enemies":"Looter","floor":14.0,"turns":2.0},{"damage":38,"enemies":"Hexaghost","floor":16,"turns":7},{"damage":22,"enemies":"3 Byrds","floor":18,"turns":4},{"damage":33,"enemies":"2 Thieves","floor":19,"turns":3},{"damage":16,"enemies":"Sentry and Sphere","floor":20,"turns":4},{"damage":13,"enemies":"Snecko","floor":22,"turns":3},{"damage":46,"enemies":"Slavers","floor":23,"turns":4},{"damage":0,"enemies":"3 Cultists","floor":27,"turns":1},{"damage":6,"enemies":"Centurion and Healer","floor":28,"turns":2},{"damage":0,"enemies":"Masked Bandits","floor":31,"turns":1},{"damage":64,"enemies":"Collector","floor":33,"turns":6}],"seed_played":"8973611231024224393","potions_obtained":[{"floor":7.0,"key":"Energy Potion"},{"floor":13.0,"key":"Dexterity Potion"},{"floor":14.0,"key":"Poison Potion"},{"floor":20,"key":"SpeedPotion"},{"floor":22,"key":"LiquidBronze"},{"floor":27,"key":"SkillPotion"},{"floor":31,"key":"Poison Potion"}],"is_trial":false,"path_per_floor":["M","$","?","?","?","R","M","R","T","R","$","M","E","M","R","B",null,"M","M","M","$","M","E","?","R","T","M","M","?","R","?","R","B"],"character_chosen":"IRONCLAD","items_purchased":["Pummel","Lee\u0027s Waffle"],"campfire_rested":2,"item_purchase_floors":[11,21],"current_hp_per_floor":[71,71,55,48,41,41,40,40,40,64,64,70,56,56,56,24,66,50,23,13,87,80,40,40,40,40,46,46,30,30,36,62,0],"gold":215,"neow_bonus":"RANDOM_COMMON_RELIC","is_prod":false,"is_daily":false,"chose_seed":false,"campfire_upgraded":5,"win_rate":0,"timestamp":1556839347,"path_taken":["M","$","?","?","?","R","M","R","T","R","$","M","E","M","R","BOSS","M","M","M","$","M","E","?","R","T","M","M","?","R","?","R","BOSS"],"build_version":"2019-01-23","purchased_purges":1,"victory":false,"max_hp_per_floor":[80,80,80,80,80,80,80,80,80,80,80,80,80,80,80,80,80,80,80,80,87,87,87,87,87,87,87,87,87,87,87,87,87],"card_choices":[{"not_picked":["Cleave","Warcry"],"picked":"Flex","floor":1.0},{"not_picked":["Clothesline","Entrench","Pommel Strike"],"picked":"SKIP","floor":7.0},{"not_picked":["Spot Weakness","Power Through"],"picked":"Flex","floor":10.0},{"not_picked":["Perfected Strike","Anger","Wild Strike"],"picked":"SKIP","floor":12.0},{"not_picked":["Disarm","Burning Pact","Feed"],"picked":"SKIP","floor":13.0},{"not_picked":["Reckless Charge","Warcry","Sentinel"],"picked":"SKIP","floor":14.0},{"not_picked":["Dark Embrace","Double Tap"],"picked":"Limit Break","floor":16},{"not_picked":["Combust","Pommel Strike"],"picked":"Whirlwind","floor":18},{"not_picked":["Shrug It Off","Double Tap"],"picked":"Heavy Blade","floor":19},{"not_picked":["Heavy Blade","True Grit","Havoc"],"picked":"SKIP","floor":20},{"not_picked":["Shrug It Off+1","Cleave","Brutality"],"picked":"SKIP","floor":22},{"not_picked":["Shrug It Off+1","Armaments","Ghostly Armor"],"picked":"SKIP","floor":23},{"not_picked":["Warcry","Bloodletting","Fire Breathing"],"picked":"SKIP","floor":27},{"not_picked":["Clothesline","Armaments","Searing Blow"],"picked":"SKIP","floor":28}],"player_experience":358631,"relics_obtained":[{"floor":9.0,"key":"Dream Catcher"},{"floor":13.0,"key":"Matryoshka"},{"floor":23,"key":"Bag of Marbles"},{"floor":26,"key":"Lantern"},{"floor":26,"key":"Dead Branch"},{"floor":29,"key":"Enchiridion"},{"floor":31,"key":"Red Mask"}],"event_choices":[{"damage_healed":0.0,"max_hp_gain":0.0,"max_hp_loss":0.0,"gold_gain":0.0,"event_name":"Shining Light","player_choice":"Entered Light","floor":3.0,"gold_loss":0.0,"damage_taken":16.0,"cards_upgraded":["Strike_R","Strike_R"]},{"cards_removed":["Defend_R"],"damage_healed":0.0,"max_hp_gain":0.0,"max_hp_loss":0.0,"gold_gain":0.0,"event_name":"Golden Wing","player_choice":"Card Removal","floor":4.0,"gold_loss":0.0,"damage_taken":7.0},{"damage_healed":0.0,"max_hp_gain":0.0,"max_hp_loss":0.0,"gold_gain":0.0,"event_name":"Scrap Ooze","player_choice":"Success","floor":5.0,"gold_loss":0.0,"damage_taken":7.0,"relics_obtained":["Juzu Bracelet"]},{"damage_healed":0,"gold_gain":100,"player_choice":"Pray","damage_taken":0,"max_hp_gain":0,"max_hp_loss":0,"event_name":"Golden Shrine","floor":24,"gold_loss":0},{"damage_healed":0,"gold_gain":0,"player_choice":"Obtained Book","damage_taken":16,"max_hp_gain":0,"max_hp_loss":0,"event_name":"Cursed Tome","floor":29,"gold_loss":0},{"damage_healed":0,"gold_gain":0,"player_choice":"Fought Bandits","damage_taken":0,"max_hp_gain":0,"max_hp_loss":0,"event_name":"Masked Bandits","floor":31,"gold_loss":0}],"is_beta":false,"boss_relics":[{"not_picked":["Runic Dome","Snecko Eye"],"picked":"Runic Pyramid"}],"items_purged_floors":[2],"is_endless":false,"potions_floor_spawned":[7,13,14,20,22,27,31],"killed_by":"Collector","ascension_level":13}