{"gold_per_floor":[116,47,47,65,65,98,22,22,22,47,73,128,140,158,158,257,257,274,189,189,175,193,193,37,37,86,99,64,97,97,128,128,128],"floor_reached":33,"playtime":2361,"items_purged":[],"score":316,"play_id":"c10834c2-9c8b-4ebd-b5ed-b8590761a062","local_time":"20190205110123","is_ascension_mode":false,"campfire_choices":[{"data":"Bouncing Flask","floor":8,"key":"SMITH"},{"floor":15,"key":"REST"},{"data":"Crippling Poison","floor":23,"key":"SMITH"},{"data":"Infinite Blades","floor":25,"key":"SMITH"},{"data":"Night Terror","floor":30,"key":"SMITH"},{"floor":32,"key":"REST"}],"neow_cost":"NONE","seed_source_timestamp":205997719232574,"circlet_count":0,"master_deck":["Defend_G","Defend_G","Defend_G","Defend_G","Defend_G","Strike_G","Strike_G","Strike_G","Strike_G","Strike_G","Survivor","Neutralize","Crippling Poison+1","Deadly Poison","Endless Agony","Slice","Bouncing Flask+1","Infinite Blades+1","Slice","Night Terror+1","Deflect","Deflect","Leg Sweep","Envenom","Deflect+1","Caltrops","Flying Knee","Blur","Flying Knee+1","Deflect","Leg Sweep+1"],"relics":["Ring of the Snake","Ancient Tea Set","Boot","Orichalcum","Odd Mushroom","Letter Opener","Bottled Lightning","Busted Crown","Mummified Hand","Blood Vial","Pen Nib","Gremlin Horn","Dream Catcher"],"potions_floor_usage":[12,13,14,14,21,29,29,31],"damage_taken":[{"damage":3,"enemies":"Cultist","floor":1,"turns":7},{"damage":0,"enemies":"Jaw Worm","floor":4,"turns":4},{"damage":16,"enemies":"Gremlin Nob","floor":6,"turns":4},{"damage":2,"enemies":"The Mushroom Lair","floor":10,"turns":2},{"damage":20,"enemies":"Lagavulin","floor":11,"turns":5},{"damage":19,"enemies":"Lagavulin Event","floor":12,"turns":4},{"damage":0,"enemies":"Small Slimes","floor":13,"turns":2},{"damage":4,"enemies":"Exordium Wildlife","floor":14,"turns":3},{"damage":9,"enemies":"Hexaghost","floor":16,"turns":8},{"damage":4,"enemies":"Shell Parasite","floor":18,"turns":4},{"damage":8,"enemies":"2 Thieves","floor":21,"turns":4},{"damage":1,"enemies":"Snake Plant","floor":22,"turns":3},{"damage":5,"enemies":"Shelled Parasite and Fungi","floor":27,"turns":5},{"damage":15,"enemies":"Gremlin Leader","floor":29,"turns":7},{"damage":30,"enemies":"Slavers","floor":31,"turns":5},{"damage":39,"enemies":"Collector","floor":33,"turns":4}],"seed_played":"4491949770381680147","potions_obtained":[{"floor":4,"key":"Explosive Potion"},{"floor":6,"key":"FearPotion"},{"floor":10,"key":"FearPotion"},{"floor":12,"key":"SkillPotion"},{"floor":16,"key":"Dexterity Potion"},{"floor":18,"key":"PowerPotion"},{"floor":21,"key":"FearPotion"},{"floor":22,"key":"PowerPotion"}],"is_trial":false,"path_per_floor":["M","$","T","M","$","E","$","R","T","?","E","?","M","M","R","B",null,"M","?","?","M","M","R","$","R","T","M","$","E","R","E","R","B"],"character_chosen":"THE_SILENT","items_purchased":["Endless Agony","Infinite Blades","Blood Vial","Blur"],"campfire_rested":2,"item_purchase_floors":[2,7,24,28],"current_hp_per_floor":[67,67,67,67,67,51,51,51,51,49,29,10,10,6,27,18,70,66,66,66,58,57,57,57,57,57,54,54,41,41,13,34,0],"gold":128,"neow_bonus":"THREE_CARDS","is_prod":false,"is_daily":false,"chose_seed":false,"campfire_upgraded":4,"win_rate":0.0,"timestamp":1549393283,"path_taken":["M","?","?","M","$","E","$","R","T","?","E","?","?","M","R","BOSS","M","?","?","M","?","R","$","R","T","M","?","E","R","E","R","BOSS"],"build_version":"2019-01-23","purchased_purges":0,"victory":false,"max_hp_per_floor":[70,70,70,70,70,70,70,70,70,70,70,70,70,70,70,70,70,70,70,70,70,70,70,70,70,70,70,70,70,70,70,70,70],"card_choices":[{"not_picked":["Dash","Poisoned Stab"],"picked":"Crippling Poison","floor":0},{"not_picked":["Backflip","Dash"],"picked":"Deadly Poison","floor":1},{"not_picked":["Blade Dance","Finisher"],"picked":"Slice","floor":4},{"not_picked":["Finisher","Backstab"],"picked":"Bouncing Flask","floor":6},{"not_picked":["Acrobatics","Blade Dance"],"picked":"Slice","floor":10},{"not_picked":["Finisher","Dagger Spray"],"picked":"Night Terror","floor":11},{"not_picked":["Backflip","Reflex"],"picked":"Deflect","floor":12},{"not_picked":["Outmaneuver","Dodge and Roll"],"picked":"Deflect","floor":13},{"not_picked":["Well Laid Plans","Backflip"],"picked":"Leg Sweep","floor":14},{"not_picked":["A Thousand Cuts","Unload"],"picked":"Envenom","floor":16},{"not_picked":[],"picked":"Deflect+1","floor":18},{"not_picked":[],"picked":"Caltrops","floor":21},{"not_picked":[],"picked":"Flying Knee","floor":22},{"not_picked":["PiercingWail"],"picked":"SKIP","floor":27},{"not_picked":[],"picked":"Flying Knee+1","floor":29},{"not_picked":[],"picked":"Deflect","floor":31},{"not_picked":[],"picked":"Leg Sweep+1","floor":32}],"player_experience":15975,"relics_obtained":[{"floor":3,"key":"Ancient Tea Set"},{"floor":6,"key":"Boot"},{"floor":9,"key":"Orichalcum"},{"floor":10,"key":"Odd Mushroom"},{"floor":11,"key":"Letter Opener"},{"floor":12,"key":"Bottled Lightning"},{"floor":26,"key":"Pen Nib"},{"floor":29,"key":"Gremlin Horn"},{"floor":31,"key":"Dream Catcher"}],"event_choices":[{"damage_healed":0,"gold_gain":0,"player_choice":"Fought Mushrooms","damage_taken":0,"max_hp_gain":0,"max_hp_loss":0,"event_name":"Mushrooms","floor":10,"gold_loss":0},{"damage_healed":0,"gold_gain":0,"player_choice":"Searched \u00271\u0027 times","damage_taken":0,"max_hp_gain":0,"max_hp_loss":0,"event_name":"Dead Adventurer","floor":12,"gold_loss":0},{"damage_healed":0,"gold_gain":0,"player_choice":"Obtained Relic","damage_taken":0,"relics_obtained":["Mummified Hand"],"max_hp_gain":0,"max_hp_loss":0,"event_name":"Addict","floor":19,"gold_loss":85},{"damage_healed":0,"gold_gain":0,"player_choice":"Bought 0 Potions","damage_taken":0,"max_hp_gain":0,"max_hp_loss":0,"event_name":"The Woman in Blue","floor":20,"gold_loss":0}],"is_beta":false,"boss_relics":[{"not_picked":["Cursed Key","Lizard Tail"],"picked":"Busted Crown"}],"items_purged_floors":[],"is_endless":false,"potions_floor_spawned":[4,6,10,12,16,18,21,22],"killed_by":"Collector","ascension_level":0}