{"gold_per_floor":[112,37,37,55,78,78,78,78,78,78,99,118,118,141,141,141],"floor_reached":16,"playtime":321,"items_purged":["Defend_R"],"score":115,"play_id":"ae660f57-fdea-4a22-8750-eeb45765d3cd","local_time":"20190216232501","is_ascension_mode":true,"campfire_choices":[{"data":"Cleave","floor":6,"key":"SMITH"},{"data":"Bash","floor":8,"key":"SMITH"},{"data":"Twin Strike","floor":10,"key":"SMITH"},{"floor":15,"key":"REST"}],"neow_cost":"NONE","seed_source_timestamp":14081072828400,"circlet_count":0,"master_deck":["Strike_R","Strike_R","Strike_R","Strike_R","Strike_R","Defend_R","Defend_R","Defend_R","Bash+1","Cleave+1","Twin Strike+1","Thunderclap","Cleave"],"relics":["Burning Blood","Golden Idol","Smiling Mask"],"potions_floor_usage":[12,16,16,16],"damage_taken":[{"damage":9,"enemies":"2 Louse","floor":1,"turns":2},{"damage":12,"enemies":"Small Slimes","floor":4,"turns":2},{"damage":6,"enemies":"Cultist","floor":5,"turns":3},{"damage":34,"enemies":"Exordium Thugs","floor":11,"turns":4},{"damage":18,"enemies":"Large Slime","floor":12,"turns":2},{"damage":21,"enemies":"Blue Slaver","floor":14,"turns":3},{"damage":78,"enemies":"Hexaghost","floor":16,"turns":8}],"seed_played":"-2959705819811095657","potions_obtained":[{"floor":4,"key":"Poison Potion"},{"floor":5,"key":"Dexterity Potion"},{"floor":11,"key":"AttackPotion"},{"floor":14,"key":"Regen Potion"}],"is_trial":false,"path_per_floor":["M","$","?","M","M","R","$","R","T","R","M","M","?","M","R","B"],"character_chosen":"IRONCLAD","items_purchased":[],"campfire_rested":1,"item_purchase_floors":[],"current_hp_per_floor":[77,77,74,68,68,68,68,68,68,68,40,28,52,37,59,0],"gold":141,"neow_bonus":"THREE_CARDS","is_prod":false,"is_daily":false,"chose_seed":false,"campfire_upgraded":3,"win_rate":0,"timestamp":1550388301,"path_taken":["M","$","?","M","M","R","$","R","T","R","M","M","?","M","R","BOSS"],"build_version":"2019-01-23","purchased_purges":1,"victory":false,"max_hp_per_floor":[80,80,74,74,74,74,74,74,74,74,74,74,74,74,74,74],"card_choices":[{"not_picked":["Searing Blow","Headbutt"],"picked":"Cleave","floor":0},{"not_picked":["Anger","Havoc","Searing Blow"],"picked":"SKIP","floor":1},{"not_picked":["Wild Strike","Entrench"],"picked":"Twin Strike","floor":4},{"not_picked":["Clash","Perfected Strike","Carnage"],"picked":"SKIP","floor":5},{"not_picked":["Searing Blow","Intimidate"],"picked":"Thunderclap","floor":11},{"not_picked":["Combust","Burning Pact"],"picked":"Cleave","floor":12},{"not_picked":["Intimidate","Thunderclap","Evolve"],"picked":"SKIP","floor":14}],"player_experience":175518,"relics_obtained":[{"floor":9,"key":"Smiling Mask"}],"event_choices":[{"damage_healed":0,"gold_gain":0,"player_choice":"Lose Max HP","damage_taken":0,"relics_obtained":["Golden Idol"],"max_hp_gain":0,"max_hp_loss":6,"event_name":"Golden Idol","floor":3,"gold_loss":0},{"damage_healed":24,"gold_gain":0,"player_choice":"Banana","damage_taken":0,"max_hp_gain":0,"max_hp_loss":0,"event_name":"Big Fish","floor":13,"gold_loss":0}],"is_beta":false,"boss_relics":[],"items_purged_floors":[2],"is_endless":false,"potions_floor_spawned":[4,5,11,14],"killed_by":"Hexaghost","ascension_level":5}