{"gold_per_floor":[216,216,141,152,172,172,182,207,230,230,230,263,279,36,36,138,138,158,158,176,76,176,176,176,190,215,215,90,104,120,131,131,234,234,252,252,102,116,129,154,174,193,193,45,63,0,0,10,10,10],"floor_reached":50,"playtime":2146,"items_purged":["Strike_R","Strike_R","Strike_R","Strike_R"],"score":818,"play_id":"a8542f05-d1a5-43cc-955f-f169cc699b6e","local_time":"20190502013205","is_ascension_mode":true,"campfire_choices":[{"data":"Body Slam","floor":6.0,"key":"SMITH"},{"floor":10.0,"key":"REST"},{"data":"Sword Boomerang","floor":15.0,"key":"SMITH"},{"floor":23.0,"key":"REST"},{"data":"Heavy Blade","floor":27.0,"key":"SMITH"},{"data":"Bash","floor":32.0,"key":"SMITH"},{"floor":49.0,"key":"REST"}],"neow_cost":"NONE","seed_source_timestamp":0,"circlet_count":0,"master_deck":["AscendersBane","Defend_R","Defend_R","Defend_R","Defend_R","Bash+1","Body Slam+1","Thunderclap","Flame Barrier","Sword Boomerang+1","Offering+1","Heavy Blade+1","Sword Boomerang+1","Flex+1","Anger","Writhe","Flex+1"],"special_seed":0,"relics":["Burning Blood","Bronze Scales","Orichalcum","Pen Nib","Toxic Egg 2","Eternal Feather","MutagenicStrength","Du-Vu Doll","Pantograph","Red Skull","Bag of Preparation","Busted Crown","Art of War","Bird Faced Urn","Regal Pillow","Red Mask"],"potions_floor_usage":[50],"damage_taken":[{"damage":3.0,"enemies":"2 Louse","floor":1.0,"turns":4.0},{"damage":1.0,"enemies":"Cultist","floor":4.0,"turns":6.0},{"damage":10.0,"enemies":"Small Slimes","floor":5.0,"turns":6.0},{"damage":9.0,"enemies":"3 Louse","floor":7.0,"turns":6.0},{"damage":54.0,"enemies":"Gremlin Nob","floor":8.0,"turns":6.0},{"damage":22.0,"enemies":"3 Sentries","floor":12.0,"turns":7.0},{"damage":1.0,"enemies":"Lots of Slimes","floor":13.0,"turns":4.0},{"damage":57.0,"enemies":"Hexaghost","floor":16.0,"turns":10.0},{"damage":11.0,"enemies":"2 Thieves","floor":18.0,"turns":3.0},{"damage":12.0,"enemies":"Chosen","floor":20.0,"turns":3.0},{"damage":7.0,"enemies":"Colosseum Slavers","floor":22.0,"turns":2.0},{"damage":42.0,"enemies":"Colosseum Nobs","floor":22.0,"turns":5.0},{"damage":6.0,"enemies":"Sentry and Sphere","floor":25.0,"turns":2.0},{"damage":16.0,"enemies":"Centurion and Healer","floor":29.0,"turns":3.0},{"damage":4.0,"enemies":"Snecko","floor":30.0,"turns":4.0},{"damage":6.0,"enemies":"3 Cultists","floor":31.0,"turns":2.0},{"damage":56.0,"enemies":"Champ","floor":33.0,"turns":6.0},{"damage":0.0,"enemies":"Orb Walker","floor":35.0,"turns":1.0},{"damage":8.0,"enemies":"3 Shapes","floor":38.0,"turns":4.0},{"damage":6.0,"enemies":"Spire Growth","floor":39.0,"turns":1.0},{"damage":50.0,"enemies":"Giant Head","floor":40.0,"turns":6.0},{"damage":15.0,"enemies":"Jaw Worm Horde","floor":41.0,"turns":4.0},{"damage":6.0,"enemies":"Writhing Mass","floor":42.0,"turns":1.0},{"damage":18.0,"enemies":"Maw","floor":45.0,"turns":4.0},{"damage":0.0,"enemies":"4 Shapes","floor":48.0,"turns":4.0},{"damage":88,"enemies":"Awakened One","floor":50,"turns":6}],"seed_played":"-8152836915217473389","potions_obtained":[{"floor":1.0,"key":"SpeedPotion"},{"floor":2.0,"key":"LiquidBronze"},{"floor":2.0,"key":"Strength Potion"},{"floor":5.0,"key":"SpeedPotion"},{"floor":8.0,"key":"Explosive Potion"},{"floor":12.0,"key":"Weak Potion"},{"floor":18.0,"key":"GamblersBrew"},{"floor":25.0,"key":"SkillPotion"},{"floor":30.0,"key":"SpeedPotion"},{"floor":31.0,"key":"AttackPotion"},{"floor":35.0,"key":"Energy Potion"},{"floor":40.0,"key":"Strength Potion"},{"floor":42.0,"key":"Explosive Potion"},{"floor":48.0,"key":"BloodPotion"}],"is_trial":false,"path_per_floor":["M","?","$","M","M","R","M","E","T","R","?","E","M","$","R","B",null,"M","?","M","$","?","R","?","M","T","R","$","M","M","M","R","B",null,"M","?","$","M","M","E","M","M","T","$","M","?","?","M","R","B"],"character_chosen":"IRONCLAD","items_purchased":["Toxic Egg 2","Regal Pillow"],"campfire_rested":3,"item_purchase_floors":[14,44],"current_hp_per_floor":[75,75,75,80,76,76,73,25,25,49,75,59,64,64,64,13,63,58,58,52,52,15,48,48,48,48,57,57,47,49,49,58,30,68,74,74,74,72,72,28,19,19,19,19,7,7,27,33,80,0],"gold":10,"neow_bonus":"HUNDRED_GOLD","is_prod":false,"is_daily":false,"chose_seed":false,"campfire_upgraded":4,"win_rate":0,"timestamp":1556785925,"path_taken":["M","?","$","?","M","R","M","E","T","R","?","E","M","$","R","BOSS","M","?","M","$","?","R","?","M","T","R","$","M","M","M","R","BOSS","M","?","$","M","M","E","?","M","T","$","?","?","?","M","R","BOSS"],"build_version":"2019-01-23","purchased_purges":4,"victory":false,"max_hp_per_floor":[80,80,80,80,80,80,80,80,80,80,80,80,80,80,80,80,80,80,80,80,80,80,80,80,80,80,80,80,80,80,80,80,80,80,80,80,80,80,80,80,80,80,80,80,80,80,80,80,80,80],"card_choices":[{"not_picked":["Second Wind","Spot Weakness","Iron Wave"],"picked":"SKIP","floor":1.0},{"not_picked":["Fire Breathing","Inflame","Clothesline"],"picked":"SKIP","floor":4.0},{"not_picked":["Cleave","Clash"],"picked":"Body Slam","floor":5.0},{"not_picked":["Twin Strike","Armaments"],"picked":"Thunderclap","floor":7.0},{"not_picked":["Power Through","Pommel Strike"],"picked":"Flame Barrier","floor":8.0},{"not_picked":["Iron Wave","Exhume","Burning Pact"],"picked":"SKIP","floor":12.0},{"not_picked":["Thunderclap","Anger"],"picked":"Sword Boomerang","floor":13.0},{"not_picked":["Dark Embrace","Brutality"],"picked":"Offering+1","floor":16.0},{"not_picked":["Perfected Strike+1","Havoc+1","Inflame"],"picked":"SKIP","floor":18.0},{"not_picked":["Sword Boomerang","Bloodletting+1"],"picked":"Heavy Blade","floor":20.0},{"not_picked":["Perfected Strike","Wild Strike"],"picked":"Sword Boomerang+1","floor":22.0},{"not_picked":["Havoc+1","Clash+1","Clothesline"],"picked":"SKIP","floor":25.0},{"not_picked":["Body Slam","Pommel Strike","Shrug It Off+1"],"picked":"SKIP","floor":29.0},{"not_picked":["Clothesline","Hemokinesis+1"],"picked":"Flex+1","floor":30.0},{"not_picked":["Anger","Bloodletting+1","Sentinel+1"],"picked":"SKIP","floor":31.0},{"not_picked":["Searing Blow+1"],"picked":"SKIP","floor":35.0},{"not_picked":["Fire Breathing"],"picked":"SKIP","floor":38.0},{"not_picked":["Cleave+1"],"picked":"SKIP","floor":39.0},{"not_picked":["Intimidate+1"],"picked":"SKIP","floor":40.0},{"not_picked":["Cleave"],"picked":"SKIP","floor":41.0},{"not_picked":["Warcry+1"],"picked":"SKIP","floor":42.0},{"not_picked":["Clash"],"picked":"SKIP","floor":45.0},{"not_picked":[],"picked":"Flex+1","floor":48.0}],"player_experience":351157,"relics_obtained":[{"floor":8.0,"key":"Bronze Scales"},{"floor":9.0,"key":"Orichalcum"},{"floor":12.0,"key":"Pen Nib"},{"floor":22.0,"key":"Du-Vu Doll"},{"floor":22.0,"key":"Pantograph"},{"floor":26.0,"key":"Bag of Preparation"},{"floor":40.0,"key":"Art of War"},{"floor":43.0,"key":"Bird Faced Urn"}],"event_choices":[{"damage_healed":0.0,"max_hp_gain":0.0,"max_hp_loss":0.0,"gold_gain":0.0,"event_name":"Lab","player_choice":"Got Potions","floor":2.0,"gold_loss":0.0,"damage_taken":0.0},{"damage_healed":26.0,"max_hp_gain":0.0,"max_hp_loss":0.0,"gold_gain":0.0,"event_name":"Big Fish","player_choice":"Banana","floor":11.0,"gold_loss":0.0,"damage_taken":0.0},{"damage_healed":0.0,"max_hp_gain":0.0,"max_hp_loss":0.0,"gold_gain":0.0,"event_name":"Drug Dealer","player_choice":"Inject Mutagens","floor":19.0,"gold_loss":0.0,"damage_taken":0.0,"relics_obtained":["MutagenicStrength"]},{"damage_healed":0.0,"max_hp_gain":0.0,"max_hp_loss":0.0,"gold_gain":0.0,"event_name":"Colosseum","player_choice":"Fight","floor":22.0,"gold_loss":0.0,"damage_taken":0.0},{"damage_healed":0.0,"max_hp_gain":0.0,"max_hp_loss":0.0,"gold_gain":0.0,"event_name":"Colosseum","player_choice":"Fought Nobs","floor":22.0,"gold_loss":0.0,"damage_taken":0.0},{"damage_healed":0.0,"max_hp_gain":0.0,"max_hp_loss":0.0,"gold_gain":0.0,"event_name":"The Mausoleum","player_choice":"Opened","floor":24.0,"gold_loss":0.0,"damage_taken":0.0,"relics_obtained":["Red Skull"]},{"damage_healed":0.0,"max_hp_gain":0.0,"max_hp_loss":0.0,"gold_gain":0.0,"cards_transformed":["Strike_R"],"event_name":"Transmorgrifier","player_choice":"Transformed","floor":36.0,"gold_loss":0.0,"damage_taken":0.0,"cards_obtained":["Anger"]},{"damage_healed":0.0,"max_hp_gain":0.0,"max_hp_loss":0.0,"gold_gain":0.0,"event_name":"Tomb of Lord Red Mask","player_choice":"Paid","floor":46.0,"gold_loss":63.0,"damage_taken":0.0,"relics_obtained":["Red Mask"]},{"damage_healed":20.0,"max_hp_gain":0.0,"max_hp_loss":0.0,"gold_gain":0.0,"event_name":"Winding Halls","player_choice":"Writhe","floor":47.0,"gold_loss":0.0,"damage_taken":0.0,"cards_obtained":["Writhe"]}],"is_beta":false,"boss_relics":[{"not_picked":["Velvet Choker","Runic Pyramid"],"picked":"Eternal Feather"},{"not_picked":["Fusion Hammer","Black Star"],"picked":"Busted Crown"}],"items_purged_floors":[3,21,28,37],"is_endless":false,"potions_floor_spawned":[1,5,8,12,18,25,30,31,35,40,42,48],"killed_by":"Awakened One","ascension_level":12}