{"gold_per_floor":[114,114,129,144,159,174,174,189,239,239,164,164,194,209,209,309,309,324,324],"floor_reached":19,"playtime":736,"items_purged":["Pain"],"score":171,"play_id":"ac585536-98de-455e-af04-a0729965a408","local_time":"20190210030517","daily_mods":["Cursed Run","Blue Cards","DeadlyEvents"],"is_ascension_mode":false,"campfire_choices":[{"data":"Flex","floor":10,"key":"SMITH"},{"floor":12,"key":"REST"},{"floor":15,"key":"REST"}],"neow_cost":"","seed_source_timestamp":64025241170800,"circlet_count":0,"master_deck":["Strike_R","Strike_R","Strike_R","Strike_R","Strike_R","Defend_R","Defend_R","Defend_R","Defend_R","Bash+1","Flex+1","Inflame+1","Clumsy","Creative AI","Hello World"],"special_seed":17937,"relics":["Cursed Key","Darkstone Periapt","Du-Vu Doll","Dodecahedron","Bronze Scales","Potion Belt","Sozu"],"potions_floor_usage":[16],"damage_taken":[{"damage":5,"enemies":"Small Slimes","floor":1,"turns":3},{"damage":6,"enemies":"Cultist","floor":3,"turns":3},{"damage":6,"enemies":"2 Louse","floor":4,"turns":3},{"damage":0,"enemies":"Large Slime","floor":5,"turns":4},{"damage":4,"enemies":"Exordium Wildlife","floor":6,"turns":3},{"damage":10,"enemies":"Looter","floor":8,"turns":3},{"damage":31,"enemies":"Lagavulin","floor":13,"turns":3},{"damage":4,"enemies":"2 Fungi Beasts","floor":14,"turns":3},{"damage":42,"enemies":"Slime Boss","floor":16,"turns":10},{"damage":10,"enemies":"Chosen","floor":18,"turns":4},{"damage":42,"enemies":"Colosseum Slavers","floor":19,"turns":5},{"damage":49,"enemies":"Colosseum Nobs","floor":19,"turns":3}],"seed_played":"-8803609640175454799","potions_obtained":[{"floor":3,"key":"SpeedPotion"},{"floor":5,"key":"EssenceOfSteel"},{"floor":8,"key":"Block Potion"},{"floor":16,"key":"Dexterity Potion"}],"is_trial":false,"path_per_floor":["M","?","M","M","M","M","?","M","T","R","$","R","E","M","R","B",null,"M","?"],"character_chosen":"IRONCLAD","items_purchased":[],"campfire_rested":2,"item_purchase_floors":[],"current_hp_per_floor":[75,75,69,63,63,59,43,33,39,39,39,64,33,29,54,18,92,82,0],"gold":324,"neow_bonus":"","is_prod":false,"is_daily":true,"chose_seed":false,"campfire_upgraded":1,"win_rate":0,"timestamp":1549796717,"path_taken":["M","?","M","M","?","M","?","M","T","R","?","R","?","M","R","BOSS","M","?"],"build_version":"2019-01-23","purchased_purges":1,"victory":false,"max_hp_per_floor":[80,80,80,80,80,80,80,80,86,86,86,86,86,86,86,92,92,92,92],"card_choices":[{"not_picked":["Redo","Conserve Battery"],"picked":"Sword Boomerang","floor":1},{"not_picked":["Metallicize","Thunderclap"],"picked":"Flex","floor":3},{"not_picked":["Gash","Beam Cell"],"picked":"Inflame","floor":4},{"not_picked":["Steam","Bloodletting","Cold Snap"],"picked":"SKIP","floor":5},{"not_picked":["Anger","Conserve Battery","Iron Wave"],"picked":"SKIP","floor":6},{"not_picked":["Feed","Hello World","Iron Wave"],"picked":"SKIP","floor":8},{"not_picked":["Clothesline","Chill","Sentinel"],"picked":"SKIP","floor":13},{"not_picked":["Stack","Redo","Clothesline"],"picked":"SKIP","floor":14},{"not_picked":["Dark Embrace","Bludgeon"],"picked":"Creative AI","floor":16},{"not_picked":["Chill","Feel No Pain"],"picked":"Hello World","floor":18}],"player_experience":107422,"relics_obtained":[{"floor":9,"key":"Bronze Scales"},{"floor":13,"key":"Potion Belt"}],"event_choices":[{"cards_removed":["Sword Boomerang"],"damage_healed":0,"gold_gain":0,"player_choice":"Gave Card","damage_taken":0,"relics_obtained":["Dodecahedron"],"max_hp_gain":0,"max_hp_loss":0,"event_name":"WeMeetAgain","floor":2,"gold_loss":0},{"damage_healed":0,"gold_gain":0,"player_choice":"Entered Light","damage_taken":16,"max_hp_gain":0,"max_hp_loss":0,"event_name":"Shining Light","floor":7,"gold_loss":0,"cards_upgraded":["Bash","Inflame"]},{"damage_healed":0,"gold_gain":0,"player_choice":"Fight","damage_taken":0,"max_hp_gain":0,"max_hp_loss":0,"event_name":"Colosseum","floor":19,"gold_loss":0},{"damage_healed":0,"gold_gain":0,"player_choice":"Fought Nobs","damage_taken":0,"max_hp_gain":0,"max_hp_loss":0,"event_name":"Colosseum","floor":19,"gold_loss":0}],"is_beta":false,"boss_relics":[{"not_picked":["Coffee Dripper","Busted Crown"],"picked":"Sozu"}],"items_purged_floors":[11],"is_endless":false,"potions_floor_spawned":[3,5,8,16,19],"killed_by":"Colosseum Nobs","ascension_level":0}