{"gold_per_floor":[215,215,236,236,254,294,318,361,361,379,392,411,427,427],"floor_reached":14,"playtime":951,"items_purged":[],"score":111,"play_id":"b0dd39c0-b6d9-4a36-988c-f5afd4e50e9f","local_time":"20190730221435","is_ascension_mode":true,"campfire_choices":[],"neow_cost":"NONE","seed_source_timestamp":191801356239900,"circlet_count":0,"master_deck":["Strike_R","Strike_R","Strike_R","Strike_R","Strike_R","Defend_R","Defend_R","Defend_R","Defend_R","Bash","Searing Blow","Cleave","Shrug It Off","Clothesline","Whirlwind","Spot Weakness","Spot Weakness"],"relics":["Burning Blood","Golden Idol","Peace Pipe","Self Forming Clay","Ornamental Fan","Shuriken"],"potions_floor_usage":[8,12],"damage_taken":[{"damage":13,"enemies":"Jaw Worm","floor":1,"turns":3},{"damage":2,"enemies":"2 Louse","floor":3,"turns":2},{"damage":0,"enemies":"Small Slimes","floor":5,"turns":3},{"damage":36,"enemies":"Gremlin Nob","floor":6,"turns":5},{"damage":6,"enemies":"3 Louse","floor":7,"turns":3},{"damage":46,"enemies":"Lagavulin","floor":8,"turns":8},{"damage":1,"enemies":"Exordium Thugs","floor":10,"turns":4},{"damage":10,"enemies":"2 Fungi Beasts","floor":11,"turns":4},{"damage":11,"enemies":"Red Slaver","floor":12,"turns":4},{"damage":10,"enemies":"Exordium Thugs","floor":13,"turns":5},{"damage":21,"enemies":"Gremlin Nob","floor":14,"turns":3}],"seed_played":"119494036893288854","potions_obtained":[{"floor":1,"key":"BloodPotion"},{"floor":3,"key":"BloodPotion"},{"floor":10,"key":"SkillPotion"},{"floor":12,"key":"SkillPotion"}],"is_trial":false,"path_per_floor":["M","?","M","?","M","E","M","E","T","M","M","M","M","E"],"character_chosen":"IRONCLAD","items_purchased":[],"campfire_rested":0,"item_purchase_floors":[],"current_hp_per_floor":[73,73,74,56,62,32,32,10,10,15,11,24,20,0],"gold":427,"neow_bonus":"HUNDRED_GOLD","is_prod":false,"is_daily":false,"chose_seed":false,"campfire_upgraded":0,"win_rate":0,"timestamp":1564546475,"path_taken":["M","?","M","?","M","E","M","E","T","M","M","M","M","E"],"build_version":"2019-07-17","purchased_purges":0,"victory":false,"max_hp_per_floor":[80,74,74,74,74,74,74,74,74,74,74,74,74,74],"card_choices":[{"not_picked":["Perfected Strike","Second Wind"],"picked":"Searing Blow","floor":1},{"not_picked":["Warcry","Twin Strike"],"picked":"Cleave","floor":3},{"not_picked":["Warcry","Dual Wield","Wild Strike"],"picked":"SKIP","floor":5},{"not_picked":["Intimidate","Headbutt"],"picked":"Shrug It Off","floor":6},{"not_picked":["Twin Strike","Warcry"],"picked":"Clothesline","floor":7},{"not_picked":["Hemokinesis","Clash"],"picked":"Whirlwind","floor":8},{"not_picked":["Body Slam","Cleave"],"picked":"Spot Weakness","floor":10},{"not_picked":["Dark Embrace","Seeing Red"],"picked":"Spot Weakness","floor":11},{"not_picked":["Clash","Warcry","Dropkick"],"picked":"SKIP","floor":12},{"not_picked":["Twin Strike","Warcry","Bloodletting"],"picked":"SKIP","floor":13}],"player_experience":89040,"relics_obtained":[{"floor":6,"key":"Self Forming Clay"},{"floor":8,"key":"Ornamental Fan"},{"floor":9,"key":"Shuriken"}],"event_choices":[{"damage_healed":0,"gold_gain":0,"player_choice":"Lose Max HP","damage_taken":0,"relics_obtained":["Golden Idol"],"max_hp_gain":0,"max_hp_loss":6,"event_name":"Golden Idol","floor":2,"gold_loss":0},{"damage_healed":0,"gold_gain":0,"player_choice":"Success","damage_taken":18,"relics_obtained":["Peace Pipe"],"max_hp_gain":0,"max_hp_loss":0,"event_name":"Scrap Ooze","floor":4,"gold_loss":0}],"is_beta":false,"boss_relics":[],"items_purged_floors":[],"is_endless":false,"potions_floor_spawned":[1,3,10,12],"killed_by":"Gremlin Nob","ascension_level":1}