{"gold_per_floor":[113,113,38,56,56,56,72,72,99,44,44,87,87,28,28,119,182,203,203,103,103,28,28],"floor_reached":23,"playtime":767,"items_purged":["Strike_R","Strike_R"],"score":357,"play_id":"3532af0b-df08-4dd0-8789-24eac1b5f24b","local_time":"20190731191100","is_ascension_mode":true,"campfire_choices":[{"data":"Bludgeon","floor":6,"key":"SMITH"},{"data":"Bash","floor":11,"key":"SMITH"},{"data":"Shrug It Off","floor":15,"key":"SMITH"}],"neow_cost":"TEN_PERCENT_HP_LOSS","seed_source_timestamp":58990596207900,"circlet_count":0,"master_deck":["AscendersBane","Strike_R","Strike_R","Defend_R+1","Defend_R","Defend_R+1","Bash+1","Bludgeon+1","Entrench+1","Shrug It Off","Shrug It Off+1","Barricade","Flame Barrier"],"relics":["Burning Blood","Bloody Idol","Letter Opener","War Paint","Orichalcum","Tiny House"],"potions_floor_usage":[12,16,18,23],"damage_taken":[{"damage":18,"enemies":"Small Slimes","floor":1,"turns":3},{"damage":2,"enemies":"Jaw Worm","floor":4,"turns":3},{"damage":6,"enemies":"2 Louse","floor":7,"turns":4},{"damage":17,"enemies":"3 Sentries","floor":12,"turns":8},{"damage":18,"enemies":"The Guardian","floor":16,"turns":8},{"damage":16,"enemies":"Spheric Guardian","floor":18,"turns":6},{"damage":61,"enemies":"Slavers","floor":23,"turns":4}],"seed_played":"-7753111346433995620","potions_obtained":[{"floor":7,"key":"Explosive Potion"},{"floor":12,"key":"FearPotion"},{"floor":17,"key":"SkillPotion"},{"floor":18,"key":"FearPotion"}],"is_trial":false,"path_per_floor":["M","?","$","M","?","R","M","T","T","$","R","E","?","$","R","B",null,"M","?","$","?","?","E"],"character_chosen":"IRONCLAD","items_purchased":["Shrug It Off","Shrug It Off"],"campfire_rested":0,"item_purchase_floors":[10,14],"current_hp_per_floor":[56,56,56,60,53,53,53,53,53,53,53,42,47,47,47,35,64,54,54,54,54,54,0],"gold":28,"neow_bonus":"THREE_RARE_CARDS","is_prod":false,"is_daily":false,"chose_seed":false,"campfire_upgraded":3,"win_rate":0,"timestamp":1564625460,"path_taken":["M","?","$","M","?","R","M","?","T","$","R","E","?","$","R","BOSS","M","?","$","?","?","E"],"build_version":"2019-07-17","purchased_purges":2,"victory":false,"max_hp_per_floor":[68,62,62,62,62,62,62,62,62,62,62,62,67,67,67,67,72,72,72,72,72,72,72],"card_choices":[{"not_picked":["Demon Form","Berserk"],"picked":"Bludgeon","floor":0},{"not_picked":["Perfected Strike","Pommel Strike","Clothesline"],"picked":"SKIP","floor":1},{"not_picked":["Reckless Charge","Spot Weakness","Fire Breathing"],"picked":"SKIP","floor":4},{"not_picked":["Metallicize","Rage"],"picked":"Entrench","floor":7},{"not_picked":["Infernal Blade","Corruption","Power Through"],"picked":"SKIP","floor":12},{"not_picked":["Bludgeon","Exhume"],"picked":"Barricade","floor":16},{"not_picked":["Anger","Thunderclap"],"picked":"Flame Barrier","floor":18}],"player_experience":486433,"relics_obtained":[{"floor":8,"key":"Letter Opener"},{"floor":9,"key":"War Paint"},{"floor":12,"key":"Orichalcum"}],"event_choices":[{"damage_healed":0,"gold_gain":0,"player_choice":"Lose Max HP","damage_taken":0,"relics_obtained":["Golden Idol"],"max_hp_gain":0,"max_hp_loss":6,"event_name":"Golden Idol","floor":2,"gold_loss":0},{"cards_removed":["Strike_R"],"damage_healed":0,"gold_gain":0,"player_choice":"Card Removal","damage_taken":7,"max_hp_gain":0,"max_hp_loss":0,"event_name":"Golden Wing","floor":5,"gold_loss":0},{"damage_healed":0,"gold_gain":0,"player_choice":"Donut","damage_taken":0,"max_hp_gain":5,"max_hp_loss":0,"event_name":"Big Fish","floor":13,"gold_loss":0},{"damage_healed":0,"gold_gain":0,"player_choice":"Gave Idol","damage_taken":0,"relics_obtained":["Bloody Idol"],"max_hp_gain":0,"max_hp_loss":0,"event_name":"Forgotten Altar","floor":19,"relics_lost":["Golden Idol"],"gold_loss":0},{"damage_healed":0,"gold_gain":0,"player_choice":"Ignored","damage_taken":0,"max_hp_gain":0,"max_hp_loss":0,"event_name":"The Mausoleum","floor":21,"gold_loss":0},{"cards_removed":["Defend_R"],"damage_healed":0,"gold_gain":0,"player_choice":"Gave Gold","damage_taken":0,"max_hp_gain":0,"max_hp_loss":0,"event_name":"Beggar","floor":22,"gold_loss":75}],"is_beta":false,"boss_relics":[{"not_picked":["Empty Cage","Ectoplasm"],"picked":"Tiny House"}],"items_purged_floors":[3,20],"is_endless":false,"potions_floor_spawned":[7,12,18],"killed_by":"Slavers","ascension_level":19}