{"gold_per_floor":[110,185,36,36,53,84,84,115,115,172,192,207,57,73,73,178,178,160,160,16,16,30,30,57,75,99,99,113,113,13,28,28,125,125,145,77,90,100,0,0,18,45,123,123,123],"floor_reached":45,"playtime":3178,"items_purged":["Strike_R","Strike_R"],"score":628,"play_id":"119c5c4d-701e-47a0-9bca-11ab15b5cfc7","local_time":"20180726232614","is_ascension_mode":true,"campfire_choices":[{"data":"Bash","floor":7,"key":"SMITH"},{"data":"Uppercut","floor":15,"key":"SMITH"},{"data":"Demon Form","floor":23,"key":"SMITH"},{"floor":27,"key":"REST"},{"floor":29,"key":"REST"},{"data":"Heavy Blade","floor":32,"key":"SMITH"},{"floor":40,"key":"REST"}],"neow_cost":"NONE","seed_source_timestamp":1374441720973225,"circlet_count":0,"master_deck":["Strike_R","Strike_R","Strike_R","Defend_R","Defend_R","Defend_R","Defend_R","Bash+1","Twin Strike","Dual Wield","Shrug It Off","Headbutt","Cleave","Flex","Inflame","Uppercut+1","Demon Form+1","Metallicize","Dropkick","Pommel Strike","Heavy Blade+1","Flame Barrier","Barricade","Perfected Strike+1","Metallicize","Entrench+1","Double Tap"],"relics":["Burning Blood","NeowsBlessing","Vajra","Charon\u0027s Ashes","Oddly Smooth Stone","Gambling Chip","Singing Bowl","Sozu","Lantern","Ancient Tea Set","Boot","Fusion Hammer","Molten Egg 2","Paper Frog","Letter Opener"],"potions_floor_usage":[10,16,33,45],"damage_taken":[{"damage":0,"enemies":"2 Louse","floor":1,"turns":1},{"damage":0,"enemies":"Small Slimes","floor":5,"turns":1},{"damage":0,"enemies":"Gremlin Nob","floor":6,"turns":1},{"damage":32,"enemies":"Lagavulin","floor":8,"turns":6},{"damage":8,"enemies":"Gremlin Nob","floor":10,"turns":3},{"damage":3,"enemies":"Jaw Worm","floor":11,"turns":2},{"damage":4,"enemies":"Exordium Thugs","floor":12,"turns":5},{"damage":2,"enemies":"Looter","floor":14,"turns":2},{"damage":47,"enemies":"The Guardian","floor":16,"turns":11},{"damage":17,"enemies":"2 Thieves","floor":18,"turns":4},{"damage":14,"enemies":"3 Byrds","floor":22,"turns":4},{"damage":33,"enemies":"Book of Stabbing","floor":24,"turns":6},{"damage":12,"enemies":"Snecko","floor":25,"turns":3},{"damage":9,"enemies":"Chosen and Byrds","floor":28,"turns":6},{"damage":4,"enemies":"3 Cultists","floor":31,"turns":4},{"damage":82,"enemies":"Automaton","floor":33,"turns":7},{"damage":16,"enemies":"3 Shapes","floor":35,"turns":5},{"damage":37,"enemies":"3 Darklings","floor":37,"turns":5},{"damage":28,"enemies":"Flame Bruiser 2 Orb","floor":38,"turns":5},{"damage":15,"enemies":"Transient","floor":41,"turns":5},{"damage":40,"enemies":"Giant Head","floor":42,"turns":7},{"damage":17,"enemies":"4 Shapes","floor":45,"turns":3}],"seed_played":"6113324706088520017","potions_obtained":[{"floor":1,"key":"FearPotion"},{"floor":5,"key":"Regen Potion"},{"floor":11,"key":"Block Potion"},{"floor":16,"key":"FearPotion"}],"is_trial":false,"path_per_floor":["M","?","$","$","M","E","R","E","T","?","M","M","$","M","R","B",null,"M","?","$","?","M","R","E","M","T","R","M","R","$","M","R","B",null,"M","$","M","M","$","R","M","E","T","T"],"character_chosen":"IRONCLAD","items_purchased":["Vajra","Inflame","Uppercut","Lantern","Heavy Blade","Metallicize"],"campfire_rested":3,"item_purchase_floors":[3,13,13,20,30,36],"current_hp_per_floor":[80,69,69,69,75,80,80,54,54,57,62,64,64,70,70,29,84,73,73,73,73,67,67,42,36,36,62,59,85,85,87,87,11,88,78,78,49,27,27,54,47,13,13,13,0],"gold":123,"neow_bonus":"THREE_ENEMY_KILL","is_prod":false,"is_daily":false,"chose_seed":false,"campfire_upgraded":4,"win_rate":0,"timestamp":1532643974,"path_taken":["M","?","?","$","M","E","R","E","T","?","M","?","$","?","R","BOSS","M","?","$","?","M","R","E","M","T","R","M","R","?","?","R","BOSS","M","?","M","M","$","R","M","E","T","?","?"],"build_version":"2018-07-19v2","purchased_purges":2,"victory":false,"max_hp_per_floor":[80,80,80,80,80,80,80,80,80,80,82,82,82,84,84,84,84,84,84,84,84,86,86,88,88,88,88,88,88,88,88,88,88,88,88,88,90,90,90,90,92,92,92,92,92],"card_choices":[{"not_picked":["Clash","Havoc"],"picked":"Twin Strike","floor":1},{"not_picked":["Sword Boomerang","Anger"],"picked":"Dual Wield","floor":5},{"not_picked":["Sever Soul","Exhume"],"picked":"Shrug It Off","floor":6},{"not_picked":["Corruption","Feel No Pain"],"picked":"Headbutt","floor":8},{"not_picked":["Sword Boomerang","Power Through"],"picked":"Cleave","floor":10},{"not_picked":["Warcry","Fire Breathing","Combust"],"picked":"Singing Bowl","floor":11},{"not_picked":["Bloodletting","Burning Pact"],"picked":"Flex","floor":12},{"not_picked":["Corruption","Battle Trance","Warcry"],"picked":"Singing Bowl","floor":14},{"not_picked":["Berserk","Brutality"],"picked":"Demon Form","floor":16},{"not_picked":["Feel No Pain","Armaments"],"picked":"Metallicize","floor":18},{"not_picked":["Dual Wield","Shrug It Off","Metallicize+1"],"picked":"Singing Bowl","floor":22},{"not_picked":["Power Through","Headbutt+1","Uppercut"],"picked":"Singing Bowl","floor":24},{"not_picked":["Perfected Strike","Anger"],"picked":"Dropkick","floor":25},{"not_picked":["Warcry","Brutality"],"picked":"Pommel Strike","floor":28},{"not_picked":["Uppercut","Cleave"],"picked":"Flame Barrier","floor":31},{"not_picked":["Double Tap","Juggernaut"],"picked":"Barricade","floor":33},{"not_picked":["Anger","Shockwave+1"],"picked":"Perfected Strike+1","floor":35},{"not_picked":["Sever Soul+1","Pommel Strike","Burning Pact+1"],"picked":"Singing Bowl","floor":37},{"not_picked":["Iron Wave+1","Flex+1"],"picked":"Entrench+1","floor":38},{"not_picked":["Anger","Flex","Wild Strike"],"picked":"Singing Bowl","floor":41},{"not_picked":["Inflame","Shrug It Off+1"],"picked":"Double Tap","floor":42}],"player_experience":513205,"relics_obtained":[{"floor":6,"key":"Charon\u0027s Ashes"},{"floor":8,"key":"Oddly Smooth Stone"},{"floor":9,"key":"Gambling Chip"},{"floor":10,"key":"Singing Bowl"},{"floor":24,"key":"Ancient Tea Set"},{"floor":26,"key":"Boot"},{"floor":42,"key":"Molten Egg 2"},{"floor":43,"key":"Paper Frog"},{"floor":44,"key":"Letter Opener"}],"event_choices":[{"event_name":"World of Goop","player_choice":"Gather Gold","floor":2,"damage_taken":0},{"event_name":"Dead Adventurer","player_choice":"Searched \u00271\u0027 times","floor":10,"damage_taken":0},{"event_name":"Drug Dealer","player_choice":"Ignored","floor":19,"damage_taken":0},{"event_name":"Ghosts","player_choice":"Ignored","floor":21,"damage_taken":0}],"is_beta":false,"boss_relics":[{"not_picked":["Velvet Choker","Black Star"],"picked":"Sozu"},{"not_picked":["Orrery","Runic Cube"],"picked":"Fusion Hammer"}],"items_purged_floors":[30,39],"is_endless":false,"potions_floor_spawned":[1,5,11,16,22,28,31,33,37,41],"killed_by":"4 Shapes","ascension_level":4}