{"gold_per_floor":[118,17,92,42,52,52,52,52,76,76,76,88,88,116,116,116],"floor_reached":16,"playtime":696,"items_purged":["Strike_R"],"score":86,"play_id":"aeadbd90-3df2-44c3-88ab-32f6cfe954a8","local_time":"20190206234324","is_ascension_mode":false,"campfire_choices":[{"data":"Pommel Strike","floor":6,"key":"SMITH"},{"data":"Flex","floor":8,"key":"SMITH"},{"data":"Bash","floor":10,"key":"SMITH"},{"data":"Armaments","floor":13,"key":"SMITH"},{"data":"Defend_R","floor":15,"key":"SMITH"}],"neow_cost":"NONE","seed_source_timestamp":4016968040936,"circlet_count":0,"master_deck":["Strike_R","Strike_R","Strike_R","Defend_R","Defend_R","Defend_R","Defend_R+1","Bash+1","Flex+1","Pommel Strike+1","Armaments+1"],"relics":["Burning Blood","NeowsBlessing","Boot","Odd Mushroom"],"potions_floor_usage":[14,14],"damage_taken":[{"damage":0,"enemies":"2 Louse","floor":1,"turns":1},{"damage":0,"enemies":"Small Slimes","floor":5,"turns":1},{"damage":0,"enemies":"Cultist","floor":12,"turns":1},{"damage":18,"enemies":"The Mushroom Lair","floor":14,"turns":5},{"damage":63,"enemies":"Slime Boss","floor":16,"turns":11}],"seed_played":"-7792352378433488998","potions_obtained":[{"floor":1,"key":"PowerPotion"},{"floor":12,"key":"GamblersBrew"}],"is_trial":false,"path_per_floor":["M","$","?","?","M","R","?","R","T","R","$","M","R","?","R","B"],"character_chosen":"IRONCLAD","items_purchased":["Flex"],"campfire_rested":0,"item_purchase_floors":[2],"current_hp_per_floor":[80,80,69,69,75,75,67,67,67,67,67,73,73,61,61,0],"gold":116,"neow_bonus":"THREE_ENEMY_KILL","is_prod":false,"is_daily":false,"chose_seed":false,"campfire_upgraded":5,"win_rate":0.0,"timestamp":1549525404,"path_taken":["M","$","?","?","M","R","?","R","T","R","$","?","R","?","R","BOSS"],"build_version":"2019-01-23","purchased_purges":1,"victory":false,"max_hp_per_floor":[80,80,80,80,80,80,80,80,80,80,80,80,80,80,80,80],"card_choices":[{"not_picked":["Burning Pact","Ghostly Armor","Wild Strike"],"picked":"SKIP","floor":1},{"not_picked":["Flex","Armaments"],"picked":"Pommel Strike","floor":5},{"not_picked":["Sword Boomerang","Headbutt"],"picked":"Armaments","floor":12}],"player_experience":58945,"relics_obtained":[{"floor":9,"key":"Boot"},{"floor":14,"key":"Odd Mushroom"}],"event_choices":[{"damage_healed":0,"gold_gain":75,"player_choice":"Gather Gold","damage_taken":11,"max_hp_gain":0,"max_hp_loss":0,"event_name":"World of Goop","floor":3,"gold_loss":0},{"cards_removed":["Strike_R"],"damage_healed":0,"gold_gain":0,"player_choice":"Card Removal","damage_taken":0,"max_hp_gain":0,"max_hp_loss":0,"event_name":"The Cleric","floor":4,"gold_loss":50},{"damage_healed":0,"gold_gain":0,"player_choice":"Damaged","damage_taken":8,"max_hp_gain":0,"max_hp_loss":0,"event_name":"Wheel of Change","floor":7,"gold_loss":0},{"damage_healed":0,"gold_gain":0,"player_choice":"Fought Mushrooms","damage_taken":0,"max_hp_gain":0,"max_hp_loss":0,"event_name":"Mushrooms","floor":14,"gold_loss":0}],"is_beta":false,"boss_relics":[],"items_purged_floors":[2],"is_endless":false,"potions_floor_spawned":[1,12],"killed_by":"Slime Boss","ascension_level":0}