{"gold_per_floor":[214,214,228,244,19,19,35,87,87,87,87,105,119,138,138,243,243,263,163,163,38,56,56,56,66,145,178,189,207,207,207,207,308,308,326,326,176,176,187,187,198,198,225,225,50,70,170,180,180,180],"floor_reached":50,"playtime":1844,"items_purged":["Strike_G","Strike_G","Strike_G","Defend_G","Doubt"],"score":521,"play_id":"68ee099f-8ee6-4fa3-9713-aa1580d32b76","local_time":"20190405162518","is_ascension_mode":true,"campfire_choices":[{"data":"Grand Finale","floor":6.0,"key":"SMITH"},{"data":"Quick Slash","floor":10.0,"key":"SMITH"},{"floor":15.0,"key":"REST"},{"floor":23.0,"key":"REST"},{"floor":30.0,"key":"REST"},{"floor":32.0,"key":"REST"},{"floor":40,"key":"REST"},{"data":"Grand Finale","floor":42,"key":"SMITH"},{"data":"Bouncing Flask","floor":44,"key":"SMITH"},{"floor":49,"key":"REST"}],"neow_cost":"NONE","seed_source_timestamp":0,"circlet_count":0,"master_deck":["Defend_G","Defend_G","Defend_G","Survivor","Neutralize","Bane+1","Quick Slash+1","Predator","Grand Finale+1","Blur","Bouncing Flask+1","Grand Finale+1","Backflip","Necronomicurse","Backflip+1"],"special_seed":0,"relics":["Ring of the Snake","Centennial Puzzle","Regal Pillow","Empty Cage","Toxic Egg 2","Sundial","Red Mask","Necronomicon","Cursed Key","Happy Flower","Calipers"],"potions_floor_usage":[33,33,48,50,50,50,50],"damage_taken":[{"damage":7.0,"enemies":"2 Louse","floor":1.0,"turns":4.0},{"damage":0.0,"enemies":"Cultist","floor":3.0,"turns":4.0},{"damage":2.0,"enemies":"Jaw Worm","floor":4.0,"turns":5.0},{"damage":14.0,"enemies":"Lots of Slimes","floor":7.0,"turns":6.0},{"damage":13.0,"enemies":"Large Slime","floor":12.0,"turns":2.0},{"damage":9.0,"enemies":"Exordium Wildlife","floor":13.0,"turns":5.0},{"damage":10.0,"enemies":"3 Louse","floor":14.0,"turns":3.0},{"damage":25.0,"enemies":"The Guardian","floor":16.0,"turns":9.0},{"damage":40.0,"enemies":"Shell Parasite","floor":18.0,"turns":5.0},{"damage":8.0,"enemies":"Chosen","floor":22.0,"turns":2.0},{"damage":19.0,"enemies":"Snake Plant","floor":25.0,"turns":2.0},{"damage":2.0,"enemies":"Masked Bandits","floor":27.0,"turns":2.0},{"damage":10.0,"enemies":"3 Cultists","floor":28.0,"turns":4.0},{"damage":3.0,"enemies":"Chosen and Byrds","floor":29.0,"turns":3.0},{"damage":32,"enemies":"Collector","floor":33,"turns":7},{"damage":41,"enemies":"3 Shapes","floor":35,"turns":9},{"damage":23,"enemies":"Orb Walker","floor":39,"turns":4},{"damage":7,"enemies":"Jaw Worm Horde","floor":41,"turns":2},{"damage":31,"enemies":"Maw","floor":46,"turns":7},{"damage":0,"enemies":"Mind Bloom Boss Battle","floor":47,"turns":3},{"damage":27,"enemies":"Transient","floor":48,"turns":5},{"damage":58,"enemies":"Donu and Deca","floor":50,"turns":4}],"seed_played":"1668323819589108495","potions_obtained":[{"floor":4.0,"key":"Poison Potion"},{"floor":14.0,"key":"Dexterity Potion"},{"floor":16.0,"key":"PowerPotion"},{"floor":18.0,"key":"GhostInAJar"},{"floor":27.0,"key":"Regen Potion"},{"floor":33,"key":"Strength Potion"},{"floor":39,"key":"PowerPotion"},{"floor":41,"key":"EntropicBrew"}],"is_trial":false,"path_per_floor":["M","?","M","M","$","R","M","T","T","R","$","M","M","M","R","B",null,"M","$","T","$","M","R","?","M","T","?","M","M","R","?","R","B",null,"M","?","$","?","M","R","M","R","T","R","$","M","?","M","R","B"],"character_chosen":"THE_SILENT","items_purchased":["Grand Finale"],"campfire_rested":6,"item_purchase_floors":[5],"current_hp_per_floor":[63,63,63,61,61,61,47,47,47,47,47,34,25,15,51,26,70,30,30,30,30,22,58,58,39,39,37,27,24,60,44,70,38,70,29,61,61,61,38,61,54,54,54,54,54,23,23,11,44,0],"gold":180,"neow_bonus":"HUNDRED_GOLD","is_prod":false,"is_daily":false,"chose_seed":false,"campfire_upgraded":4,"win_rate":0,"timestamp":1554506718,"path_taken":["M","?","?","M","$","R","M","?","T","R","?","M","M","M","R","BOSS","M","$","?","$","M","R","?","M","T","?","M","?","R","?","R","BOSS","M","?","$","?","?","R","M","R","T","R","?","M","?","M","R","BOSS"],"build_version":"2019-01-23","purchased_purges":5,"victory":false,"max_hp_per_floor":[70,70,70,70,70,70,70,70,70,70,70,70,70,70,70,70,70,70,70,70,70,70,70,70,70,70,70,70,70,70,70,70,70,70,70,61,61,61,61,61,61,61,61,61,61,61,61,61,61,61],"card_choices":[{"not_picked":["PiercingWail","Underhanded Strike"],"picked":"Bane","floor":1.0},{"not_picked":["Well Laid Plans","Underhanded Strike"],"picked":"Quick Slash","floor":3.0},{"not_picked":["Sucker Punch","Burst"],"picked":"Predator","floor":4.0},{"not_picked":["Choke","Catalyst","Endless Agony"],"picked":"SKIP","floor":7.0},{"not_picked":["Finisher","Blade Dance","Acrobatics"],"picked":"SKIP","floor":12.0},{"not_picked":["Flying Knee","Bane"],"picked":"Blur","floor":13.0},{"not_picked":["Concentrate","PiercingWail"],"picked":"Bouncing Flask","floor":14.0},{"not_picked":["After Image","Burst"],"picked":"Grand Finale","floor":16.0},{"not_picked":["Dash","Cloak And Dagger+1"],"picked":"Backflip","floor":18.0},{"not_picked":["Slice","Bane","Finisher"],"picked":"SKIP","floor":22.0},{"not_picked":["Endless Agony","Outmaneuver+1","Riddle With Holes+1"],"picked":"SKIP","floor":25.0},{"not_picked":["Bouncing Flask+1","Blade Dance+1","Slice"],"picked":"SKIP","floor":28.0},{"not_picked":["Bouncing Flask+1","Backstab+1","Riddle With Holes"],"picked":"SKIP","floor":29.0},{"not_picked":["Backflip+1","Noxious Fumes+1","Masterful Stab"],"picked":"SKIP","floor":35},{"not_picked":["Sucker Punch","Cloak And Dagger+1","Noxious Fumes+1"],"picked":"SKIP","floor":39},{"not_picked":["Calculated Gamble+1","Masterful Stab+1","Prepared+1"],"picked":"SKIP","floor":41},{"not_picked":["Blade Dance+1","Backflip+1","Deadly Poison+1"],"picked":"SKIP","floor":46},{"not_picked":["Slice","Bouncing Flask+1","Acrobatics+1"],"picked":"SKIP","floor":48}],"player_experience":313396,"relics_obtained":[{"floor":8.0,"key":"Centennial Puzzle"},{"floor":9.0,"key":"Regal Pillow"},{"floor":20.0,"key":"Toxic Egg 2"},{"floor":26.0,"key":"Sundial"},{"floor":27.0,"key":"Red Mask"},{"floor":31.0,"key":"Necronomicon"},{"floor":43,"key":"Happy Flower"},{"floor":47,"key":"Calipers"}],"event_choices":[{"damage_healed":0.0,"max_hp_gain":0.0,"max_hp_loss":0.0,"gold_gain":0.0,"event_name":"Accursed Blacksmith","player_choice":"Forge","floor":2.0,"gold_loss":0.0,"damage_taken":0.0,"cards_upgraded":["Bane"]},{"damage_healed":0.0,"max_hp_gain":0.0,"max_hp_loss":0.0,"gold_gain":0.0,"event_name":"Vampires","player_choice":"Ignored","floor":24.0,"gold_loss":0.0,"damage_taken":0.0},{"damage_healed":0.0,"max_hp_gain":0.0,"max_hp_loss":0.0,"gold_gain":0.0,"event_name":"Masked Bandits","player_choice":"Fought Bandits","floor":27.0,"gold_loss":0.0,"damage_taken":0.0},{"damage_healed":0.0,"max_hp_gain":0.0,"max_hp_loss":0.0,"gold_gain":0.0,"event_name":"Cursed Tome","player_choice":"Obtained Book","floor":31.0,"gold_loss":0.0,"damage_taken":16.0},{"damage_healed":61,"gold_gain":0,"player_choice":"Heal","damage_taken":0,"max_hp_gain":0,"max_hp_loss":9,"event_name":"The Moai Head","floor":36,"gold_loss":0},{"damage_healed":0,"gold_gain":0,"cards_transformed":["Defend_G"],"player_choice":"Transformed","damage_taken":0,"max_hp_gain":0,"max_hp_loss":0,"event_name":"Transmorgrifier","floor":38,"gold_loss":0,"cards_obtained":["Backflip"]},{"damage_healed":0,"gold_gain":0,"player_choice":"Fight","damage_taken":0,"max_hp_gain":0,"max_hp_loss":0,"event_name":"MindBloom","floor":47,"gold_loss":0}],"is_beta":false,"boss_relics":[{"not_picked":["Coffee Dripper","Tiny House"],"picked":"Empty Cage"},{"not_picked":["White Beast Statue","Runic Dome"],"picked":"Cursed Key"}],"items_purged_floors":[5,19,21,37,45],"is_endless":false,"potions_floor_spawned":[4,14,16,18,27,33,39,41,47],"killed_by":"Donu and Deca","ascension_level":4}