{"gold_per_floor":[109,109,126,136,61,92,103,103,103,113,113,129,146,161,161,161],"floor_reached":16,"playtime":1173,"items_purged":["Strike_G"],"score":111,"play_id":"8d90eca1-75cd-4d1e-9ca1-6712075b931a","local_time":"20190216194718","is_ascension_mode":true,"campfire_choices":[{"floor":8,"key":"REST"},{"data":"Dagger Spray","floor":11,"key":"SMITH"},{"floor":15,"key":"REST"}],"neow_cost":"NONE","seed_source_timestamp":0,"circlet_count":0,"master_deck":["Defend_G","Defend_G","Defend_G","Defend_G","Defend_G","Strike_G","Strike_G","Strike_G","Survivor","Neutralize+1","Blur","Dagger Spray+1","Blur","Heel Hook","Accuracy"],"special_seed":0,"relics":["Ring of the Snake","Regal Pillow","Orichalcum"],"potions_floor_usage":[10,16],"damage_taken":[{"damage":0.0,"enemies":"Jaw Worm","floor":1.0,"turns":6.0},{"damage":0.0,"enemies":"Cultist","floor":3.0,"turns":4.0},{"damage":0.0,"enemies":"Small Slimes","floor":4.0,"turns":5.0},{"damage":54.0,"enemies":"Gremlin Nob","floor":6.0,"turns":7.0},{"damage":9.0,"enemies":"Exordium Thugs","floor":7.0,"turns":9.0},{"damage":2,"enemies":"Lots of Slimes","floor":10,"turns":6},{"damage":0,"enemies":"3 Louse","floor":12,"turns":2},{"damage":0,"enemies":"Exordium Wildlife","floor":13,"turns":2},{"damage":4,"enemies":"Exordium Thugs","floor":14,"turns":6},{"damage":36,"enemies":"Slime Boss","floor":16,"turns":6}],"seed_played":"5714431347910302359","potions_obtained":[{"floor":1.0,"key":"LiquidBronze"},{"floor":4.0,"key":"Swift Potion"},{"floor":7.0,"key":"SkillPotion"},{"floor":10,"key":"FearPotion"},{"floor":13,"key":"Regen Potion"}],"is_trial":false,"path_per_floor":["M","?","M","M","$","E","M","R","T","M","R","M","M","M","R","B"],"character_chosen":"THE_SILENT","items_purchased":[],"campfire_rested":2,"item_purchase_floors":[],"current_hp_per_floor":[70,70,70,70,70,16,7,43,43,41,41,41,41,37,70,34],"gold":161,"neow_bonus":"REMOVE_CARD","is_prod":false,"is_daily":false,"chose_seed":false,"campfire_upgraded":1,"win_rate":0,"timestamp":1550375238,"path_taken":["M","?","?","M","$","E","M","R","T","M","R","M","M","M","R","BOSS"],"build_version":"2019-01-23","purchased_purges":1,"victory":false,"max_hp_per_floor":[70,70,70,70,70,70,70,70,70,70,70,70,70,70,70,70],"card_choices":[{"not_picked":["Underhanded Strike","Flechettes"],"picked":"Blur","floor":1.0},{"not_picked":["Poisoned Stab","Predator","PiercingWail"],"picked":"SKIP","floor":3.0},{"not_picked":["Dagger Throw","Noxious Fumes","Concentrate"],"picked":"SKIP","floor":4.0},{"not_picked":["Bouncing Flask","Backflip","Outmaneuver"],"picked":"SKIP","floor":6.0},{"not_picked":["Prepared","Slice","Well Laid Plans"],"picked":"SKIP","floor":7.0},{"not_picked":["Skewer","Masterful Stab"],"picked":"Dagger Spray","floor":10},{"not_picked":["Deadly Poison","Dagger Spray"],"picked":"Blur","floor":12},{"not_picked":["Leg Sweep","Bane"],"picked":"Heel Hook","floor":13},{"not_picked":["Deadly Poison","Heel Hook"],"picked":"Accuracy","floor":14}],"player_experience":172356,"relics_obtained":[{"floor":6.0,"key":"Regal Pillow"},{"floor":9,"key":"Orichalcum"}],"event_choices":[{"damage_healed":0.0,"max_hp_gain":0.0,"max_hp_loss":0.0,"gold_gain":0.0,"event_name":"Accursed Blacksmith","player_choice":"Forge","floor":2.0,"gold_loss":0.0,"damage_taken":0.0,"cards_upgraded":["Neutralize"]}],"is_beta":false,"boss_relics":[],"items_purged_floors":[5],"is_endless":false,"potions_floor_spawned":[1,4,7,10,13],"killed_by":"Slime Boss","ascension_level":1}