{"gold_per_floor":[119,134,134,59,69,84,84,84,84,84,99,99,99,99,99,196,196,207,217,249,149,165,195,209,209,257,257,276,293,293,321,321,426,426,436,436,311,533,307,332,332,43,88,88,122,138,164,178,178,178],"floor_reached":51,"playtime":4710,"items_purged":["Strike_R","Strike_R","Defend_R","Defend_R"],"score":913,"play_id":"5628d8b3-de2f-4aaa-9ee3-0001aeb9b466","local_time":"20190207034840","is_ascension_mode":false,"campfire_choices":[{"data":"Whirlwind","floor":7,"key":"SMITH"},{"data":"Bash","floor":12,"key":"SMITH"},{"data":"Iron Wave","floor":15,"key":"SMITH"},{"data":"Barricade","floor":25,"key":"SMITH"},{"data":"Anger","floor":32,"key":"SMITH"},{"data":"Inflame","floor":41,"key":"SMITH"},{"data":"Defend_R","floor":44,"key":"SMITH"},{"floor":49,"key":"REST"}],"neow_cost":"PERCENT_DAMAGE","seed_source_timestamp":14705949109117,"circlet_count":0,"master_deck":["Defend_R+1","Bash+1","Flex+1","Whirlwind+1","Iron Wave+1","Limit Break+1","Pommel Strike+1","Infernal Blade+1","Rage+1","Barricade+1","Anger+1","Reaper+1","Dual Wield+1","Battle Trance+1","True Grit+1","Inflame+1","Dropkick+1"],"relics":["Burning Blood","Pocketwatch","Kunai","Toxic Egg 2","Black Star","Red Mask","Red Skull","Magic Flower","Orichalcum","Mango","PreservedInsect","Busted Crown","WingedGreaves","Ginger","Whetstone","Thread and Needle","Centennial Puzzle","Self Forming Clay","Bag of Preparation","Darkstone Periapt","Pen Nib"],"potions_floor_usage":[16,16,16,23,23,31,31],"damage_taken":[{"damage":1,"enemies":"Cultist","floor":1,"turns":3},{"damage":1,"enemies":"2 Louse","floor":2,"turns":4},{"damage":0,"enemies":"Small Slimes","floor":5,"turns":3},{"damage":12,"enemies":"Looter","floor":6,"turns":4},{"damage":2,"enemies":"2 Fungi Beasts","floor":11,"turns":2},{"damage":48,"enemies":"The Guardian","floor":16,"turns":9},{"damage":3,"enemies":"3 Byrds","floor":18,"turns":3},{"damage":14,"enemies":"Shell Parasite","floor":19,"turns":4},{"damage":0,"enemies":"Masked Bandits","floor":20,"turns":2},{"damage":22,"enemies":"Shelled Parasite and Fungi","floor":22,"turns":4},{"damage":54,"enemies":"Gremlin Leader","floor":23,"turns":7},{"damage":0,"enemies":"Snake Plant","floor":24,"turns":2},{"damage":17,"enemies":"Centurion and Healer","floor":28,"turns":4},{"damage":7,"enemies":"Snecko","floor":29,"turns":3},{"damage":0,"enemies":"Slavers","floor":31,"turns":1},{"damage":19,"enemies":"Automaton","floor":33,"turns":8},{"damage":33,"enemies":"3 Shapes","floor":35,"turns":3},{"damage":3,"enemies":"Giant Head","floor":40,"turns":4},{"damage":0,"enemies":"Reptomancer","floor":45,"turns":3},{"damage":3,"enemies":"3 Darklings","floor":46,"turns":3},{"damage":5,"enemies":"Giant Head","floor":47,"turns":5},{"damage":33,"enemies":"4 Shapes","floor":48,"turns":4},{"damage":48,"enemies":"Donu and Deca","floor":50,"turns":5}],"seed_played":"1740485855304492654","potions_obtained":[{"floor":2,"key":"Block Potion"},{"floor":5,"key":"AttackPotion"},{"floor":6,"key":"Block Potion"},{"floor":16,"key":"Dexterity Potion"},{"floor":22,"key":"Poison Potion"},{"floor":24,"key":"SteroidPotion"},{"floor":28,"key":"AttackPotion"},{"floor":31,"key":"SteroidPotion"},{"floor":33,"key":"Swift Potion"},{"floor":35,"key":"AttackPotion"},{"floor":48,"key":"SmokeBomb"}],"is_trial":false,"path_per_floor":["M","M","?","$","M","M","R","?","T","?","M","R","?","?","R","B",null,"M","M","?","$","M","E","M","R","T","?","M","M","?","E","R","B",null,"M","T","$","?","$","E","R","$","T","R","E","M","E","M","R","B",null],"character_chosen":"IRONCLAD","items_purchased":["Inflame","Thread and Needle"],"campfire_rested":1,"item_purchase_floors":[39,42],"current_hp_per_floor":[61,66,54,54,60,54,54,54,54,54,58,58,63,56,56,14,85,85,77,83,83,67,19,28,28,28,28,41,58,58,81,81,89,99,83,83,83,83,83,99,99,99,99,99,99,99,99,75,99,60],"gold":178,"neow_bonus":"ONE_RARE_RELIC","is_prod":false,"is_daily":false,"chose_seed":false,"campfire_upgraded":7,"win_rate":0.0,"timestamp":1549540120,"path_taken":["M","M","?","$","M","M","R","?","T","?","?","R","?","?","R","BOSS","M","M","?","$","M","E","M","R","T","?","?","?","?","E","R","BOSS","M","?","$","?","$","E","R","?","T","R","E","?","E","M","R","BOSS"],"build_version":"2019-01-23","purchased_purges":4,"victory":true,"max_hp_per_floor":[80,80,80,80,80,80,80,80,80,80,80,80,85,85,85,85,85,85,85,85,85,85,85,85,85,85,85,85,85,85,99,99,99,99,99,99,99,99,99,99,99,99,99,99,99,99,99,99,99,99],"card_choices":[{"not_picked":["Burning Pact","Havoc"],"picked":"Flex","floor":1},{"not_picked":["Sword Boomerang","Fire Breathing"],"picked":"Whirlwind","floor":2},{"not_picked":["Rupture","Clothesline","Cleave"],"picked":"SKIP","floor":5},{"not_picked":["Heavy Blade","Thunderclap"],"picked":"Iron Wave","floor":6},{"not_picked":["Body Slam","Second Wind+1","True Grit+1"],"picked":"SKIP","floor":11},{"not_picked":["Reaper","Brutality"],"picked":"Limit Break+1","floor":16},{"not_picked":["Shrug It Off+1","True Grit+1"],"picked":"Pommel Strike+1","floor":18},{"not_picked":["Shockwave+1","Cleave","Hemokinesis"],"picked":"SKIP","floor":19},{"not_picked":["Combust","Searing Blow"],"picked":"Infernal Blade+1","floor":20},{"not_picked":["Clash+1","Headbutt","Pommel Strike"],"picked":"SKIP","floor":22},{"not_picked":["Sever Soul","Clothesline"],"picked":"Rage+1","floor":23},{"not_picked":["Clash","Intimidate+1"],"picked":"Barricade","floor":24},{"not_picked":["Perfected Strike","True Grit+1"],"picked":"Dual Wield+1","floor":28},{"not_picked":["Sword Boomerang+1","Shrug It Off+1"],"picked":"Battle Trance+1","floor":29},{"not_picked":["Wild Strike","Thunderclap"],"picked":"True Grit+1","floor":31},{"not_picked":["Flex+1"],"picked":"SKIP","floor":35},{"not_picked":[],"picked":"Dropkick+1","floor":40},{"not_picked":["Rupture"],"picked":"SKIP","floor":45},{"not_picked":["Burning Pact+1"],"picked":"SKIP","floor":46},{"not_picked":["Thunderclap+1"],"picked":"SKIP","floor":47},{"not_picked":["Wild Strike+1"],"picked":"SKIP","floor":48}],"player_experience":63885,"relics_obtained":[{"floor":9,"key":"Toxic Egg 2"},{"floor":20,"key":"Red Mask"},{"floor":23,"key":"Red Skull"},{"floor":23,"key":"Magic Flower"},{"floor":26,"key":"Orichalcum"},{"floor":31,"key":"Mango"},{"floor":31,"key":"PreservedInsect"},{"floor":36,"key":"WingedGreaves"},{"floor":40,"key":"Ginger"},{"floor":40,"key":"Whetstone"},{"floor":43,"key":"Centennial Puzzle"},{"floor":45,"key":"Self Forming Clay"},{"floor":45,"key":"Bag of Preparation"},{"floor":47,"key":"Darkstone Periapt"},{"floor":47,"key":"Pen Nib"}],"event_choices":[{"damage_healed":0,"gold_gain":0,"player_choice":"Success","damage_taken":12,"relics_obtained":["Kunai"],"max_hp_gain":0,"max_hp_loss":0,"event_name":"Scrap Ooze","floor":3,"gold_loss":0},{"cards_removed":["Strike_R"],"damage_healed":0,"gold_gain":0,"player_choice":"Forget","damage_taken":0,"max_hp_gain":0,"max_hp_loss":0,"event_name":"Living Wall","floor":8,"gold_loss":0},{"damage_healed":0,"gold_gain":0,"player_choice":"Upgraded","damage_taken":0,"max_hp_gain":0,"max_hp_loss":0,"event_name":"Upgrade Shrine","floor":10,"gold_loss":0,"cards_upgraded":["Flex"]},{"damage_healed":0,"gold_gain":0,"player_choice":"Donut","damage_taken":0,"max_hp_gain":5,"max_hp_loss":0,"event_name":"Big Fish","floor":13,"gold_loss":0},{"cards_removed":["Strike_R"],"damage_healed":0,"gold_gain":0,"player_choice":"Card Removal","damage_taken":7,"max_hp_gain":0,"max_hp_loss":0,"event_name":"Golden Wing","floor":14,"gold_loss":0},{"damage_healed":0,"gold_gain":0,"player_choice":"Fought Bandits","damage_taken":0,"max_hp_gain":0,"max_hp_loss":0,"event_name":"Masked Bandits","floor":20,"gold_loss":0},{"damage_healed":0,"gold_gain":0,"cards_transformed":["Defend_R","Strike_R"],"player_choice":"Became Test Subject","damage_taken":0,"max_hp_gain":0,"max_hp_loss":0,"event_name":"Drug Dealer","floor":27,"gold_loss":0,"cards_obtained":["Anger","Reaper"]},{"damage_healed":0,"gold_gain":0,"player_choice":"Ignored","damage_taken":0,"max_hp_gain":0,"max_hp_loss":0,"event_name":"NoteForYourself","floor":30,"gold_loss":0},{"damage_healed":0,"gold_gain":222,"player_choice":"Wore Mask","damage_taken":0,"max_hp_gain":0,"max_hp_loss":0,"event_name":"Tomb of Lord Red Mask","floor":38,"gold_loss":0}],"is_beta":false,"boss_relics":[{"not_picked":["Mark of Pain","Runic Dome"],"picked":"Black Star"},{"not_picked":["Fusion Hammer","Cursed Key"],"picked":"Busted Crown"}],"items_purged_floors":[4,21,37,39],"is_endless":false,"potions_floor_spawned":[2,5,6,16,22,24,28,31,33,35,40,48],"ascension_level":0}