{"gold_per_floor":[113,126,126,126,146,181,181,194,194,214,214,179,104,119,119,218,218,208,208],"floor_reached":19,"playtime":685,"items_purged":["Strike_R"],"score":244,"play_id":"3c5586b7-9d5f-4e0c-8d68-7f98a5ff28ef","local_time":"20190303125755","is_ascension_mode":true,"campfire_choices":[{"data":"Thunderclap","floor":7,"key":"SMITH"},{"data":"Demon Form","floor":11,"key":"SMITH"},{"floor":15,"key":"REST"}],"neow_cost":"CURSE","seed_source_timestamp":58740221544200,"circlet_count":0,"master_deck":["Strike_R","Strike_R","Strike_R","Strike_R+1","Defend_R","Defend_R","Defend_R","Defend_R","Bash","Demon Form+1","Sword Boomerang+1","Thunderclap+1","Feed","Shrug It Off","Sword Boomerang","Flex"],"relics":["Burning Blood","Spirit Poop","Prayer Wheel","Pantograph","Black Star"],"potions_floor_usage":[6,16,16,19],"damage_taken":[{"damage":7,"enemies":"Jaw Worm","floor":1,"turns":6},{"damage":15,"enemies":"2 Louse","floor":2,"turns":4},{"damage":6,"enemies":"Cultist","floor":5,"turns":3},{"damage":40,"enemies":"3 Sentries","floor":6,"turns":5},{"damage":18,"enemies":"2 Fungi Beasts","floor":8,"turns":3},{"damage":0,"enemies":"3 Louse","floor":10,"turns":3},{"damage":1,"enemies":"Exordium Wildlife","floor":14,"turns":3},{"damage":58,"enemies":"Hexaghost","floor":16,"turns":7},{"damage":36,"enemies":"2 Thieves","floor":18,"turns":4},{"damage":55,"enemies":"Colosseum Slavers","floor":19,"turns":4}],"seed_played":"7506921551369792937","potions_obtained":[{"floor":5,"key":"Regen Potion"},{"floor":6,"key":"Ancient Potion"},{"floor":14,"key":"Ancient Potion"},{"floor":16,"key":"Dexterity Potion"}],"is_trial":false,"path_per_floor":["M","M","?","?","M","E","R","M","T","M","R","?","$","M","R","B",null,"M","?"],"character_chosen":"IRONCLAD","items_purchased":[],"campfire_rested":1,"item_purchase_floors":[],"current_hp_per_floor":[71,62,46,46,46,26,26,17,17,26,26,26,26,34,60,33,75,48,0],"gold":208,"neow_bonus":"THREE_RARE_CARDS","is_prod":false,"is_daily":false,"chose_seed":false,"campfire_upgraded":2,"win_rate":0,"timestamp":1551646675,"path_taken":["M","M","?","?","?","E","R","M","T","M","R","?","$","M","R","BOSS","M","?"],"build_version":"2019-01-23","purchased_purges":1,"victory":false,"max_hp_per_floor":[80,80,80,80,80,80,80,83,83,86,86,86,86,89,89,89,89,92,95],"card_choices":[{"not_picked":["Brutality","Offering"],"picked":"Demon Form","floor":0},{"not_picked":["True Grit","Pommel Strike"],"picked":"Sword Boomerang","floor":1},{"not_picked":["Cleave","Armaments","Rampage"],"picked":"SKIP","floor":2},{"not_picked":["Warcry","Wild Strike"],"picked":"Thunderclap","floor":5},{"not_picked":["Searing Blow","Evolve"],"picked":"Feed","floor":6},{"not_picked":["Havoc","Armaments"],"picked":"Shrug It Off","floor":8},{"not_picked":["Warcry","Heavy Blade","Thunderclap"],"picked":"SKIP","floor":8},{"not_picked":["Bloodletting","Warcry"],"picked":"Sword Boomerang","floor":10},{"not_picked":["Headbutt","Perfected Strike","Juggernaut"],"picked":"SKIP","floor":10},{"not_picked":["Body Slam","Clash","Bloodletting"],"picked":"SKIP","floor":14},{"not_picked":["Body Slam","Feel No Pain","Wild Strike"],"picked":"SKIP","floor":14},{"not_picked":["Twin Strike","Entrench"],"picked":"Flex","floor":18},{"not_picked":["Anger","Pommel Strike","Armaments"],"picked":"SKIP","floor":18}],"player_experience":239679,"relics_obtained":[{"floor":6,"key":"Prayer Wheel"},{"floor":9,"key":"Pantograph"}],"event_choices":[{"damage_healed":0,"gold_gain":0,"player_choice":"Entered Light","damage_taken":16,"max_hp_gain":0,"max_hp_loss":0,"event_name":"Shining Light","floor":3,"gold_loss":0,"cards_upgraded":["Strike_R","Sword Boomerang"]},{"cards_removed":["Clumsy"],"damage_healed":0,"gold_gain":0,"player_choice":"Offered Curse","damage_taken":0,"relics_obtained":["Spirit Poop"],"max_hp_gain":0,"max_hp_loss":0,"event_name":"Bonfire Elementals","floor":4,"gold_loss":0},{"damage_healed":0,"gold_gain":0,"player_choice":"Left Gold","damage_taken":0,"max_hp_gain":0,"max_hp_loss":0,"event_name":"World of Goop","floor":12,"gold_loss":35},{"damage_healed":0,"gold_gain":0,"player_choice":"Fight","damage_taken":0,"max_hp_gain":0,"max_hp_loss":0,"event_name":"Colosseum","floor":19,"gold_loss":0}],"is_beta":false,"boss_relics":[{"not_picked":["Runic Cube","Fusion Hammer"],"picked":"Black Star"}],"items_purged_floors":[13],"is_endless":false,"potions_floor_spawned":[5,6,14,16],"killed_by":"Colosseum Slavers","ascension_level":6}