{"gold_per_floor":[115,115,126,126,140,171,171,205,205,205,205,205,105,65,65,188,188,206,206,62,112,52],"floor_reached":22,"playtime":757,"items_purged":["Decay"],"score":235,"play_id":"5250729c-4731-49a6-a357-6611710c55b5","local_time":"20190519145918","is_ascension_mode":true,"campfire_choices":[{"floor":7,"key":"REST"},{"floor":10,"key":"REST"},{"floor":12,"key":"REST"},{"floor":15,"key":"REST"}],"neow_cost":"NONE","seed_source_timestamp":222193211455540,"circlet_count":0,"master_deck":["Defend_G","Defend_G","Defend_G","Defend_G","Defend_G","Strike_G","Strike_G","Strike_G","Strike_G","Strike_G","Survivor","Neutralize","Neutralize","Dramatic Entrance","Cloak And Dagger","Injury","Caltrops","Terror","Poisoned Stab","Footwork","Dagger Spray","Storm of Steel","Parasite","Decay","Noxious Fumes"],"relics":["Ring of the Snake","Golden Idol","Dodecahedron","Singing Bowl","Meat on the Bone","Blue Candle","Calling Bell","Omamori","Toxic Egg 2","Calipers"],"potions_floor_usage":[6,16,16],"damage_taken":[{"damage":11,"enemies":"Jaw Worm","floor":1,"turns":6},{"damage":1,"enemies":"Cultist","floor":3,"turns":4},{"damage":2,"enemies":"2 Louse","floor":5,"turns":2},{"damage":16,"enemies":"Gremlin Nob","floor":6,"turns":4},{"damage":32,"enemies":"Lagavulin","floor":8,"turns":8},{"damage":42,"enemies":"Hexaghost","floor":16,"turns":11},{"damage":58,"enemies":"Shell Parasite","floor":18,"turns":8},{"damage":27,"enemies":"2 Thieves","floor":22,"turns":2}],"seed_played":"-3970241857795692487","potions_obtained":[{"floor":3,"key":"Poison Potion"},{"floor":14,"key":"EssenceOfSteel"},{"floor":14,"key":"GamblersBrew"},{"floor":14,"key":"Fire Potion"}],"is_trial":false,"path_per_floor":["M","?","M","?","M","E","R","E","T","R","?","R","$","?","R","B",null,"M","?","$","?","M"],"character_chosen":"THE_SILENT","items_purchased":["Footwork","Dagger Spray","Noxious Fumes"],"campfire_rested":4,"item_purchase_floors":[13,13,20],"current_hp_per_floor":[66,66,65,65,63,47,70,38,38,61,28,51,51,51,74,44,69,25,25,25,25,0],"gold":52,"neow_bonus":"TEN_PERCENT_HP_BONUS","is_prod":false,"is_daily":false,"chose_seed":false,"campfire_upgraded":0,"win_rate":0,"timestamp":1558292358,"path_taken":["M","?","?","?","M","E","R","E","T","R","?","R","$","?","R","BOSS","M","?","$","?","M"],"build_version":"2019-01-23","purchased_purges":1,"victory":false,"max_hp_per_floor":[77,77,77,77,77,77,77,77,77,77,77,77,77,77,77,77,77,79,79,79,79,79],"card_choices":[{"not_picked":["Underhanded Strike","Prepared","Setup"],"picked":"SKIP","floor":1},{"not_picked":["Catalyst","Flying Knee"],"picked":"Cloak And Dagger","floor":3},{"not_picked":["Dagger Spray","Endless Agony"],"picked":"Caltrops","floor":5},{"not_picked":["Bane","Escape Plan"],"picked":"Terror","floor":6},{"not_picked":["Bane","Deadly Poison"],"picked":"Poisoned Stab","floor":8},{"not_picked":["Tools of the Trade","Burst"],"picked":"Storm of Steel","floor":16},{"not_picked":["Endless Agony","Slice+1","Poisoned Stab"],"picked":"Singing Bowl","floor":18}],"player_experience":348433,"relics_obtained":[{"floor":6,"key":"Dodecahedron"},{"floor":8,"key":"Singing Bowl"},{"floor":9,"key":"Meat on the Bone"},{"floor":17,"key":"Omamori"},{"floor":17,"key":"Toxic Egg 2"},{"floor":17,"key":"Calipers"}],"event_choices":[{"damage_healed":0,"gold_gain":0,"player_choice":"2 cards matched","damage_taken":0,"max_hp_gain":0,"max_hp_loss":0,"event_name":"Match and Keep!","floor":2,"gold_loss":0,"cards_obtained":["Neutralize","Dramatic Entrance"]},{"damage_healed":0,"gold_gain":0,"player_choice":"Take Wound","damage_taken":0,"relics_obtained":["Golden Idol"],"max_hp_gain":0,"max_hp_loss":0,"event_name":"Golden Idol","floor":4,"gold_loss":0,"cards_obtained":["Injury"]},{"damage_healed":0,"gold_gain":0,"player_choice":"Success","damage_taken":33,"relics_obtained":["Blue Candle"],"max_hp_gain":0,"max_hp_loss":0,"event_name":"Scrap Ooze","floor":11,"gold_loss":0},{"damage_healed":0,"gold_gain":0,"player_choice":"Bought 3 Potions","damage_taken":0,"max_hp_gain":0,"max_hp_loss":0,"event_name":"The Woman in Blue","floor":14,"gold_loss":0},{"damage_healed":0,"gold_gain":0,"player_choice":"Ignored","damage_taken":0,"max_hp_gain":0,"max_hp_loss":0,"event_name":"Vampires","floor":19,"gold_loss":0},{"damage_healed":0,"gold_gain":100,"player_choice":"Bet on Murderer","damage_taken":0,"max_hp_gain":0,"max_hp_loss":0,"event_name":"The Joust","floor":21,"gold_loss":50}],"is_beta":false,"boss_relics":[{"not_picked":["Coffee Dripper","Snecko Eye"],"picked":"Calling Bell"}],"items_purged_floors":[20],"is_endless":false,"potions_floor_spawned":[3],"killed_by":"2 Thieves","ascension_level":5}