{"gold_per_floor":[209,53,53,70,16,26,26,43,70,88,106,125,125,143,143,222,222,242,242,259,134,184,184],"floor_reached":23,"playtime":680,"items_purged":["Strike_R","Strike_R"],"score":352,"play_id":"feb07705-9e7d-4abf-8417-1beab4f5a968","local_time":"20190730140445","is_ascension_mode":true,"campfire_choices":[{"data":"Flex","floor":7,"key":"SMITH"},{"data":"Flex","floor":13,"key":"SMITH"},{"floor":15,"key":"REST"}],"neow_cost":"NONE","seed_source_timestamp":423891428577300,"circlet_count":0,"master_deck":["AscendersBane","Strike_R","Strike_R","Defend_R","Defend_R","Defend_R","Defend_R","Bash","Flex+1","Flex+1","Sword Boomerang","Heavy Blade","Demon Form","Flex","Offering","Cleave"],"relics":["Burning Blood","Runic Cube","Nloth\u0027s Gift","Happy Flower"],"potions_floor_usage":[10,16,16],"damage_taken":[{"damage":2,"enemies":"2 Louse","floor":1,"turns":3},{"damage":1,"enemies":"Cultist","floor":4,"turns":4},{"damage":11,"enemies":"Small Slimes","floor":6,"turns":3},{"damage":3,"enemies":"Blue Slaver","floor":8,"turns":2},{"damage":20,"enemies":"3 Louse","floor":10,"turns":4},{"damage":16,"enemies":"Exordium Thugs","floor":11,"turns":5},{"damage":7,"enemies":"Looter","floor":12,"turns":3},{"damage":10,"enemies":"3 Louse","floor":14,"turns":2},{"damage":53,"enemies":"Hexaghost","floor":16,"turns":8},{"damage":7,"enemies":"Spheric Guardian","floor":18,"turns":3},{"damage":44,"enemies":"3 Byrds","floor":20,"turns":6},{"damage":51,"enemies":"Book of Stabbing","floor":23,"turns":3}],"seed_played":"5625486134786109939","potions_obtained":[{"floor":8,"key":"Fruit Juice"},{"floor":10,"key":"FearPotion"},{"floor":14,"key":"SpeedPotion"},{"floor":20,"key":"Ancient Potion"}],"is_trial":false,"path_per_floor":["M","$","?","M","$","M","R","M","T","M","M","M","R","M","R","B",null,"M","?","M","$","T","E"],"character_chosen":"IRONCLAD","items_purchased":["Flex","Sword Boomerang","Heavy Blade","Cleave"],"campfire_rested":1,"item_purchase_floors":[2,2,5,21],"current_hp_per_floor":[72,72,72,75,75,70,70,73,73,64,54,53,53,49,73,26,67,66,66,28,28,28,0],"gold":184,"neow_bonus":"HUNDRED_GOLD","is_prod":false,"is_daily":false,"chose_seed":false,"campfire_upgraded":2,"win_rate":0,"timestamp":1564520685,"path_taken":["M","$","?","?","$","M","R","M","T","M","M","M","R","M","R","BOSS","M","?","M","$","?","E"],"build_version":"2019-07-17","purchased_purges":2,"victory":false,"max_hp_per_floor":[75,75,75,75,75,75,75,75,75,80,80,80,80,80,80,80,80,80,80,80,80,80,80],"card_choices":[{"not_picked":["Havoc","Uppercut"],"picked":"Flex","floor":1},{"not_picked":["Headbutt","Spot Weakness","Carnage"],"picked":"SKIP","floor":4},{"not_picked":["Body Slam","Cleave","Power Through"],"picked":"SKIP","floor":6},{"not_picked":["Clothesline","Body Slam","Warcry"],"picked":"SKIP","floor":8},{"not_picked":["Rupture","Blood for Blood","Infernal Blade"],"picked":"SKIP","floor":10},{"not_picked":["Havoc","Heavy Blade"],"picked":"Demon Form","floor":11},{"not_picked":["Havoc","Power Through","Clothesline"],"picked":"SKIP","floor":12},{"not_picked":["Havoc","Evolve"],"picked":"Flex","floor":14},{"not_picked":["Barricade","Berserk"],"picked":"Offering","floor":16},{"not_picked":["Inflame","Iron Wave","Carnage"],"picked":"SKIP","floor":18},{"not_picked":["Infernal Blade","Shockwave+1","Burning Pact"],"picked":"SKIP","floor":20}],"player_experience":476218,"relics_obtained":[{"floor":9,"key":"Art of War"},{"floor":22,"key":"Happy Flower"}],"event_choices":[{"cards_removed":["Strike_R"],"damage_healed":0,"gold_gain":0,"player_choice":"Offered Basic","damage_taken":0,"max_hp_gain":0,"max_hp_loss":0,"event_name":"Bonfire Elementals","floor":3,"gold_loss":0},{"damage_healed":0,"gold_gain":0,"player_choice":"Traded Relic","damage_taken":0,"relics_obtained":["Nloth\u0027s Gift"],"max_hp_gain":0,"max_hp_loss":0,"event_name":"N\u0027loth","floor":19,"relics_lost":["Art of War"],"gold_loss":0}],"is_beta":false,"boss_relics":[{"not_picked":["Ectoplasm","Orrery"],"picked":"Runic Cube"}],"items_purged_floors":[2,21],"is_endless":false,"potions_floor_spawned":[8,10,14,20],"killed_by":"Book of Stabbing","ascension_level":18}