{"gold_per_floor":[110,123,123,147,166,91,126,26,105,29,29,0,0,20,20,150,150,163,38,62,81,81,81,100,100,125,163,178,178,178,197,197,300,300,318,168,181,181,201,201,236,249,249,264,278,296,296],"floor_reached":47,"playtime":14407,"items_purged":["Strike_R","Strike_R","Strike_R","Strike_R"],"score":481,"play_id":"36464837-64a3-41c6-8bf8-0de9acda6062","local_time":"20190727050839","is_ascension_mode":false,"campfire_choices":[{"floor":13,"key":"REST"},{"data":"Whirlwind","floor":15,"key":"SMITH"},{"data":"Disarm","floor":23,"key":"SMITH"},{"data":"Armaments","floor":25,"key":"SMITH"},{"floor":32,"key":"REST"},{"floor":40,"key":"REST"}],"neow_cost":"NONE","seed_source_timestamp":130215460396477,"circlet_count":0,"master_deck":["Strike_R","Defend_R","Defend_R","Defend_R","Defend_R","Bash","Rampage","Cleave","Pommel Strike","Heavy Blade","Disarm+1","Whirlwind+1","Warcry","Demon Form","Entrench+1","Armaments+1","True Grit+1","True Grit","Feed","Double Tap","Flame Barrier","Inflame","Flash of Steel","Feel No Pain","Shrug It Off","Feel No Pain+1","Metallicize+1"],"relics":["Burning Blood","Centennial Puzzle","Bloody Idol","StoneCalendar","Potion Belt","Mark of Pain","Vajra","Oddly Smooth Stone","Ornamental Fan","Fusion Hammer","Question Card","Pocketwatch"],"potions_floor_usage":[16,16,27,27,27,31,39,41,44,46],"damage_taken":[{"damage":1,"enemies":"Cultist","floor":1,"turns":3},{"damage":1,"enemies":"Jaw Worm","floor":2,"turns":4},{"damage":0,"enemies":"2 Louse","floor":4,"turns":2},{"damage":1,"enemies":"2 Fungi Beasts","floor":5,"turns":3},{"damage":33,"enemies":"3 Sentries","floor":7,"turns":9},{"damage":5,"enemies":"Large Slime","floor":14,"turns":7},{"damage":34,"enemies":"Slime Boss","floor":16,"turns":7},{"damage":31,"enemies":"2 Thieves","floor":18,"turns":5},{"damage":4,"enemies":"Chosen","floor":20,"turns":4},{"damage":18,"enemies":"Snake Plant","floor":21,"turns":4},{"damage":9,"enemies":"Centurion and Healer","floor":24,"turns":6},{"damage":47,"enemies":"Slavers","floor":27,"turns":5},{"damage":7,"enemies":"Sentry and Sphere","floor":28,"turns":5},{"damage":11,"enemies":"Snake Plant","floor":31,"turns":4},{"damage":6,"enemies":"Champ","floor":33,"turns":8},{"damage":6,"enemies":"Orb Walker","floor":35,"turns":3},{"damage":15,"enemies":"3 Shapes","floor":37,"turns":1},{"damage":33,"enemies":"Spire Growth","floor":39,"turns":4},{"damage":70,"enemies":"Nemesis","floor":41,"turns":7},{"damage":18,"enemies":"Jaw Worm Horde","floor":42,"turns":6},{"damage":6,"enemies":"Transient","floor":44,"turns":5},{"damage":0,"enemies":"4 Shapes","floor":45,"turns":7},{"damage":28,"enemies":"Sphere and 2 Shapes","floor":46,"turns":7},{"damage":32,"enemies":"Transient","floor":47,"turns":5}],"seed_played":"142571157736189532","potions_obtained":[{"floor":4,"key":"Ancient Potion"},{"floor":7,"key":"PowerPotion"},{"floor":16,"key":"AttackPotion"},{"floor":18,"key":"Strength Potion"},{"floor":24,"key":"EssenceOfSteel"},{"floor":27,"key":"Fire Potion"},{"floor":28,"key":"EssenceOfSteel"},{"floor":37,"key":"SteroidPotion"},{"floor":39,"key":"Dexterity Potion"},{"floor":45,"key":"Weak Potion"}],"is_trial":false,"path_per_floor":["M","M","?","M","M","$","E","$","T","$","?","?","R","M","R","B",null,"M","$","M","M","?","R","M","R","T","E","M","?","?","M","R","B",null,"M","$","M","?","M","R","E","M","T","M","M","M","M"],"character_chosen":"IRONCLAD","items_purchased":["Whirlwind"],"campfire_rested":3,"item_purchase_floors":[10],"current_hp_per_floor":[80,80,60,66,71,71,44,44,44,44,26,26,50,51,51,23,80,55,55,57,45,71,71,68,68,68,27,26,26,26,29,53,58,83,83,83,79,79,57,81,22,15,15,20,31,14,0],"gold":296,"neow_bonus":"RANDOM_COMMON_RELIC","is_prod":false,"is_daily":false,"chose_seed":false,"campfire_upgraded":3,"win_rate":0,"timestamp":1564218519,"path_taken":["M","M","?","M","M","?","E","$","T","$","?","?","R","M","R","BOSS","M","$","M","M","?","R","M","R","T","E","M","?","?","M","R","BOSS","M","$","M","?","M","R","E","M","T","?","M","M","?"],"build_version":"2019-07-17","purchased_purges":4,"victory":false,"max_hp_per_floor":[80,80,80,80,80,80,80,80,80,80,80,80,80,80,80,80,80,80,80,80,80,80,80,80,80,80,80,80,80,80,83,83,83,83,83,83,83,83,83,83,83,83,83,83,83,83,83],"card_choices":[{"not_picked":["Wild Strike","Pummel"],"picked":"Rampage","floor":1},{"not_picked":["Thunderclap","Anger"],"picked":"Cleave","floor":2},{"not_picked":["Heavy Blade","Rage"],"picked":"Pommel Strike","floor":4},{"not_picked":["Cleave","Carnage"],"picked":"Heavy Blade","floor":5},{"not_picked":["Double Tap","True Grit"],"picked":"Disarm","floor":7},{"not_picked":["Anger","Iron Wave"],"picked":"Warcry","floor":14},{"not_picked":["Double Tap","Feed"],"picked":"Demon Form","floor":16},{"not_picked":["Disarm","Warcry"],"picked":"Entrench+1","floor":18},{"not_picked":["Power Through","Whirlwind","Sword Boomerang"],"picked":"SKIP","floor":20},{"not_picked":["Anger+1","Cleave"],"picked":"Armaments","floor":21},{"not_picked":["Disarm","Thunderclap+1"],"picked":"True Grit+1","floor":24},{"not_picked":["Iron Wave","Hemokinesis+1"],"picked":"True Grit","floor":27},{"not_picked":["Clash","Cleave"],"picked":"Feed","floor":28},{"not_picked":["Power Through","Bloodletting","Thunderclap"],"picked":"SKIP","floor":31},{"not_picked":["Berserk","Juggernaut"],"picked":"Double Tap","floor":33},{"not_picked":["Sword Boomerang","Perfected Strike","Hemokinesis"],"picked":"SKIP","floor":35},{"not_picked":["Perfected Strike","Dropkick+1"],"picked":"Flame Barrier","floor":37},{"not_picked":["Sword Boomerang","Rage+1"],"picked":"Feel No Pain","floor":39},{"not_picked":["Clothesline+1","Twin Strike","Searing Blow"],"picked":"SKIP","floor":41},{"not_picked":["Thunderclap+1","Wild Strike","Whirlwind"],"picked":"Shrug It Off","floor":42},{"not_picked":["Headbutt+1","Blood for Blood+1","Rage","Whirlwind+1"],"picked":"SKIP","floor":44},{"not_picked":["Combust+1","Headbutt+1","Sword Boomerang+1"],"picked":"Feel No Pain+1","floor":45},{"not_picked":["Anger","Evolve+1","Clothesline"],"picked":"Metallicize+1","floor":46}],"player_experience":213799,"relics_obtained":[{"floor":7,"key":"StoneCalendar"},{"floor":26,"key":"Vajra"},{"floor":27,"key":"Oddly Smooth Stone"},{"floor":41,"key":"Question Card"},{"floor":43,"key":"Pocketwatch"}],"event_choices":[{"damage_healed":0,"gold_gain":0,"player_choice":"Take Damage","damage_taken":20,"relics_obtained":["Golden Idol"],"max_hp_gain":0,"max_hp_loss":0,"event_name":"Golden Idol","floor":3,"gold_loss":0},{"damage_healed":0,"gold_gain":0,"player_choice":"Success","damage_taken":18,"relics_obtained":["Potion Belt"],"max_hp_gain":0,"max_hp_loss":0,"event_name":"Scrap Ooze","floor":11,"gold_loss":0},{"damage_healed":0,"gold_gain":0,"player_choice":"Left Gold","damage_taken":0,"max_hp_gain":0,"max_hp_loss":0,"event_name":"World of Goop","floor":12,"gold_loss":29},{"damage_healed":26,"gold_gain":0,"player_choice":"Heal","damage_taken":0,"max_hp_gain":0,"max_hp_loss":0,"event_name":"The Library","floor":22,"gold_loss":0},{"damage_healed":0,"gold_gain":0,"player_choice":"Opened","damage_taken":0,"relics_obtained":["Ornamental Fan"],"max_hp_gain":0,"max_hp_loss":0,"event_name":"The Mausoleum","floor":29,"gold_loss":0},{"damage_healed":0,"gold_gain":0,"player_choice":"Gave Idol","damage_taken":0,"relics_obtained":["Bloody Idol"],"max_hp_gain":0,"max_hp_loss":0,"event_name":"Forgotten Altar","floor":30,"relics_lost":["Golden Idol"],"gold_loss":0},{"damage_healed":0,"gold_gain":0,"player_choice":"2 cards matched","damage_taken":0,"max_hp_gain":0,"max_hp_loss":0,"event_name":"Match and Keep!","floor":38,"gold_loss":0,"cards_obtained":["Inflame","Flash of Steel"]}],"is_beta":false,"boss_relics":[{"not_picked":["White Beast Statue","Runic Dome"],"picked":"Mark of Pain"},{"not_picked":["Black Star","Astrolabe"],"picked":"Fusion Hammer"}],"items_purged_floors":[6,8,19,36],"is_endless":false,"potions_floor_spawned":[4,7,16,18,24,27,28,37,39,45],"killed_by":"Transient","ascension_level":0}