{"gold_per_floor":[113,132,152,167,186,186,213,213,213,231,231,247,274,284,284,358,358,372,389,421,435,435],"floor_reached":22,"playtime":1055,"items_purged":[],"score":354,"play_id":"05391f35-6602-44e3-be32-cbc7c4b9ed4b","local_time":"20190802123858","is_ascension_mode":true,"campfire_choices":[{"data":"Backflip","floor":6.0,"key":"SMITH"},{"floor":8.0,"key":"REST"},{"floor":15.0,"key":"REST"}],"neow_cost":"NONE","seed_source_timestamp":1827252781761624,"circlet_count":0,"master_deck":["AscendersBane","Strike_G","Strike_G","Defend_G","Defend_G","Defend_G","Defend_G","Defend_G","Survivor","Neutralize","Backstab+1","Reflex+1","Predator+1","Escape Plan","Deadly Poison","Terror","Caltrops","Backflip+1","Deadly Poison","Bouncing Flask","Bane","Bouncing Flask","After Image+1","Blade Dance","Acrobatics","Prepared"],"special_seed":0,"relics":["Astrolabe","Bottled Tornado","Mango","Frozen Egg 2","Cursed Key","Red Mask"],"potions_floor_usage":[21,22],"damage_taken":[{"damage":0.0,"enemies":"Jaw Worm","floor":1.0,"turns":1.0},{"damage":0.0,"enemies":"2 Louse","floor":2.0,"turns":1.0},{"damage":0.0,"enemies":"Small Slimes","floor":3.0,"turns":3.0},{"damage":1.0,"enemies":"2 Fungi Beasts","floor":4.0,"turns":3.0},{"damage":0.0,"enemies":"Exordium Thugs","floor":5.0,"turns":4.0},{"damage":31.0,"enemies":"3 Sentries","floor":7.0,"turns":7.0},{"damage":0.0,"enemies":"3 Louse","floor":10.0,"turns":2.0},{"damage":25.0,"enemies":"Large Slime","floor":12.0,"turns":5.0},{"damage":24.0,"enemies":"Gremlin Nob","floor":13.0,"turns":4.0},{"damage":9.0,"enemies":"2 Fungi Beasts","floor":14.0,"turns":2.0},{"damage":12.0,"enemies":"Hexaghost","floor":16.0,"turns":8.0},{"damage":10.0,"enemies":"Spheric Guardian","floor":18.0,"turns":5.0},{"damage":10.0,"enemies":"Shell Parasite","floor":19.0,"turns":5.0},{"damage":33,"enemies":"Masked Bandits","floor":20,"turns":5},{"damage":7,"enemies":"Chosen and Byrds","floor":21,"turns":5},{"damage":7,"enemies":"Shelled Parasite and Fungi","floor":22,"turns":1}],"seed_played":"-6174472797261857163","potions_obtained":[{"floor":2.0,"key":"PowerPotion"},{"floor":3.0,"key":"LiquidBronze"},{"floor":16.0,"key":"Swift Potion"},{"floor":20,"key":"Weak Potion"},{"floor":21,"key":"EssenceOfSteel"}],"is_trial":false,"path_per_floor":["M","M","M","M","M","R","E","R","T","M","?","M","E","M","R","B",null,"M","M","?","M","M"],"character_chosen":"THE_SILENT","items_purchased":[],"campfire_rested":2,"item_purchase_floors":[],"current_hp_per_floor":[59,59,59,58,58,58,27,46,60,60,60,35,11,2,26,14,64,54,44,11,4,0],"gold":435,"neow_bonus":"BOSS_RELIC","is_prod":false,"is_daily":false,"chose_seed":false,"campfire_upgraded":1,"win_rate":0,"timestamp":1564720738,"path_taken":["M","M","M","M","M","R","E","R","T","M","?","M","E","M","R","BOSS","M","M","?","M","M"],"build_version":"2019-07-17","purchased_purges":0,"victory":false,"max_hp_per_floor":[66,66,66,66,66,66,66,66,80,80,80,80,80,80,80,80,80,80,80,80,80,80],"card_choices":[{"not_picked":["Outmaneuver","Flying Knee"],"picked":"Escape Plan","floor":1.0},{"not_picked":["Bane","Dagger Throw"],"picked":"Deadly Poison","floor":2.0},{"not_picked":["Doppelganger","Noxious Fumes"],"picked":"Terror","floor":3.0},{"not_picked":["Cloak And Dagger","Sucker Punch"],"picked":"Caltrops","floor":4.0},{"not_picked":["PiercingWail","Acrobatics"],"picked":"Backflip","floor":5.0},{"not_picked":["Cloak And Dagger","Predator"],"picked":"Deadly Poison","floor":7.0},{"not_picked":["Heel Hook","Flying Knee"],"picked":"Bouncing Flask","floor":10.0},{"not_picked":["Reflex","Poisoned Stab"],"picked":"Bane","floor":12.0},{"not_picked":["Choke","Endless Agony","Deadly Poison"],"picked":"SKIP","floor":13.0},{"not_picked":["Acrobatics","Blade Dance"],"picked":"Bouncing Flask","floor":14.0},{"not_picked":["Bullet Time","Unload"],"picked":"After Image+1","floor":16.0},{"not_picked":["Expertise","Quick Slash"],"picked":"Blade Dance","floor":18.0},{"not_picked":["Bane+1","Poisoned Stab"],"picked":"Acrobatics","floor":19.0},{"not_picked":["PiercingWail","Dash"],"picked":"Prepared","floor":21}],"player_experience":884875,"relics_obtained":[{"floor":7.0,"key":"Bottled Tornado"},{"floor":9.0,"key":"Mango"},{"floor":13.0,"key":"Frozen Egg 2"},{"floor":20,"key":"Red Mask"}],"event_choices":[{"damage_healed":0.0,"max_hp_gain":0.0,"max_hp_loss":0.0,"gold_gain":0.0,"event_name":"Shining Light","player_choice":"Ignored","floor":11.0,"gold_loss":0.0,"damage_taken":0.0},{"damage_healed":0,"gold_gain":0,"player_choice":"Fought Bandits","damage_taken":0,"max_hp_gain":0,"max_hp_loss":0,"event_name":"Masked Bandits","floor":20,"gold_loss":0}],"is_beta":false,"boss_relics":[{"not_picked":["Tiny House","Philosopher\u0027s Stone"],"picked":"Cursed Key"}],"items_purged_floors":[],"is_endless":false,"potions_floor_spawned":[2,3,5,10,16,20,21],"killed_by":"Shelled Parasite and Fungi","ascension_level":15}