{"gold_per_floor":[114,130,130,155,178,211,211,211,238,252,252,252,276,300,300,425,425,448,464,37,37,50,50,73,73,126,126,126,126,139,153,153,153],"floor_reached":33,"playtime":4425,"items_purged":[],"score":264,"play_id":"03916ed3-643f-488e-9fed-4797f06dc674","local_time":"20190730215828","is_ascension_mode":true,"campfire_choices":[{"floor":7.0,"key":"REST"},{"data":"Rampage","floor":12.0,"key":"SMITH"},{"data":"Armaments","floor":15.0,"key":"SMITH"},{"data":"Dual Wield","floor":23.0,"key":"SMITH"},{"floor":25.0,"key":"REST"},{"data":"Barricade","floor":27.0,"key":"SMITH"},{"data":"Feed","floor":29.0,"key":"SMITH"},{"floor":32.0,"key":"REST"}],"neow_cost":"NONE","seed_source_timestamp":0,"circlet_count":0,"master_deck":["Strike_R","Strike_R","Strike_R","Strike_R","Strike_R","Defend_R","Defend_R+1","Defend_R","Defend_R+1","Bash","Iron Wave","Armaments+1","Rampage+1","Immolate+1","Barricade+1","Feed+1","Dual Wield+1","Disarm","Iron Wave"],"special_seed":0,"relics":["Burning Blood","Golden Idol","War Paint","Strawberry","Velvet Choker","Medical Kit","PreservedInsect","Tiny Chest","Bottled Lightning"],"potions_floor_usage":[],"damage_taken":[{"damage":12.0,"enemies":"Small Slimes","floor":1.0,"turns":4.0},{"damage":1.0,"enemies":"Jaw Worm","floor":2.0,"turns":3.0},{"damage":4.0,"enemies":"2 Louse","floor":4.0,"turns":3.0},{"damage":7.0,"enemies":"Looter","floor":5.0,"turns":4.0},{"damage":32.0,"enemies":"Lagavulin","floor":6.0,"turns":6.0},{"damage":0.0,"enemies":"Exordium Thugs","floor":10.0,"turns":4.0},{"damage":0.0,"enemies":"Large Slime","floor":13.0,"turns":4.0},{"damage":0.0,"enemies":"2 Fungi Beasts","floor":14.0,"turns":1.0},{"damage":52.0,"enemies":"Slime Boss","floor":16.0,"turns":11.0},{"damage":0.0,"enemies":"Chosen","floor":18.0,"turns":7.0},{"damage":12.0,"enemies":"2 Thieves","floor":19.0,"turns":4.0},{"damage":28.0,"enemies":"Chosen and Byrds","floor":22.0,"turns":6.0},{"damage":25.0,"enemies":"3 Cultists","floor":24.0,"turns":6.0},{"damage":36.0,"enemies":"Snake Plant","floor":30.0,"turns":6.0},{"damage":14.0,"enemies":"Centurion and Healer","floor":31.0,"turns":8.0},{"damage":79,"enemies":"Automaton","floor":33,"turns":6}],"seed_played":"8152853574720812113","potions_obtained":[{"floor":0.0,"key":"SkillPotion"},{"floor":0.0,"key":"PowerPotion"},{"floor":0.0,"key":"Block Potion"},{"floor":1.0,"key":"Ancient Potion"},{"floor":2.0,"key":"Poison Potion"},{"floor":6.0,"key":"PowerPotion"},{"floor":16.0,"key":"EssenceOfSteel"},{"floor":19.0,"key":"Weak Potion"},{"floor":30.0,"key":"SteroidPotion"}],"is_trial":false,"path_per_floor":["M","M","?","M","M","E","R","?","T","M","?","R","M","M","R","B",null,"M","M","$","?","M","R","M","R","T","R","T","R","M","M","R","B"],"character_chosen":"IRONCLAD","items_purchased":["Medical Kit","PreservedInsect","Dual Wield"],"campfire_rested":3,"item_purchase_floors":[20,20,20],"current_hp_per_floor":[74,79,59,61,60,34,58,63,70,76,76,76,82,88,88,42,92,92,86,86,86,64,64,45,72,72,72,72,72,42,34,61,0],"gold":153,"neow_bonus":"THREE_SMALL_POTIONS","is_prod":false,"is_daily":false,"chose_seed":false,"campfire_upgraded":5,"win_rate":0,"timestamp":1564545508,"path_taken":["M","M","?","M","M","E","R","?","T","M","?","R","M","M","R","BOSS","M","M","$","?","M","R","M","R","T","R","?","R","M","M","R","BOSS"],"build_version":"2019-07-17","purchased_purges":0,"victory":false,"max_hp_per_floor":[80,80,80,80,80,80,80,85,92,92,92,92,92,92,92,92,92,92,92,92,92,92,92,92,92,92,92,92,92,92,92,92,92],"card_choices":[{"not_picked":["Rupture","Heavy Blade"],"picked":"Iron Wave","floor":1.0},{"not_picked":["Headbutt","Hemokinesis"],"picked":"Armaments","floor":2.0},{"not_picked":["Corruption","Headbutt"],"picked":"Rampage","floor":4.0},{"not_picked":["Flex","Havoc"],"picked":"Immolate","floor":5.0},{"not_picked":["Perfected Strike","Carnage","Twin Strike"],"picked":"SKIP","floor":6.0},{"not_picked":["Rupture","Battle Trance","Warcry"],"picked":"SKIP","floor":10.0},{"not_picked":["Heavy Blade","Rage","Ghostly Armor"],"picked":"SKIP","floor":13.0},{"not_picked":["Power Through","Sever Soul","Battle Trance"],"picked":"SKIP","floor":14.0},{"not_picked":["Bludgeon","Reaper"],"picked":"Barricade","floor":16.0},{"not_picked":["Sword Boomerang+1","Twin Strike+1","Anger+1"],"picked":"SKIP","floor":18.0},{"not_picked":["Headbutt","Clothesline"],"picked":"Feed","floor":19.0},{"not_picked":["Body Slam","Sword Boomerang","Havoc"],"picked":"SKIP","floor":22.0},{"not_picked":["Rupture","Combust+1","Havoc+1"],"picked":"SKIP","floor":24.0},{"not_picked":["Wild Strike","Shrug It Off"],"picked":"Disarm","floor":30.0},{"not_picked":["Wild Strike+1","Twin Strike+1"],"picked":"Iron Wave","floor":31.0}],"player_experience":84615,"relics_obtained":[{"floor":6.0,"key":"War Paint"},{"floor":9.0,"key":"Strawberry"},{"floor":26.0,"key":"Tiny Chest"},{"floor":28.0,"key":"Bottled Lightning"}],"event_choices":[{"damage_healed":0.0,"max_hp_gain":0.0,"max_hp_loss":0.0,"gold_gain":0.0,"event_name":"Golden Idol","player_choice":"Take Damage","floor":3.0,"gold_loss":0.0,"damage_taken":20.0,"relics_obtained":["Golden Idol"]},{"damage_healed":0.0,"max_hp_gain":5.0,"max_hp_loss":0.0,"gold_gain":0.0,"event_name":"Big Fish","player_choice":"Donut","floor":8.0,"gold_loss":0.0,"damage_taken":0.0},{"damage_healed":0.0,"max_hp_gain":0.0,"max_hp_loss":0.0,"gold_gain":0.0,"event_name":"Living Wall","player_choice":"Grow","floor":11.0,"gold_loss":0.0,"damage_taken":0.0,"cards_upgraded":["Immolate"]},{"damage_healed":0.0,"max_hp_gain":0.0,"max_hp_loss":0.0,"gold_gain":0.0,"event_name":"Ghosts","player_choice":"Ignored","floor":21.0,"gold_loss":0.0,"damage_taken":0.0}],"is_beta":false,"boss_relics":[{"not_picked":["Runic Dome","Busted Crown"],"picked":"Velvet Choker"}],"items_purged_floors":[],"is_endless":false,"potions_floor_spawned":[1,2,6,16,19,30],"killed_by":"Automaton","ascension_level":1}