{"gold_per_floor":[119,146,71,71,87,87,117,130,130,130,130,153,153,153,153,153],"floor_reached":16,"playtime":412,"items_purged":["Defend_R"],"score":119,"play_id":"61aee705-35ef-41df-8859-09073f4dd756","local_time":"20190429145700","is_ascension_mode":true,"campfire_choices":[{"data":"Bash","floor":6.0,"key":"SMITH"},{"floor":11.0,"key":"REST"},{"data":"Sword Boomerang","floor":13,"key":"SMITH"},{"floor":15,"key":"REST"}],"neow_cost":"NONE","seed_source_timestamp":0,"circlet_count":0,"master_deck":["Strike_R","Strike_R","Strike_R","Defend_R","Defend_R","Defend_R","Bash+1","Sword Boomerang+1"],"special_seed":0,"relics":["Burning Blood","Happy Flower","Golden Idol","Odd Mushroom","Shuriken","Turnip"],"potions_floor_usage":[12,16],"damage_taken":[{"damage":18.0,"enemies":"Cultist","floor":1.0,"turns":6.0},{"damage":10.0,"enemies":"Small Slimes","floor":5.0,"turns":3.0},{"damage":35.0,"enemies":"The Mushroom Lair","floor":7.0,"turns":5.0},{"damage":6.0,"enemies":"2 Louse","floor":8.0,"turns":3.0},{"damage":0,"enemies":"Large Slime","floor":12,"turns":5},{"damage":70,"enemies":"Hexaghost","floor":16,"turns":10}],"seed_played":"-2522216671825568512","potions_obtained":[{"floor":7.0,"key":"Fire Potion"},{"floor":8.0,"key":"Weak Potion"}],"is_trial":false,"path_per_floor":["M","T","$","?","M","R","?","M","T","?","R","M","R","T","R","B"],"character_chosen":"IRONCLAD","items_purchased":[],"campfire_rested":2,"item_purchase_floors":[],"current_hp_per_floor":[60,60,60,60,56,56,27,27,27,20,42,48,48,48,70,0],"gold":153,"neow_bonus":"REMOVE_CARD","is_prod":false,"is_daily":false,"chose_seed":false,"campfire_upgraded":2,"win_rate":0,"timestamp":1556575020,"path_taken":["M","?","$","?","M","R","?","M","T","?","R","M","R","?","R","BOSS"],"build_version":"2019-01-23","purchased_purges":1,"victory":false,"max_hp_per_floor":[80,80,80,74,74,74,74,74,74,74,74,74,74,74,74,74],"card_choices":[{"not_picked":["Havoc","Power Through","Iron Wave"],"picked":"SKIP","floor":1.0},{"not_picked":["Headbutt","Rupture","Dual Wield"],"picked":"SKIP","floor":5.0},{"not_picked":["Blood for Blood","Havoc"],"picked":"Sword Boomerang","floor":7.0},{"not_picked":["Iron Wave","Inflame","Armaments"],"picked":"SKIP","floor":8.0},{"not_picked":["Searing Blow","Headbutt","Body Slam"],"picked":"SKIP","floor":12}],"player_experience":324034,"relics_obtained":[{"floor":2.0,"key":"Happy Flower"},{"floor":7.0,"key":"Odd Mushroom"},{"floor":9.0,"key":"Shuriken"},{"floor":14,"key":"Turnip"}],"event_choices":[{"damage_healed":0.0,"max_hp_gain":0.0,"max_hp_loss":6.0,"gold_gain":0.0,"event_name":"Golden Idol","player_choice":"Lose Max HP","floor":4.0,"gold_loss":0.0,"damage_taken":0.0,"relics_obtained":["Golden Idol"]},{"damage_healed":0.0,"max_hp_gain":0.0,"max_hp_loss":0.0,"gold_gain":0.0,"event_name":"Mushrooms","player_choice":"Fought Mushrooms","floor":7.0,"gold_loss":0.0,"damage_taken":0.0},{"cards_removed":["Strike_R"],"damage_healed":0.0,"max_hp_gain":0.0,"max_hp_loss":0.0,"gold_gain":0.0,"event_name":"Golden Wing","player_choice":"Card Removal","floor":10.0,"gold_loss":0.0,"damage_taken":7.0}],"is_beta":false,"boss_relics":[],"items_purged_floors":[3],"is_endless":false,"potions_floor_spawned":[7,8],"killed_by":"Hexaghost","ascension_level":7}