{"gold_per_floor":[110,120,195,212,212,212,244,1,1,1,17,32,32,32,32,104,104,114,134,59,59,9,59,59,109,109,109,10,43,43,55,55,55],"floor_reached":33,"playtime":695,"items_purged":["Strike_R","Strike_R","Strike_R"],"score":560,"play_id":"5d198ec6-990a-44e0-8d20-ab1be9601eb0","local_time":"20190511115637","is_ascension_mode":true,"campfire_choices":[{"data":"Bash","floor":6,"key":"SMITH"},{"floor":13,"key":"REST"},{"floor":15,"key":"REST"},{"data":"Whirlwind","floor":24,"key":"SMITH"},{"data":"Thunderclap","floor":27,"key":"SMITH"},{"floor":32,"key":"REST"}],"neow_cost":"NONE","seed_source_timestamp":0,"circlet_count":0,"master_deck":["AscendersBane","Strike_R","Strike_R","Defend_R","Defend_R","Defend_R","Defend_R","Bash+1","Flex+1","Whirlwind+1","Sword Boomerang","Heavy Blade","Battle Trance","Thunderclap+1","Flex"],"special_seed":0,"relics":["Burning Blood","NeowsBlessing","Ornamental Fan","Orichalcum","Busted Crown","SsserpentHead","Bag of Preparation","Pen Nib"],"potions_floor_usage":[16,16,18,29,33],"damage_taken":[{"damage":0,"enemies":"Cultist","floor":1,"turns":1},{"damage":0,"enemies":"Jaw Worm","floor":2,"turns":1},{"damage":0,"enemies":"2 Louse","floor":4,"turns":2},{"damage":56,"enemies":"Gremlin Nob","floor":7,"turns":5},{"damage":0,"enemies":"Exordium Thugs","floor":11,"turns":4},{"damage":16,"enemies":"Blue Slaver","floor":12,"turns":3},{"damage":0,"enemies":"Slime Boss","floor":16,"turns":5},{"damage":23,"enemies":"2 Thieves","floor":18,"turns":3},{"damage":5,"enemies":"Spheric Guardian","floor":19,"turns":3},{"damage":15,"enemies":"Gremlin Leader","floor":29,"turns":4},{"damage":18,"enemies":"Snake Plant","floor":31,"turns":2},{"damage":81,"enemies":"Champ","floor":33,"turns":6}],"seed_played":"8667931614827964996","potions_obtained":[{"floor":1,"key":"PowerPotion"},{"floor":2,"key":"SpeedPotion"},{"floor":16,"key":"SkillPotion"},{"floor":19,"key":"Weak Potion"},{"floor":29,"key":"FearPotion"}],"is_trial":false,"path_per_floor":["M","M","?","M","?","R","E","$","T","$","M","M","R","$","R","B",null,"M","M","$","?","$","?","R","$","T","R","$","E","$","M","R","B"],"character_chosen":"IRONCLAD","items_purchased":["Sword Boomerang","Heavy Blade","Battle Trance","SteroidPotion","Flex"],"campfire_rested":3,"item_purchase_floors":[8,8,8,8,28],"current_hp_per_floor":[74,75,64,70,70,70,20,20,20,20,26,16,38,38,60,66,73,56,57,57,57,57,57,57,57,57,57,57,48,48,36,58,0],"gold":55,"neow_bonus":"THREE_ENEMY_KILL","is_prod":false,"is_daily":false,"chose_seed":false,"campfire_upgraded":3,"win_rate":0,"timestamp":1557600997,"path_taken":["M","?","?","M","?","R","E","$","T","$","M","?","R","$","R","BOSS","M","M","$","?","?","?","R","?","T","R","?","E","$","M","R","BOSS"],"build_version":"2019-01-23","purchased_purges":3,"victory":false,"max_hp_per_floor":[75,75,75,75,75,75,75,75,75,75,75,75,75,75,75,75,75,75,75,75,75,75,75,75,75,75,75,75,75,75,75,75,75],"card_choices":[{"not_picked":["Dual Wield","Reckless Charge"],"picked":"Flex","floor":1},{"not_picked":["Carnage","Cleave","Shockwave"],"picked":"SKIP","floor":2},{"not_picked":["Armaments","Wild Strike","Carnage"],"picked":"SKIP","floor":4},{"not_picked":["Second Wind","Clothesline"],"picked":"Whirlwind","floor":7},{"not_picked":["Clash","Anger","Sword Boomerang"],"picked":"SKIP","floor":11},{"not_picked":["Barricade","True Grit","Second Wind"],"picked":"SKIP","floor":12},{"not_picked":["Armaments"],"picked":"SKIP","floor":18},{"not_picked":[],"picked":"Thunderclap","floor":19},{"not_picked":["Cleave"],"picked":"SKIP","floor":29},{"not_picked":["Perfected Strike"],"picked":"SKIP","floor":31}],"player_experience":384912,"relics_obtained":[{"floor":7,"key":"Ornamental Fan"},{"floor":9,"key":"Orichalcum"},{"floor":26,"key":"Bag of Preparation"},{"floor":29,"key":"Pen Nib"}],"event_choices":[{"damage_healed":0,"gold_gain":75,"player_choice":"Gather Gold","damage_taken":11,"max_hp_gain":0,"max_hp_loss":0,"event_name":"World of Goop","floor":3,"gold_loss":0},{"damage_healed":0,"gold_gain":0,"player_choice":"Forge","damage_taken":0,"max_hp_gain":0,"max_hp_loss":0,"event_name":"Accursed Blacksmith","floor":5,"gold_loss":0,"cards_upgraded":["Flex"]},{"damage_healed":0,"gold_gain":0,"player_choice":"Trade","damage_taken":0,"relics_obtained":["SsserpentHead"],"max_hp_gain":0,"max_hp_loss":0,"event_name":"FaceTrader","floor":21,"gold_loss":0},{"damage_healed":0,"gold_gain":0,"player_choice":"Ignored","damage_taken":0,"max_hp_gain":0,"max_hp_loss":0,"event_name":"The Mausoleum","floor":23,"gold_loss":0}],"is_beta":false,"boss_relics":[{"not_picked":["Black Star","Runic Pyramid"],"picked":"Busted Crown"}],"items_purged_floors":[20,22,28],"is_endless":false,"potions_floor_spawned":[1,2,7,16,19,29],"killed_by":"Champ","ascension_level":16}