{"gold_per_floor":[112,128,53,53,17,52,52,77,124,139,139],"floor_reached":11,"playtime":584,"items_purged":["Defend_G"],"score":85,"play_id":"61bc5a3f-3637-4c1b-9a71-5c85214039df","local_time":"20190210140436","is_ascension_mode":true,"campfire_choices":[{"floor":7,"key":"REST"}],"neow_cost":"NONE","seed_source_timestamp":104975643313100,"circlet_count":0,"master_deck":["Defend_G","Defend_G","Defend_G","Defend_G","Strike_G","Strike_G","Strike_G","Strike_G","Strike_G","Survivor","Neutralize","Tools of the Trade","PiercingWail","Backflip","Purity","Bouncing Flask","Underhanded Strike","Backflip","Flying Knee"],"relics":["Ring of the Snake","Blood Vial","Dream Catcher","Boot"],"potions_floor_usage":[6,11,11],"damage_taken":[{"damage":0,"enemies":"2 Louse","floor":1,"turns":4},{"damage":4,"enemies":"Cultist","floor":2,"turns":5},{"damage":41,"enemies":"3 Sentries","floor":6,"turns":10},{"damage":41,"enemies":"Gremlin Nob","floor":8,"turns":5},{"damage":6,"enemies":"Jaw Worm","floor":10,"turns":3},{"damage":5,"enemies":"Exordium Thugs","floor":11,"turns":1}],"seed_played":"2636785867977509587","potions_obtained":[{"floor":2,"key":"Poison Potion"},{"floor":6,"key":"SteroidPotion"},{"floor":10,"key":"FearPotion"}],"is_trial":false,"path_per_floor":["M","M","$","?","$","E","R","E","T","M","M"],"character_chosen":"THE_SILENT","items_purchased":["Bouncing Flask"],"campfire_rested":1,"item_purchase_floors":[5],"current_hp_per_floor":[70,66,66,66,66,25,46,7,7,3,0],"gold":139,"neow_bonus":"ONE_RANDOM_RARE_CARD","is_prod":false,"is_daily":false,"chose_seed":false,"campfire_upgraded":0,"win_rate":0,"timestamp":1549836276,"path_taken":["M","M","$","?","$","E","R","E","T","M","M"],"build_version":"2019-01-23","purchased_purges":1,"victory":false,"max_hp_per_floor":[70,70,70,70,70,70,70,70,70,70,70],"card_choices":[{"not_picked":["Deflect","Poisoned Stab"],"picked":"PiercingWail","floor":1},{"not_picked":["Eviscerate","Flechettes"],"picked":"Backflip","floor":2},{"not_picked":["Quick Slash","Night Terror"],"picked":"Underhanded Strike","floor":6},{"not_picked":["Prepared","PiercingWail"],"picked":"Backflip","floor":8},{"not_picked":["PiercingWail","Dagger Spray"],"picked":"Flying Knee","floor":10}],"player_experience":109174,"relics_obtained":[{"floor":6,"key":"Blood Vial"},{"floor":8,"key":"Dream Catcher"},{"floor":9,"key":"Boot"}],"event_choices":[{"damage_healed":0,"gold_gain":0,"player_choice":"1 cards matched","damage_taken":0,"max_hp_gain":0,"max_hp_loss":0,"event_name":"Match and Keep!","floor":4,"gold_loss":0,"cards_obtained":["Purity"]}],"is_beta":false,"boss_relics":[],"items_purged_floors":[3],"is_endless":false,"potions_floor_spawned":[2,6,10],"killed_by":"Exordium Thugs","ascension_level":1}