{"path_per_floor":["M","?","?","M","$","R","M","E","T","M","M","M","$","M","R","B",null,"M","M","$","T","$","M","R","M","T","M","?","?"],"character_chosen":"IRONCLAD","items_purchased":["Metallicize","Singing Bowl","Oddly Smooth Stone"],"gold_per_floor":[213,213,213,231,153,153,173,206,287,305,325,343,114,134,134,237,237,249,260,106,106,6,23,23,43,43,57,0,0,0],"floor_reached":30,"campfire_rested":1,"playtime":2260,"current_hp_per_floor":[78,83,76,82,82,82,85,79,79,79,85,85,85,87,87,54,87,42,42,42,42,42,45,72,20,20,20,20,20,0],"items_purged":["Strike_R","Strike_R"],"gold":0,"score":234,"play_id":"77b2fce9-0969-46c9-9a02-cdc85da8ab02","local_time":"20180519103048","is_prod":false,"is_daily":false,"chose_seed":false,"is_ascension_mode":false,"campfire_upgraded":2,"timestamp":1526722248,"campfire_choices":[{"data":"Armaments","floor":6,"key":"SMITH"},{"data":"Double Tap","floor":15,"key":"SMITH"},{"floor":24,"key":"REST"}],"path_taken":["M","?","?","M","?","R","M","E","T","M","?","M","$","M","R","BOSS","M","M","?","?","$","M","R","M","T","M","?","?","M"],"build_version":"2018-05-17","seed_source_timestamp":182919442647300,"purchased_purges":2,"victory":false,"master_deck":["Strike_R","Strike_R","Defend_R","Defend_R","Defend_R","Defend_R","Bash","Rampage","Armaments+1","Metallicize","Double Tap+1","Ghostly Armor","Iron Wave","Flex","Demon Form","Cleave","Barricade"],"max_hp_per_floor":[80,85,85,85,85,85,85,85,85,85,85,85,85,87,87,87,87,89,91,91,91,91,91,91,93,93,93,93,93,93],"relics":["Black Blood","Orichalcum","Singing Bowl","Oddly Smooth Stone","Du-Vu Doll","Bird Faced Urn","Nloth\u0027s Gift"],"card_choices":[{"not_picked":["True Grit","Thunderclap"],"picked":"Rampage","floor":1},{"not_picked":["Cleave","Havoc"],"picked":"Armaments","floor":4},{"not_picked":["Warcry","Body Slam"],"picked":"Double Tap","floor":7},{"not_picked":["True Grit","Wild Strike"],"picked":"Ghostly Armor","floor":8},{"not_picked":["Flex","Wild Strike"],"picked":"Iron Wave","floor":10},{"not_picked":["Infernal Blade","Clothesline"],"picked":"Flex","floor":11},{"not_picked":["Cleave","Clothesline","Berserk"],"picked":"SKIP","floor":12},{"not_picked":["Body Slam","Entrench","Evolve"],"picked":"Singing Bowl","floor":14},{"not_picked":["Immolate","Juggernaut"],"picked":"Demon Form","floor":16},{"not_picked":["Havoc","Clothesline","Anger+1"],"picked":"Singing Bowl","floor":18},{"not_picked":["Battle Trance","Flex","Pommel Strike+1"],"picked":"Singing Bowl","floor":19},{"not_picked":["Clothesline","Perfected Strike"],"picked":"Cleave","floor":23},{"not_picked":["Carnage","Second Wind+1","True Grit"],"picked":"Singing Bowl","floor":25},{"not_picked":["Clothesline","Carnage"],"picked":"Barricade","floor":27}],"player_experience":191149,"potions_floor_usage":[16,18,18,23,23],"damage_taken":[{"damage":8,"enemies":"Cultist","floor":1,"turns":5},{"damage":0,"enemies":"Small Slimes","floor":4,"turns":3},{"damage":0,"enemies":"2 Louse","floor":7,"turns":4},{"damage":12,"enemies":"Gremlin Nob","floor":8,"turns":4},{"damage":6,"enemies":"Large Slime","floor":10,"turns":8},{"damage":0,"enemies":"Exordium Thugs","floor":11,"turns":5},{"damage":2,"enemies":"Looter","floor":12,"turns":4},{"damage":3,"enemies":"Blue Slaver","floor":14,"turns":4},{"damage":39,"enemies":"Slime Boss","floor":16,"turns":13},{"damage":71,"enemies":"3 Byrds","floor":18,"turns":7},{"damage":12,"enemies":"Shell Parasite","floor":19,"turns":7},{"damage":7,"enemies":"Cultist and Chosen","floor":23,"turns":8},{"damage":64,"enemies":"3 Cultists","floor":25,"turns":7},{"damage":14,"enemies":"Centurion and Healer","floor":27,"turns":6},{"damage":26,"enemies":"Chosen and Byrds","floor":30,"turns":3}],"relics_obtained":[{"floor":8,"key":"Orichalcum"},{"floor":9,"key":"Tiny Chest"},{"floor":21,"key":"Du-Vu Doll"},{"floor":26,"key":"Bird Faced Urn"}],"event_choices":[{"event_name":"Big Fish","player_choice":"Donut","floor":2,"damage_taken":0},{"event_name":"Golden Wing","player_choice":"Card Removal","floor":3,"damage_taken":0},{"event_name":"Masked Bandits","player_choice":"Paid Bandits 57 gold","floor":28,"damage_taken":0},{"event_name":"N\u0027loth","player_choice":"Traded a Tiny Chest","floor":29,"damage_taken":0}],"boss_relics":[{"not_picked":["Ectoplasm","Pandora\u0027s Box"],"picked":"Black Blood"}],"potions_floor_spawned":[1,10,14,16,18,19],"seed_played":"6609430725182790677","killed_by":"Chosen and Byrds","ascension_level":0,"potions_obtained":[{"floor":1,"key":"Block Potion"},{"floor":10,"key":"Energy Potion"},{"floor":14,"key":"Regen Potion"},{"floor":16,"key":"Explosive Potion"},{"floor":18,"key":"Weak Potion"},{"floor":19,"key":"Fire Potion"}],"is_trial":false}