{"gold_per_floor":[111,121,121,171,233,233,7,25,25,105,135,153,166,66,66,161,161,161,161,36,36,36,36,36,36,36,36,36,36,36,36,36,36,36,36,36,36],"floor_reached":37,"playtime":2519,"items_purged":["Strike_R","Strike_R","Strike_R"],"score":385,"play_id":"73fba970-b196-42b6-836b-2f616689b71d","local_time":"20180711233748","is_ascension_mode":false,"campfire_choices":[{"data":"Armaments","floor":6,"key":"SMITH"},{"data":"Enlightenment","floor":15,"key":"SMITH"},{"data":"Demon Form","floor":28,"key":"SMITH"},{"floor":32,"key":"REST"}],"neow_cost":"NONE","seed_source_timestamp":91716283870403,"circlet_count":0,"master_deck":["Strike_R","Defend_R","Defend_R","Defend_R","Defend_R","Bash","Headbutt","Demon Form+1","Armaments+1","Enlightenment+1","Blood for Blood","Double Tap","Necronomicurse","Carnage","RitualDagger","Bludgeon"],"relics":["Burning Blood","NeowsBlessing","SsserpentHead","Self Forming Clay","Bottled Lightning","Potion Belt","Ectoplasm","Necronomicon","Lantern","Blue Candle","Bag of Preparation","White Beast Statue"],"potions_floor_usage":[18,37,37,37],"damage_taken":[{"damage":0,"enemies":"Cultist","floor":1,"turns":1},{"damage":0,"enemies":"Jaw Worm","floor":2,"turns":1},{"damage":0,"enemies":"2 Louse","floor":5,"turns":1},{"damage":8,"enemies":"Blue Slaver","floor":8,"turns":6},{"damage":19,"enemies":"3 Sentries","floor":11,"turns":8},{"damage":6,"enemies":"Large Slime","floor":12,"turns":3},{"damage":16,"enemies":"Lots of Slimes","floor":13,"turns":5},{"damage":30,"enemies":"Slime Boss","floor":16,"turns":9},{"damage":5,"enemies":"3 Byrds","floor":18,"turns":5},{"damage":13,"enemies":"Spheric Guardian","floor":22,"turns":4},{"damage":26,"enemies":"Gremlin Leader","floor":29,"turns":6},{"damage":24,"enemies":"Slaver and Parasite","floor":30,"turns":5},{"damage":20,"enemies":"Collector","floor":33,"turns":6},{"damage":7,"enemies":"3 Shapes","floor":35,"turns":4},{"damage":80,"enemies":"Donu and Deca","floor":37,"turns":7}],"seed_played":"4076213777000442674","potions_obtained":[{"floor":8,"key":"SpeedPotion"},{"floor":13,"key":"Energy Potion"},{"floor":16,"key":"Dexterity Potion"},{"floor":33,"key":"SkillPotion"},{"floor":35,"key":"FearPotion"}],"is_trial":false,"path_per_floor":["M","M","?","?","M","R","$","M","T","?","E","M","M","$","R","B",null,"M","?","$","?","M","?","T","$","T","$","R","E","M","?","R","B",null,"M","?"],"character_chosen":"IRONCLAD","items_purchased":["Enlightenment"],"campfire_rested":1,"item_purchase_floors":[7],"current_hp_per_floor":[80,80,80,62,68,68,68,66,66,66,53,53,43,43,43,19,80,80,64,64,64,57,57,57,57,57,57,57,37,19,13,37,23,80,79,79,0],"gold":36,"neow_bonus":"THREE_ENEMY_KILL","is_prod":false,"is_daily":false,"chose_seed":false,"campfire_upgraded":3,"win_rate":0,"timestamp":1531348668,"path_taken":["M","?","?","?","?","R","?","M","T","?","E","M","M","$","R","BOSS","M","?","?","?","M","?","?","$","T","$","R","E","?","?","R","BOSS","M","?","BOSS"],"build_version":"2018-07-05","purchased_purges":3,"victory":false,"max_hp_per_floor":[80,80,80,80,80,80,80,80,80,80,80,80,80,80,80,80,80,80,80,80,80,80,80,80,80,80,80,80,80,80,80,80,80,80,80,80,80],"card_choices":[{"not_picked":["Perfected Strike","Havoc"],"picked":"Headbutt","floor":1},{"not_picked":["Spot Weakness","Wild Strike"],"picked":"Demon Form","floor":2},{"not_picked":["Sword Boomerang","True Grit"],"picked":"Armaments","floor":5},{"not_picked":["Anger","Carnage","Rupture"],"picked":"SKIP","floor":8},{"not_picked":["Combust","Burning Pact"],"picked":"Blood for Blood","floor":11},{"not_picked":["Dual Wield","Uppercut","Heavy Blade"],"picked":"SKIP","floor":12},{"not_picked":["Combust","Wild Strike","Armaments"],"picked":"SKIP","floor":13},{"not_picked":["Impervious","Feed"],"picked":"Double Tap","floor":16},{"not_picked":["Iron Wave","Wild Strike","Sword Boomerang"],"picked":"SKIP","floor":18},{"not_picked":["Carnage","Blood for Blood","Clothesline"],"picked":"SKIP","floor":22},{"not_picked":["Flex","Thunderclap","Twin Strike"],"picked":"SKIP","floor":29},{"not_picked":["Clash","Thunderclap"],"picked":"Carnage","floor":30},{"not_picked":["Feed","Juggernaut"],"picked":"Bludgeon","floor":33},{"not_picked":["Evolve","Second Wind","Iron Wave+1"],"picked":"SKIP","floor":35}],"player_experience":287998,"relics_obtained":[{"floor":9,"key":"Bottled Lightning"},{"floor":11,"key":"Potion Belt"},{"floor":19,"key":"Necronomicon"},{"floor":24,"key":"Lantern"},{"floor":26,"key":"Blue Candle"},{"floor":29,"key":"Bag of Preparation"}],"event_choices":[{"event_name":"FaceTrader","player_choice":"Trade","floor":3,"damage_taken":0},{"event_name":"Scrap Ooze","player_choice":"success","floor":4,"damage_taken":18},{"event_name":"Dead Adventurer","player_choice":"Searched \u00271\u0027 times","floor":10,"damage_taken":0},{"event_name":"Cursed Tome","player_choice":"Obtained Book","floor":19,"damage_taken":0},{"event_name":"Beggar","player_choice":"Ignored","floor":21,"damage_taken":0},{"event_name":"Purifier","player_choice":"One Purge","floor":23,"damage_taken":0},{"event_name":"Nest","player_choice":"Joined the Cult","floor":31,"damage_taken":0},{"event_name":"SecretPortal","player_choice":"Took Portal.","floor":36,"damage_taken":0}],"boss_relics":[{"not_picked":["Coffee Dripper","Empty Cage"],"picked":"Ectoplasm"},{"not_picked":["Calling Bell","Astrolabe"],"picked":"White Beast Statue"}],"items_purged_floors":[7,14,20],"is_endless":false,"potions_floor_spawned":[8,13,16,33,35],"killed_by":"Donu and Deca","ascension_level":0}