{"path_per_floor":["M","M","M","$","?","R","E","R","T","E","R","M","$","M","R","B",null,"M","?","?","?","M","R","M","M","T"],"character_chosen":"IRONCLAD","items_purchased":["Iron Wave","Demon Form"],"gold_per_floor":[115,128,146,20,20,20,46,46,99,155,155,174,1,12,12,116,146,158,83,83,173,187,187,197,212,212,212],"floor_reached":27,"campfire_rested":0,"playtime":3079,"current_hp_per_floor":[74,79,74,74,58,58,55,55,55,54,54,62,62,67,67,41,85,85,85,85,61,42,42,46,23,23,0],"items_purged":["Strike_R","Strike_R"],"gold":212,"score":223,"play_id":"6adf681e-15cf-4113-8f8b-93111f46b8df","local_time":"20180512072629","is_prod":false,"is_daily":false,"chose_seed":false,"is_ascension_mode":false,"campfire_upgraded":5,"timestamp":1526106389,"path_taken":["M","M","M","$","?","R","E","R","T","E","R","M","$","M","R","BOSS","M","?","?","?","?","R","M","?","T","E"],"build_version":"2018-05-03","seed_source_timestamp":208704823576624,"purchased_purges":2,"victory":false,"master_deck":["Strike_R","Strike_R","Defend_R+1","Defend_R","Defend_R+1","Defend_R+1","Bash","Fire Breathing+1","Armaments+1","Pommel Strike","Iron Wave","Berserk+1","Battle Trance+1","Demon Form+1","Double Tap+1","Seeing Red+1","Armaments+1","Jack Of All Trades","Ghostly Armor"],"max_hp_per_floor":[80,80,80,80,80,80,80,80,80,80,80,80,80,80,80,80,85,85,85,85,85,85,85,85,85,85,85],"relics":["Burning Blood","Blood Vial","War Paint","Vajra","Tiny House","Nloth\u0027s Gift","Bronze Scales"],"card_choices":[{"not_picked":["Infernal Blade","Warcry"],"picked":"Fire Breathing","floor":1},{"not_picked":["True Grit","Shockwave"],"picked":"Armaments","floor":2},{"not_picked":["True Grit","Sever Soul"],"picked":"Pommel Strike","floor":3},{"not_picked":["Headbutt","Rupture"],"picked":"Berserk","floor":7},{"not_picked":["Fire Breathing","Headbutt"],"picked":"Battle Trance","floor":10},{"not_picked":["Fiend Fire","Impervious"],"picked":"Double Tap","floor":16},{"not_picked":["Wild Strike","Searing Blow"],"picked":"Seeing Red","floor":17},{"not_picked":["Intimidate","Blood for Blood"],"picked":"Armaments","floor":18},{"not_picked":["Feel No Pain","Havoc"],"picked":"Ghostly Armor","floor":25}],"player_experience":109509,"potions_floor_usage":[10,14,22,27],"damage_taken":[{"damage":12,"enemies":"2 Louse","floor":1,"turns":4},{"damage":3,"enemies":"Jaw Worm","floor":2,"turns":6},{"damage":12,"enemies":"Small Slimes","floor":3,"turns":5},{"damage":11,"enemies":"3 Sentries","floor":7,"turns":9},{"damage":9,"enemies":"Lagavulin","floor":10,"turns":7},{"damage":0,"enemies":"Looter","floor":12,"turns":3},{"damage":3,"enemies":"Exordium Thugs","floor":14,"turns":5},{"damage":34,"enemies":"Hexaghost","floor":16,"turns":7},{"damage":5,"enemies":"Chosen","floor":18,"turns":4},{"damage":27,"enemies":"Spheric Guardian","floor":22,"turns":4},{"damage":4,"enemies":"Centurion and Healer","floor":24,"turns":7},{"damage":31,"enemies":"Snake Plant","floor":25,"turns":7},{"damage":26,"enemies":"Gremlin Leader","floor":27,"turns":7}],"event_choices":[{"event_name":"Shining Light","player_choice":"Entered Light","floor":5,"damage_taken":0},{"event_name":"Beggar","player_choice":"Gave Gold","floor":19,"damage_taken":0},{"event_name":"N\u0027loth","player_choice":"Traded a Tiny Chest","floor":20,"damage_taken":0},{"event_name":"Knowing Skull","player_choice":"CARD GOLD ","floor":21,"damage_taken":0}],"boss_relics":[{"not_picked":["Sozu","Ectoplasm"],"picked":"Tiny House"}],"potions_floor_spawned":[1,2,14,18,24],"seed_played":"-407489576655920368","killed_by":"Gremlin Leader","ascension_level":0,"is_trial":false}