{"gold_per_floor":[119,69,69,81,6,6,6,6,6,24,52,72,72,92,92,188,188,198,198,224,224,243,243,67,86,86,186,206,233,252,267,267,367,367,384,384,384,395,146,171,171,183,183,183,32,32,46,60,60,60],"floor_reached":50,"playtime":3527,"items_purged":["Strike_R"],"score":572,"play_id":"3a9206da-2fac-4f86-be1a-91a791107b85","local_time":"20180715161359","is_ascension_mode":false,"campfire_choices":[{"data":"Body Slam","floor":8,"key":"SMITH"},{"data":"Iron Wave","floor":13,"key":"SMITH"},{"floor":15,"key":"REST"},{"floor":23,"key":"REST"},{"floor":32,"key":"REST"},{"floor":44,"key":"REST"},{"floor":46,"key":"REST"},{"floor":49,"key":"REST"}],"neow_cost":"NONE","seed_source_timestamp":360414316308102,"circlet_count":0,"master_deck":["Strike_R+1","Defend_R","Defend_R","Defend_R","Defend_R","Body Slam+1","Pommel Strike+1","Iron Wave+1","Demon Form+1","Headbutt","Metallicize","Whirlwind","Limit Break","Cleave","Thunderclap","Shrug It Off","Metallicize","Uppercut","Armaments+1","Ghostly Armor+1"],"relics":["Burning Blood","Dodecahedron","Bronze Scales","Lizard Tail","Red Mask","Meat on the Bone","Blood Vial","Fusion Hammer","Lee\u0027s Waffle","Art of War","Bottled Lightning"],"potions_floor_usage":[11,22,30,30,31,31,31,31,33,47,47,50,50,50],"damage_taken":[{"damage":7,"enemies":"2 Louse","floor":1,"turns":3},{"damage":0,"enemies":"Small Slimes","floor":4,"turns":3},{"damage":0,"enemies":"Jaw Worm","floor":10,"turns":3},{"damage":25,"enemies":"Gremlin Nob","floor":11,"turns":5},{"damage":1,"enemies":"Large Slime","floor":12,"turns":5},{"damage":0,"enemies":"Blue Slaver","floor":14,"turns":3},{"damage":0,"enemies":"Slime Boss","floor":16,"turns":8},{"damage":0,"enemies":"Spheric Guardian","floor":18,"turns":3},{"damage":31,"floor":20,"turns":5},{"damage":9,"enemies":"Shell Parasite","floor":22,"turns":6},{"damage":14,"enemies":"Cultist and Chosen","floor":25,"turns":6},{"damage":18,"enemies":"Snake Plant","floor":28,"turns":4},{"damage":34,"enemies":"Slaver and Parasite","floor":30,"turns":5},{"damage":50,"enemies":"Sentry and Sphere","floor":31,"turns":6},{"damage":89,"enemies":"Collector","floor":33,"turns":8},{"damage":12,"enemies":"3 Shapes","floor":35,"turns":6},{"damage":51,"enemies":"Orb Walker","floor":38,"turns":6},{"damage":47,"enemies":"Nemesis","floor":40,"turns":7},{"damage":20,"enemies":"Spire Growth","floor":42,"turns":6},{"damage":24,"enemies":"Sphere and 2 Shapes","floor":47,"turns":6},{"damage":58,"enemies":"Transient","floor":48,"turns":5},{"damage":84,"enemies":"Awakened One","floor":50,"turns":8}],"seed_played":"5203583730306843074","potions_obtained":[{"floor":1,"key":"PowerPotion"},{"floor":10,"key":"Fire Potion"},{"floor":12,"key":"Strength Potion"},{"floor":20,"key":"EssenceOfSteel"},{"floor":28,"key":"Energy Potion"},{"floor":30,"key":"EntropicBrew"},{"floor":31,"key":"SteroidPotion"},{"floor":40,"key":"AttackPotion"},{"floor":47,"key":"Poison Potion"},{"floor":48,"key":"SpeedPotion"}],"is_trial":false,"path_per_floor":["M","?","?","M","$","?","?","R","T","M","E","M","R","M","R","B",null,"M","?","?","$","M","R","$","M","T","?","M","T","M","M","R","B",null,"M","?","?","M","$","E","?","M","T","R","$","R","M","M","R"],"character_chosen":"IRONCLAD","items_purchased":["Whirlwind","Limit Break","Lee\u0027s Waffle","Shrug It Off","Regen Potion","EssenceOfSteel"],"campfire_rested":6,"item_purchase_floors":[24,24,39,39,45,45],"current_hp_per_floor":[79,79,63,69,69,62,62,62,62,68,49,54,54,60,80,80,80,80,80,55,55,52,76,76,68,68,68,56,56,42,22,46,36,80,74,74,90,57,97,56,56,56,56,85,85,97,88,50,79,0],"gold":60,"neow_bonus":"THREE_CARDS","is_prod":false,"is_daily":false,"chose_seed":false,"campfire_upgraded":2,"win_rate":0,"timestamp":1531667639,"path_taken":["M","?","?","M","$","?","?","R","T","M","E","?","R","M","R","BOSS","M","?","?","$","?","R","?","M","T","?","M","?","M","?","R","BOSS","M","?","?","?","$","E","?","?","T","R","?","R","M","?","R","BOSS"],"build_version":"2018-07-12","purchased_purges":1,"victory":false,"max_hp_per_floor":[80,80,80,80,80,80,80,80,80,80,80,80,80,80,80,80,80,80,80,80,80,80,80,80,80,80,80,80,80,80,80,80,80,80,80,80,90,90,97,97,97,97,97,97,97,97,97,97,97,97],"card_choices":[{"not_picked":["Anger","Clothesline"],"picked":"Body Slam","floor":0},{"not_picked":["Flex","Twin Strike"],"picked":"Pommel Strike","floor":1},{"not_picked":["Clothesline","Heavy Blade","Havoc"],"picked":"SKIP","floor":4},{"not_picked":["Reckless Charge","Sword Boomerang"],"picked":"Iron Wave","floor":10},{"not_picked":["Intimidate","Rupture","Uppercut"],"picked":"SKIP","floor":11},{"not_picked":["Burning Pact","Seeing Red","Corruption"],"picked":"SKIP","floor":12},{"not_picked":["Warcry","Hemokinesis","True Grit"],"picked":"SKIP","floor":14},{"not_picked":["Limit Break","Impervious"],"picked":"Demon Form","floor":16},{"not_picked":["Twin Strike","Havoc","Body Slam"],"picked":"SKIP","floor":18},{"not_picked":["Clothesline","Hemokinesis"],"picked":"Headbutt","floor":20},{"not_picked":["Shockwave","Feel No Pain"],"picked":"Metallicize","floor":22},{"not_picked":["Cleave","Warcry","Infernal Blade"],"picked":"SKIP","floor":25},{"not_picked":["Warcry","Infernal Blade"],"picked":"Cleave","floor":25},{"not_picked":["True Grit+1","Cleave","Clash"],"picked":"SKIP","floor":28},{"not_picked":["Clash","Shrug It Off"],"picked":"Juggernaut","floor":30},{"not_picked":["Feel No Pain","Uppercut","Blood for Blood"],"picked":"SKIP","floor":31},{"not_picked":["Sword Boomerang+1","Iron Wave","Thunderclap"],"picked":"SKIP","floor":35},{"not_picked":["Thunderclap","Pommel Strike+1","Shockwave+1"],"picked":"SKIP","floor":38},{"not_picked":["Pommel Strike+1","Shockwave+1"],"picked":"Thunderclap","floor":38},{"not_picked":["Dark Embrace","Carnage","Armaments"],"picked":"SKIP","floor":40},{"not_picked":["Dark Embrace","Carnage","Armaments"],"picked":"SKIP","floor":40},{"not_picked":["Pommel Strike","Iron Wave"],"picked":"Uppercut","floor":42},{"not_picked":["Twin Strike+1","Shrug It Off+1"],"picked":"Armaments+1","floor":47},{"not_picked":["Uppercut","Iron Wave"],"picked":"Ghostly Armor+1","floor":48}],"player_experience":332464,"relics_obtained":[{"floor":9,"key":"Dodecahedron"},{"floor":11,"key":"Bronze Scales"},{"floor":20,"key":"Red Mask"},{"floor":26,"key":"Meat on the Bone"},{"floor":29,"key":"Blood Vial"},{"floor":40,"key":"Art of War"},{"floor":43,"key":"Bottled Lightning"}],"event_choices":[{"event_name":"The Cleric","player_choice":"Card Removal","floor":2,"damage_taken":0},{"event_name":"Shining Light","player_choice":"Entered Light","floor":3,"damage_taken":0},{"event_name":"Golden Wing","player_choice":"Card Removal","floor":6,"damage_taken":0},{"event_name":"Living Wall","player_choice":"Forget","floor":7,"damage_taken":0},{"event_name":"Upgrade Shrine","player_choice":"Upgraded","floor":19,"damage_taken":0},{"event_name":"Masked Bandits","player_choice":"Fought over 198 gold","floor":20,"damage_taken":0},{"event_name":"Golden Shrine","player_choice":"Pray","floor":27,"damage_taken":0},{"event_name":"Falling","player_choice":"Removed Attack","floor":36,"damage_taken":0},{"event_name":"Bonfire Elementals","player_choice":"RARE","floor":37,"damage_taken":0},{"event_name":"Duplicator","player_choice":"One dupe","floor":41,"damage_taken":0}],"boss_relics":[{"not_picked":["Astrolabe","Black Blood"],"picked":"Lizard Tail"},{"not_picked":["Philosopher\u0027s Stone","Orrery"],"picked":"Fusion Hammer"}],"items_purged_floors":[5],"is_endless":false,"potions_floor_spawned":[1,10,12,20,28,30,31,40,47,48],"killed_by":"Awakened One","ascension_level":0}