{"path_per_floor":["M","?","$","?","M","R","M","E","T","M","$","M","R","M","R","B",null,"M","?","?","M","?","R"],"character_chosen":"THE_SILENT","items_purchased":["Noxious Fumes"],"gold_per_floor":[116,116,37,37,54,54,65,93,93,112,37,7,7,18,18,116,116,96,19,19,32,0,0,0],"floor_reached":24,"campfire_rested":3,"playtime":1693,"item_purchase_floors":[3],"current_hp_per_floor":[70,70,70,70,70,70,70,40,40,40,40,40,61,51,70,50,70,58,58,58,42,42,63,0],"items_purged":["Strike_G"],"gold":0,"score":194,"play_id":"3367bc1f-b8af-4c44-9684-32b169f07f4f","local_time":"20180528232553","is_prod":false,"is_daily":false,"chose_seed":false,"is_ascension_mode":false,"campfire_upgraded":1,"win_rate":0,"timestamp":1527546353,"campfire_choices":[{"data":"Phantasmal Killer","floor":6,"key":"SMITH"},{"floor":13,"key":"REST"},{"floor":15,"key":"REST"},{"floor":23,"key":"REST"}],"path_taken":["M","?","$","?","?","R","M","E","T","M","?","M","R","M","R","BOSS","M","?","?","M","?","R","E"],"build_version":"2018-05-24","seed_source_timestamp":28053177934333,"purchased_purges":1,"victory":false,"master_deck":["Defend_G","Defend_G","Defend_G","Defend_G","Defend_G","Strike_G","Strike_G","Survivor","Neutralize","Deflect","Phantasmal Killer+1","Noxious Fumes","Outmaneuver","Sucker Punch","Flying Knee","Finisher","Backflip","Endless Agony","Adrenaline","Bane","J.A.X.","Prepared","Skewer+1"],"max_hp_per_floor":[70,70,70,70,70,70,70,70,70,70,70,70,70,70,70,70,70,70,70,70,70,70,70,70],"relics":["Ring of the Snake","NeowsBlessing","Gremlin Horn","Kunai","Black Star"],"card_choices":[{"not_picked":["Sucker Punch","Underhanded Strike"],"picked":"Deflect","floor":1},{"not_picked":["Prepared","Masterful Stab"],"picked":"Outmaneuver","floor":5},{"not_picked":["Expertise","Deflect"],"picked":"Sucker Punch","floor":7},{"not_picked":["Well Laid Plans","Cloak And Dagger"],"picked":"Flying Knee","floor":8},{"not_picked":["Sucker Punch","Cloak And Dagger"],"picked":"Finisher","floor":10},{"not_picked":["Outmaneuver","Sucker Punch"],"picked":"Backflip","floor":12},{"not_picked":["Infinite Blades","Blade Dance"],"picked":"Endless Agony","floor":14},{"not_picked":["Venomology","Tactician"],"picked":"Adrenaline","floor":16},{"not_picked":["Escape Plan","Dodge and Roll+1"],"picked":"Bane","floor":18},{"not_picked":["Bouncing Flask","Outmaneuver"],"picked":"Skewer+1","floor":21}],"player_experience":227369,"potions_floor_usage":[12,18],"damage_taken":[{"damage":0,"enemies":"2 Louse","floor":1,"turns":1},{"damage":0,"enemies":"Jaw Worm","floor":5,"turns":1},{"damage":0,"enemies":"Small Slimes","floor":7,"turns":1},{"damage":30,"enemies":"3 Sentries","floor":8,"turns":9},{"damage":0,"enemies":"3 Louse","floor":10,"turns":4},{"damage":0,"enemies":"Looter","floor":12,"turns":4},{"damage":10,"enemies":"Gremlin Gang","floor":14,"turns":5},{"damage":20,"enemies":"Slime Boss","floor":16,"turns":11},{"damage":12,"enemies":"2 Thieves","floor":18,"turns":4},{"damage":16,"enemies":"Spheric Guardian","floor":21,"turns":5},{"damage":68,"enemies":"Slavers","floor":24,"turns":5}],"relics_obtained":[{"floor":8,"key":"Gremlin Horn"},{"floor":9,"key":"Kunai"}],"event_choices":[{"event_name":"Living Wall","player_choice":"Change","floor":2,"damage_taken":0},{"event_name":"Golden Wing","player_choice":"Ignored","floor":4,"damage_taken":0},{"event_name":"Drug Dealer","player_choice":"Got JAXXED","floor":19,"damage_taken":0},{"event_name":"Transmorgrifier","player_choice":"Transform","floor":20,"damage_taken":0},{"event_name":"Masked Bandits","player_choice":"Paid Bandits 32 gold","floor":22,"damage_taken":0}],"boss_relics":[{"not_picked":["Snecko Eye","Velvet Choker"],"picked":"Black Star"}],"items_purged_floors":[11],"potions_floor_spawned":[8,16],"seed_played":"3756432689473488430","killed_by":"Slavers","ascension_level":0,"potions_obtained":[{"floor":8,"key":"Strength Potion"},{"floor":16,"key":"PowerPotion"}],"is_trial":false}