{"gold_per_floor":[116,116,41,55,71,71,99,99,124,141,141,197,197,211,211,314,314,328,339,254,254,254,254,154,166,192,204,251,263,290,312,324,336],"floor_reached":33,"playtime":1026,"items_purged":["Defend_R","Defend_R"],"score":450,"play_id":"25e564ce-28d2-4a4d-8d7b-75fd752543e0","local_time":"20190218164917","is_ascension_mode":true,"campfire_choices":[{"data":"Double Tap","floor":6,"key":"SMITH"},{"data":"Inflame","floor":8,"key":"SMITH"},{"data":"Rage","floor":11,"key":"SMITH"},{"data":"Sword Boomerang","floor":13,"key":"SMITH"},{"floor":15,"key":"REST"},{"data":"Limit Break","floor":23,"key":"SMITH"},{"data":"Flex","floor":29,"key":"SMITH"},{"floor":32,"key":"REST"}],"neow_cost":"NONE","seed_source_timestamp":69108686099100,"circlet_count":0,"master_deck":["Strike_R","Strike_R","Strike_R","Strike_R","Strike_R","Defend_R","Defend_R","Bash","Inflame+1","Twin Strike","Double Tap+1","Rage+1","Dropkick","Sword Boomerang+1","Dropkick","Flex+1","Limit Break+1","Battle Trance","Pummel","Carnage"],"relics":["Burning Blood","Bronze Scales","Happy Flower","Dream Catcher","Busted Crown","Du-Vu Doll","MawBank","Pear","Red Skull"],"potions_floor_usage":[12,25,30,31,33],"damage_taken":[{"damage":6,"enemies":"Jaw Worm","floor":1,"turns":4},{"damage":0,"enemies":"Cultist","floor":4,"turns":2},{"damage":0,"enemies":"2 Louse","floor":5,"turns":2},{"damage":42,"enemies":"Lagavulin","floor":7,"turns":6},{"damage":0,"enemies":"Looter","floor":10,"turns":2},{"damage":10,"enemies":"3 Sentries","floor":12,"turns":4},{"damage":2,"enemies":"Exordium Wildlife","floor":14,"turns":2},{"damage":0,"enemies":"Slime Boss","floor":16,"turns":3},{"damage":19,"enemies":"Shell Parasite","floor":18,"turns":4},{"damage":7,"enemies":"3 Byrds","floor":19,"turns":3},{"damage":0,"enemies":"Cultist and Chosen","floor":25,"turns":3},{"damage":0,"enemies":"Gremlin Leader","floor":28,"turns":5},{"damage":24,"enemies":"Snake Plant","floor":30,"turns":2},{"damage":17,"enemies":"Centurion and Healer","floor":31,"turns":4},{"damage":91,"enemies":"Automaton","floor":33,"turns":6}],"seed_played":"-5537520747283668317","potions_obtained":[{"floor":1,"key":"Strength Potion"},{"floor":5,"key":"Ancient Potion"},{"floor":12,"key":"Dexterity Potion"},{"floor":19,"key":"Strength Potion"},{"floor":25,"key":"FearPotion"}],"is_trial":false,"path_per_floor":["M","?","$","M","M","R","E","R","T","M","R","?","R","M","R","B",null,"M","M","?","?","?","R","$","M","T","T","E","R","M","M","R","B"],"character_chosen":"IRONCLAD","items_purchased":[],"campfire_rested":2,"item_purchase_floors":[],"current_hp_per_floor":[80,80,80,80,80,80,44,44,44,50,50,46,46,50,74,80,80,67,66,66,66,51,51,51,57,57,67,73,73,55,44,72,0],"gold":336,"neow_bonus":"THREE_CARDS","is_prod":false,"is_daily":false,"chose_seed":false,"campfire_upgraded":6,"win_rate":0,"timestamp":1550537357,"path_taken":["M","?","$","?","?","R","E","R","T","M","R","?","R","M","R","BOSS","M","M","?","?","?","R","$","?","T","?","E","R","M","M","R","BOSS"],"build_version":"2019-01-23","purchased_purges":2,"victory":false,"max_hp_per_floor":[80,80,80,80,80,80,80,80,80,80,80,80,80,80,80,80,80,80,80,80,80,85,85,85,85,85,95,95,95,95,95,95,95],"card_choices":[{"not_picked":["Flex","Fire Breathing"],"picked":"Inflame","floor":1},{"not_picked":["Infernal Blade","Metallicize","Twin Strike"],"picked":"SKIP","floor":4},{"not_picked":["Perfected Strike","Wild Strike"],"picked":"Rage","floor":5},{"not_picked":["Juggernaut","Body Slam"],"picked":"Dropkick","floor":7},{"not_picked":["Burning Pact","Combust"],"picked":"Sword Boomerang","floor":10},{"not_picked":["Pommel Strike","Burning Pact"],"picked":"Dropkick","floor":14},{"not_picked":["Perfected Strike","Iron Wave"],"picked":"Flex","floor":15},{"not_picked":["Brutality","Double Tap"],"picked":"Limit Break","floor":16},{"not_picked":[],"picked":"Battle Trance","floor":18},{"not_picked":[],"picked":"Anger+1","floor":19},{"not_picked":["Headbutt"],"picked":"SKIP","floor":25},{"not_picked":[],"picked":"Pummel","floor":28},{"not_picked":["Iron Wave+1"],"picked":"SKIP","floor":30},{"not_picked":["Bludgeon"],"picked":"SKIP","floor":31},{"not_picked":[],"picked":"Carnage","floor":32}],"player_experience":193073,"relics_obtained":[{"floor":7,"key":"Bronze Scales"},{"floor":9,"key":"Happy Flower"},{"floor":12,"key":"Dream Catcher"},{"floor":26,"key":"MawBank"},{"floor":27,"key":"Pear"},{"floor":28,"key":"Red Skull"}],"event_choices":[{"damage_healed":0,"gold_gain":0,"player_choice":"2 cards matched","damage_taken":0,"max_hp_gain":0,"max_hp_loss":0,"event_name":"Match and Keep!","floor":2,"gold_loss":0,"cards_obtained":["Twin Strike","Double Tap"]},{"damage_healed":0,"gold_gain":0,"player_choice":"Searched \u00272\u0027 times","damage_taken":0,"max_hp_gain":0,"max_hp_loss":0,"event_name":"Dead Adventurer","floor":12,"gold_loss":0},{"damage_healed":0,"gold_gain":0,"player_choice":"Obtained Relic","damage_taken":0,"relics_obtained":["Du-Vu Doll"],"max_hp_gain":0,"max_hp_loss":0,"event_name":"Addict","floor":20,"gold_loss":85},{"cards_removed":["Anger"],"damage_healed":0,"gold_gain":0,"player_choice":"Elegance","damage_taken":0,"max_hp_gain":0,"max_hp_loss":0,"event_name":"Back to Basics","floor":21,"gold_loss":0},{"damage_healed":0,"gold_gain":0,"player_choice":"Shed Blood","damage_taken":20,"max_hp_gain":5,"max_hp_loss":0,"event_name":"Forgotten Altar","floor":22,"gold_loss":0}],"is_beta":false,"boss_relics":[{"not_picked":["Orrery","White Beast Statue"],"picked":"Busted Crown"}],"items_purged_floors":[3,24],"is_endless":false,"potions_floor_spawned":[1,5,12,19,25,28],"killed_by":"Automaton","ascension_level":5}