{"gold_per_floor":[119,69,69,69,81,114,114,149,175,175,187,33,45,62,62,157,157,157,82,9,9,9,9,9,9,9,9,9,9,9,9,9,9,9,9,9,9,9,9,9,9,9,9,9,9,9,9,9,9,9],"floor_reached":50,"playtime":2779,"items_purged":[],"score":723,"play_id":"520119a6-476f-453c-8406-4dae0092fc0e","local_time":"20190113013735","is_ascension_mode":true,"campfire_choices":[{"data":"Rampage","floor":7,"key":"SMITH"},{"data":"Dual Wield","floor":15,"key":"SMITH"},{"floor":23,"key":"REST"},{"data":"Juggernaut","floor":25,"key":"SMITH"},{"floor":29,"key":"REST"},{"data":"Inflame","floor":32,"key":"SMITH"},{"floor":40,"key":"REST"},{"floor":42,"key":"REST"},{"data":"Rage","floor":45,"key":"SMITH"},{"floor":49,"key":"REST"}],"neow_cost":"NONE","seed_source_timestamp":5122913644393,"circlet_count":0,"master_deck":["Strike_R","Defend_R","Defend_R","Defend_R","Bash","Clothesline","Rampage+1","Juggernaut+1","Cleave","Rage+1","Dual Wield+1","Juggernaut","Battle Trance","Inflame+1","Entrench+1","Body Slam+1","Rage"],"relics":["Burning Blood","NeowsBlessing","Orichalcum","Oddly Smooth Stone","Regal Pillow","Bag of Marbles","Art of War","Ectoplasm","Pantograph","Strawberry","Mark of Pain","Magic Flower","Vajra","Blood Vial"],"potions_floor_usage":[11,18,35],"damage_taken":[{"damage":0,"enemies":"Jaw Worm","floor":1,"turns":1},{"damage":0,"enemies":"2 Louse","floor":5,"turns":1},{"damage":0,"enemies":"Lagavulin","floor":6,"turns":1},{"damage":26,"enemies":"3 Sentries","floor":8,"turns":7},{"damage":0,"enemies":"Cultist","floor":11,"turns":3},{"damage":0,"enemies":"Large Slime","floor":13,"turns":5},{"damage":5,"enemies":"3 Louse","floor":14,"turns":2},{"damage":74,"enemies":"The Guardian","floor":16,"turns":14},{"damage":13,"enemies":"3 Byrds","floor":18,"turns":4},{"damage":18,"enemies":"Shell Parasite","floor":22,"turns":5},{"damage":20,"enemies":"Colosseum Slavers","floor":24,"turns":4},{"damage":34,"enemies":"Slavers","floor":27,"turns":5},{"damage":18,"enemies":"Chosen and Byrds","floor":31,"turns":6},{"damage":61,"enemies":"Collector","floor":33,"turns":8},{"damage":40,"enemies":"3 Darklings","floor":35,"turns":4},{"damage":30,"enemies":"Mind Bloom Boss Battle","floor":36,"turns":6},{"damage":0,"enemies":"3 Shapes","floor":37,"turns":4},{"damage":71,"enemies":"Giant Head","floor":41,"turns":8},{"damage":26,"enemies":"Writhing Mass","floor":47,"turns":5},{"damage":98,"enemies":"Donu and Deca","floor":50,"turns":5}],"seed_played":"437488408974700008","potions_obtained":[{"floor":5,"key":"AttackPotion"},{"floor":6,"key":"SpeedPotion"},{"floor":8,"key":"BloodPotion"},{"floor":27,"key":"Energy Potion"},{"floor":31,"key":"Ancient Potion"},{"floor":33,"key":"Explosive Potion"},{"floor":36,"key":"Poison Potion"},{"floor":41,"key":"Fire Potion"}],"is_trial":false,"path_per_floor":["M","?","?","T","M","E","R","E","T","?","M","$","M","M","R","B",null,"M","?","$","?","M","R","?","R","T","E","?","R","?","M","R","B",null,"M","?","M","?","$","R","E","R","T","?","R","?","M","$","R","B"],"character_chosen":"IRONCLAD","items_purchased":["Art of War","Inflame"],"campfire_rested":5,"item_purchase_floors":[12,20],"current_hp_per_floor":[78,78,71,71,77,80,80,60,60,60,74,74,80,80,80,12,63,56,56,56,56,44,80,66,66,66,45,45,86,86,74,74,32,73,39,40,49,49,49,87,25,66,66,66,66,66,52,52,83,0],"gold":9,"neow_bonus":"THREE_ENEMY_KILL","is_prod":false,"is_daily":false,"chose_seed":false,"campfire_upgraded":5,"win_rate":0,"timestamp":1547343455,"path_taken":["M","?","?","?","M","E","R","E","T","?","M","$","?","M","R","BOSS","M","?","$","?","M","R","?","R","T","E","?","R","?","M","R","BOSS","M","?","M","?","?","R","E","R","T","?","R","?","M","$","R","BOSS"],"build_version":"2019-01-10","purchased_purges":0,"victory":false,"max_hp_per_floor":[80,80,80,80,80,80,80,80,80,80,80,80,80,80,80,80,80,80,80,80,80,80,80,80,80,80,87,87,87,87,87,87,87,87,87,87,87,87,87,87,87,87,87,83,83,83,83,83,83,83],"card_choices":[{"not_picked":["Warcry","Sword Boomerang"],"picked":"Clothesline","floor":1},{"not_picked":["Body Slam","Flex"],"picked":"Rampage","floor":5},{"not_picked":["Shockwave","Carnage"],"picked":"Juggernaut","floor":6},{"not_picked":["Disarm","Reckless Charge"],"picked":"Cleave","floor":8},{"not_picked":["Blood for Blood","Bloodletting"],"picked":"Rage","floor":11},{"not_picked":["Warcry","Shockwave","Iron Wave"],"picked":"SKIP","floor":13},{"not_picked":["Perfected Strike","Flame Barrier"],"picked":"Dual Wield","floor":14},{"not_picked":["Reaper","Bludgeon"],"picked":"Juggernaut","floor":16},{"not_picked":["Flex","Heavy Blade"],"picked":"Battle Trance","floor":18},{"not_picked":["Dual Wield","Pummel","Pommel Strike"],"picked":"SKIP","floor":22},{"not_picked":["Clothesline","Uppercut","Feed"],"picked":"SKIP","floor":27},{"not_picked":["Corruption","Pummel"],"picked":"Entrench+1","floor":31},{"not_picked":["Pommel Strike+1","Infernal Blade"],"picked":"Body Slam+1","floor":35},{"not_picked":["Perfected Strike","Brutality"],"picked":"Rage","floor":37},{"not_picked":["Intimidate","Shockwave+1","Havoc"],"picked":"SKIP","floor":41},{"not_picked":["Twin Strike","Shrug It Off","Warcry+1"],"picked":"SKIP","floor":47}],"player_experience":951410,"relics_obtained":[{"floor":4,"key":"Orichalcum"},{"floor":6,"key":"Oddly Smooth Stone"},{"floor":8,"key":"Regal Pillow"},{"floor":9,"key":"Bag of Marbles"},{"floor":26,"key":"Pantograph"},{"floor":27,"key":"Strawberry"},{"floor":36,"key":"Magic Flower"},{"floor":41,"key":"Vajra"},{"floor":43,"key":"Blood Vial"}],"event_choices":[{"cards_removed":["Strike_R"],"damage_healed":0,"gold_gain":0,"player_choice":"Card Removal","damage_taken":0,"max_hp_gain":0,"max_hp_loss":0,"event_name":"The Cleric","floor":2,"gold_loss":50},{"cards_removed":["Strike_R"],"damage_healed":0,"gold_gain":0,"player_choice":"Card Removal","damage_taken":7,"max_hp_gain":0,"max_hp_loss":0,"event_name":"Golden Wing","floor":3,"gold_loss":0},{"cards_removed":["Strike_R"],"damage_healed":0,"gold_gain":0,"player_choice":"Offered Basic","damage_taken":0,"max_hp_gain":0,"max_hp_loss":0,"event_name":"Bonfire Elementals","floor":10,"gold_loss":0},{"cards_removed":["Strike_R"],"damage_healed":0,"gold_gain":0,"player_choice":"Gave Gold","damage_taken":0,"max_hp_gain":0,"max_hp_loss":0,"event_name":"Beggar","floor":19,"gold_loss":75},{"damage_healed":0,"gold_gain":0,"player_choice":"Ignored","damage_taken":0,"max_hp_gain":0,"max_hp_loss":0,"event_name":"Vampires","floor":21,"gold_loss":0},{"damage_healed":0,"gold_gain":0,"player_choice":"Fight","damage_taken":0,"max_hp_gain":0,"max_hp_loss":0,"event_name":"Colosseum","floor":24,"gold_loss":0},{"damage_healed":0,"gold_gain":0,"player_choice":"Fled From Nobs","damage_taken":0,"max_hp_gain":0,"max_hp_loss":0,"event_name":"Colosseum","floor":24,"gold_loss":0},{"damage_healed":0,"gold_gain":0,"player_choice":"Ignored","damage_taken":0,"max_hp_gain":0,"max_hp_loss":0,"event_name":"Ghosts","floor":28,"gold_loss":0},{"damage_healed":0,"gold_gain":0,"player_choice":"Fight","damage_taken":0,"max_hp_gain":0,"max_hp_loss":0,"event_name":"MindBloom","floor":36,"gold_loss":0},{"cards_removed":["Defend_R"],"damage_healed":0,"gold_gain":0,"player_choice":"Removed Skill","damage_taken":0,"max_hp_gain":0,"max_hp_loss":0,"event_name":"Falling","floor":38,"gold_loss":0},{"damage_healed":0,"gold_gain":0,"player_choice":"Max HP","damage_taken":0,"max_hp_gain":0,"max_hp_loss":4,"event_name":"Winding Halls","floor":44,"gold_loss":0},{"damage_healed":0,"gold_gain":0,"player_choice":"Ignored","damage_taken":0,"max_hp_gain":0,"max_hp_loss":0,"event_name":"Mysterious Sphere","floor":46,"gold_loss":0}],"is_beta":false,"boss_relics":[{"not_picked":["Lizard Tail","Calling Bell"],"picked":"Ectoplasm"},{"not_picked":["Runic Dome","Runic Pyramid"],"picked":"Mark of Pain"}],"items_purged_floors":[],"is_endless":false,"potions_floor_spawned":[5,6,8,27,31,33,36,41],"killed_by":"Donu and Deca","ascension_level":7}