{"gold_per_floor":[12,12,32,48,100,110,110,35,61,61,71,71,83,103,103,200,200,210,222,122,72,87,87,99,117,197,197,209,223,223,75,75,75],"floor_reached":33,"playtime":1392,"items_purged":["Strike_R","Strike_R"],"score":378,"play_id":"2af204eb-56d0-435f-b5aa-07ac05f13b0a","local_time":"20190304162933","is_ascension_mode":true,"campfire_choices":[{"data":"Demon Form","floor":7,"key":"SMITH"},{"floor":15,"key":"REST"},{"floor":23,"key":"REST"},{"floor":27,"key":"REST"},{"floor":32,"key":"REST"}],"neow_cost":"NO_GOLD","seed_source_timestamp":157139896205400,"circlet_count":0,"master_deck":["Strike_R+1","Defend_R","Defend_R","Defend_R","Defend_R","Bash+1","Feed+1","Pommel Strike","Flame Barrier","Demon Form+1","Blood for Blood","Battle Trance","Shrug It Off","Seeing Red","Dropkick","Spot Weakness+1","Demon Form"],"relics":["Burning Blood","Whetstone","Red Skull","Empty Cage","Tiny Chest","Ornamental Fan","Bag of Preparation"],"potions_floor_usage":[11,13,16,29,33,33],"damage_taken":[{"damage":3,"enemies":"Small Slimes","floor":1,"turns":4},{"damage":1,"enemies":"Cultist","floor":3,"turns":3},{"damage":0,"enemies":"2 Louse","floor":4,"turns":3},{"damage":42,"enemies":"Large Slime","floor":6,"turns":11},{"damage":16,"enemies":"Gremlin Gang","floor":11,"turns":5},{"damage":0,"enemies":"Exordium Wildlife","floor":13,"turns":3},{"damage":16,"enemies":"3 Louse","floor":14,"turns":4},{"damage":24,"enemies":"The Guardian","floor":16,"turns":17},{"damage":44,"enemies":"Spheric Guardian","floor":18,"turns":8},{"damage":23,"enemies":"Shell Parasite","floor":19,"turns":10},{"damage":43,"enemies":"Shelled Parasite and Fungi","floor":22,"turns":7},{"damage":7,"enemies":"Snecko","floor":24,"turns":4},{"damage":30,"enemies":"Snake Plant","floor":25,"turns":5},{"damage":33,"enemies":"Shelled Parasite and Fungi","floor":28,"turns":5},{"damage":8,"enemies":"Chosen and Byrds","floor":29,"turns":6},{"damage":106,"enemies":"Automaton","floor":33,"turns":10}],"seed_played":"7592747987895174704","potions_obtained":[{"floor":6,"key":"Energy Potion"},{"floor":11,"key":"Fire Potion"},{"floor":14,"key":"Fire Potion"},{"floor":25,"key":"SpeedPotion"},{"floor":28,"key":"Fire Potion"},{"floor":29,"key":"FearPotion"}],"is_trial":false,"path_per_floor":["M","?","M","M","T","M","R","$","T","$","M","?","M","M","R","B",null,"M","M","$","?","M","R","M","M","T","R","M","M","T","$","R","B"],"character_chosen":"IRONCLAD","items_purchased":["Bag of Preparation"],"campfire_rested":4,"item_purchase_floors":[31],"current_hp_per_floor":[78,78,87,91,91,59,59,59,59,59,53,58,68,62,95,81,107,73,60,60,60,27,65,68,48,48,88,65,63,63,63,105,0],"gold":75,"neow_bonus":"THREE_RARE_CARDS","is_prod":false,"is_daily":false,"chose_seed":false,"campfire_upgraded":1,"win_rate":0,"timestamp":1551745773,"path_taken":["M","?","?","M","?","M","R","?","T","$","M","?","M","M","R","BOSS","M","M","$","?","M","R","M","?","T","R","M","M","?","$","R","BOSS"],"build_version":"2019-01-23","purchased_purges":2,"victory":false,"max_hp_per_floor":[83,83,87,91,91,95,95,95,95,95,99,104,108,112,112,116,116,120,124,124,124,128,128,132,136,136,136,140,140,140,140,140,140],"card_choices":[{"not_picked":["Immolate","Juggernaut"],"picked":"Feed","floor":0},{"not_picked":["Clothesline","Burning Pact"],"picked":"Pommel Strike","floor":1},{"not_picked":["Pommel Strike","Havoc"],"picked":"Flame Barrier","floor":3},{"not_picked":["Armaments","Warcry","Clash"],"picked":"SKIP","floor":4},{"not_picked":["Dual Wield","Headbutt"],"picked":"Demon Form","floor":6},{"not_picked":["Cleave","Clothesline"],"picked":"Blood for Blood","floor":11},{"not_picked":["Headbutt","Body Slam"],"picked":"Battle Trance","floor":13},{"not_picked":["Seeing Red","Intimidate"],"picked":"Shrug It Off","floor":14},{"not_picked":["Infernal Blade","Rampage","Havoc"],"picked":"SKIP","floor":18},{"not_picked":["Power Through","Pommel Strike","Clash"],"picked":"SKIP","floor":19},{"not_picked":["Blood for Blood","Clothesline"],"picked":"Seeing Red","floor":22},{"not_picked":["Seeing Red","Havoc+1","Rupture"],"picked":"SKIP","floor":24},{"not_picked":["Corruption","Havoc"],"picked":"Dropkick","floor":25},{"not_picked":["Heavy Blade+1","Body Slam"],"picked":"Spot Weakness+1","floor":28},{"not_picked":["Clash","Heavy Blade+1"],"picked":"Demon Form","floor":29}],"player_experience":268306,"relics_obtained":[{"floor":5,"key":"Whetstone"},{"floor":9,"key":"Red Skull"},{"floor":26,"key":"Tiny Chest"},{"floor":30,"key":"Ornamental Fan"}],"event_choices":[{"damage_healed":0,"gold_gain":0,"player_choice":"Forge","damage_taken":0,"max_hp_gain":0,"max_hp_loss":0,"event_name":"Accursed Blacksmith","floor":2,"gold_loss":0,"cards_upgraded":["Feed"]},{"damage_healed":0,"gold_gain":0,"player_choice":"Donut","damage_taken":0,"max_hp_gain":5,"max_hp_loss":0,"event_name":"Big Fish","floor":12,"gold_loss":0},{"damage_healed":0,"gold_gain":0,"player_choice":"Bet on Murderer","damage_taken":0,"max_hp_gain":0,"max_hp_loss":0,"event_name":"The Joust","floor":21,"gold_loss":50}],"is_beta":false,"boss_relics":[{"not_picked":["Coffee Dripper","Lizard Tail"],"picked":"Empty Cage"}],"items_purged_floors":[8,20],"is_endless":false,"potions_floor_spawned":[6,11,14,25,28,29],"killed_by":"Automaton","ascension_level":7}