{"gold_per_floor":[117,134,134,134,84,84,113,188,243,296,311,329,329,329],"floor_reached":14,"playtime":351,"items_purged":["Defend_R"],"score":110,"play_id":"35f35194-e88f-42ec-a7b8-7160a20151ff","local_time":"20190226205107","is_ascension_mode":true,"campfire_choices":[{"data":"Bash","floor":6,"key":"SMITH"},{"floor":13,"key":"REST"}],"neow_cost":"NONE","seed_source_timestamp":12253303050800,"circlet_count":0,"master_deck":["Strike_R","Strike_R","Strike_R","Strike_R","Strike_R","Defend_R","Defend_R","Defend_R","Bash+1"],"relics":["Burning Blood","Smiling Mask","Pantograph","Tiny Chest","PreservedInsect"],"potions_floor_usage":[],"damage_taken":[{"damage":6,"enemies":"Cultist","floor":1,"turns":3},{"damage":3,"enemies":"Jaw Worm","floor":2,"turns":5},{"damage":49,"enemies":"Gremlin Nob","floor":7,"turns":5},{"damage":11,"enemies":"Small Slimes","floor":11,"turns":4},{"damage":25,"enemies":"2 Fungi Beasts","floor":12,"turns":4},{"damage":40,"enemies":"Lagavulin","floor":14,"turns":3}],"seed_played":"3284829800043130191","potions_obtained":[{"floor":2,"key":"BloodPotion"},{"floor":12,"key":"BloodPotion"}],"is_trial":false,"path_per_floor":["M","M","?","?","$","R","E","?","T","T","M","M","R","E"],"character_chosen":"IRONCLAD","items_purchased":[],"campfire_rested":1,"item_purchase_floors":[],"current_hp_per_floor":[80,80,80,85,85,85,42,31,31,31,26,7,32,0],"gold":329,"neow_bonus":"RANDOM_COMMON_RELIC","is_prod":false,"is_daily":false,"chose_seed":false,"campfire_upgraded":1,"win_rate":0,"timestamp":1551243067,"path_taken":["M","?","?","?","$","R","E","?","T","?","M","M","R","E"],"build_version":"2019-01-23","purchased_purges":1,"victory":false,"max_hp_per_floor":[80,80,80,85,85,85,85,85,85,85,85,85,85,85],"card_choices":[{"not_picked":["Cleave","Heavy Blade","Dropkick"],"picked":"SKIP","floor":1},{"not_picked":["Sever Soul","Clothesline","Armaments"],"picked":"SKIP","floor":2},{"not_picked":["Dual Wield","Blood for Blood","Fiend Fire"],"picked":"SKIP","floor":7},{"not_picked":["Flex","Warcry","Wild Strike"],"picked":"SKIP","floor":11},{"not_picked":["Wild Strike","Intimidate","Flex"],"picked":"SKIP","floor":12}],"player_experience":226459,"relics_obtained":[{"floor":7,"key":"Pantograph"},{"floor":9,"key":"Tiny Chest"},{"floor":10,"key":"PreservedInsect"}],"event_choices":[{"damage_healed":0,"gold_gain":0,"player_choice":"Ignored","damage_taken":0,"max_hp_gain":0,"max_hp_loss":0,"event_name":"Liars Game","floor":3,"gold_loss":0},{"damage_healed":0,"gold_gain":0,"player_choice":"Donut","damage_taken":0,"max_hp_gain":5,"max_hp_loss":0,"event_name":"Big Fish","floor":4,"gold_loss":0},{"damage_healed":0,"gold_gain":75,"player_choice":"Gather Gold","damage_taken":11,"max_hp_gain":0,"max_hp_loss":0,"event_name":"World of Goop","floor":8,"gold_loss":0}],"is_beta":false,"boss_relics":[],"items_purged_floors":[5],"is_endless":false,"potions_floor_spawned":[2,12],"killed_by":"Lagavulin","ascension_level":5}