{"gold_per_floor":[214,231,20,20,33,33,53,68,68,68,68,68,86,103,103,175,175,191,116,116,132,151,151,168,188,188,250,262,289,150,169,169,243,243,254,254,104,123,123,123,123,142,169,169,9,9,9,21,21,21],"floor_reached":50,"playtime":1415,"items_purged":["Bash","Twin Strike","Clash"],"score":830,"play_id":"0b921ae6-137d-44e6-908d-a8379ff1efd8","local_time":"20190515184600","is_ascension_mode":true,"campfire_choices":[{"data":"Flex","floor":6.0,"key":"SMITH"},{"data":"Heavy Blade","floor":10.0,"key":"SMITH"},{"data":"Thunderclap","floor":12.0,"key":"SMITH"},{"floor":15,"key":"REST"},{"data":"Whirlwind","floor":23,"key":"SMITH"},{"floor":32,"key":"REST"},{"data":"Flex","floor":40,"key":"SMITH"},{"floor":44,"key":"REST"},{"data":"Demon Form","floor":49,"key":"SMITH"}],"neow_cost":"NONE","seed_source_timestamp":0,"circlet_count":0,"master_deck":["AscendersBane","Heavy Blade+1","Flex+1","Thunderclap+1","Whirlwind+1","Flex+1","Demon Form+1"],"special_seed":0,"relics":["Burning Blood","Anchor","Odd Mushroom","Sundial","Pandora\u0027s Box","MawBank","Eternal Feather","PreservedInsect","Red Skull"],"potions_floor_usage":[16,16,21,29,33,33,46,50],"damage_taken":[{"damage":12.0,"enemies":"Jaw Worm","floor":1.0,"turns":3.0},{"damage":7.0,"enemies":"2 Louse","floor":2.0,"turns":3.0},{"damage":0.0,"enemies":"Small Slimes","floor":5.0,"turns":3.0},{"damage":12.0,"enemies":"The Mushroom Lair","floor":7.0,"turns":5.0},{"damage":16.0,"enemies":"Exordium Thugs","floor":8.0,"turns":4.0},{"damage":0,"enemies":"Exordium Wildlife","floor":13,"turns":3},{"damage":11,"enemies":"Blue Slaver","floor":14,"turns":4},{"damage":54,"enemies":"Hexaghost","floor":16,"turns":6},{"damage":1,"enemies":"2 Thieves","floor":18,"turns":2},{"damage":0,"enemies":"Spheric Guardian","floor":21,"turns":1},{"damage":6,"enemies":"Shelled Parasite and Fungi","floor":22,"turns":2},{"damage":2,"enemies":"Cultist and Chosen","floor":24,"turns":2},{"damage":24,"enemies":"Snake Plant","floor":25,"turns":3},{"damage":10,"enemies":"Snecko","floor":29,"turns":3},{"damage":0,"enemies":"3 Cultists","floor":31,"turns":2},{"damage":34,"enemies":"Automaton","floor":33,"turns":5},{"damage":23,"enemies":"3 Shapes","floor":35,"turns":2},{"damage":9,"enemies":"3 Darklings","floor":38,"turns":3},{"damage":0,"enemies":"Transient","floor":42,"turns":5},{"damage":0,"enemies":"4 Shapes","floor":46,"turns":1},{"damage":13,"enemies":"3 Darklings","floor":48,"turns":2},{"damage":101,"enemies":"Awakened One","floor":50,"turns":5}],"seed_played":"3379378966013143855","potions_obtained":[{"floor":2.0,"key":"Ancient Potion"},{"floor":13,"key":"Poison Potion"},{"floor":16,"key":"EssenceOfSteel"},{"floor":18,"key":"SteroidPotion"},{"floor":25,"key":"FearPotion"},{"floor":29,"key":"FearPotion"},{"floor":38,"key":"SteroidPotion"},{"floor":42,"key":"SmokeBomb"},{"floor":48,"key":"EssenceOfSteel"}],"is_trial":false,"path_per_floor":["M","M","$","?","M","R","?","M","T","R","?","R","M","M","R","B",null,"M","$","?","M","M","R","M","M","T","?","?","M","$","M","R","B",null,"M","?","$","M","?","R","?","M","T","R","$","M","?","M","R","B"],"character_chosen":"IRONCLAD","items_purchased":["Anchor","SteroidPotion","Clash","Flex","Red Skull"],"campfire_rested":3,"item_purchase_floors":[3,3,30,37,45],"current_hp_per_floor":[62,61,61,54,60,60,54,44,44,44,44,44,50,45,67,19,61,66,66,66,72,72,72,75,57,57,57,36,32,32,38,62,34,69,52,52,52,49,49,52,47,53,53,80,80,80,80,73,76,0],"gold":21,"neow_bonus":"HUNDRED_GOLD","is_prod":false,"is_daily":false,"chose_seed":false,"campfire_upgraded":6,"win_rate":0,"timestamp":1557971160,"path_taken":["M","M","$","?","M","R","?","M","T","R","?","R","M","?","R","BOSS","M","$","?","M","M","R","M","M","T","?","?","M","$","M","R","BOSS","M","?","$","M","?","R","?","?","T","R","?","M","?","?","R","BOSS"],"build_version":"2019-01-23","purchased_purges":3,"victory":false,"max_hp_per_floor":[75,75,75,75,75,75,75,75,75,75,75,75,75,75,75,75,75,75,75,75,75,75,75,75,75,75,75,80,80,80,80,80,80,80,80,80,80,80,80,80,80,80,80,80,80,80,80,80,80,80],"card_choices":[{"not_picked":["Iron Wave","Warcry"],"picked":"Heavy Blade","floor":1.0},{"not_picked":["Bloodletting","Spot Weakness"],"picked":"Flex","floor":2.0},{"not_picked":["Disarm","Clothesline","Metallicize"],"picked":"SKIP","floor":5.0},{"not_picked":["Havoc","Iron Wave"],"picked":"Thunderclap","floor":7.0},{"not_picked":["Warcry","Infernal Blade","Hemokinesis"],"picked":"SKIP","floor":8.0},{"not_picked":["Armaments","Clash"],"picked":"Twin Strike","floor":13},{"not_picked":["Impervious","Searing Blow","Armaments"],"picked":"SKIP","floor":14},{"not_picked":["Combust","Bloodletting","Headbutt"],"picked":"SKIP","floor":18},{"not_picked":["True Grit","Sword Boomerang"],"picked":"Whirlwind","floor":21},{"not_picked":["Rage","Warcry+1","Sword Boomerang"],"picked":"SKIP","floor":22},{"not_picked":["Armaments","Fiend Fire","Perfected Strike+1"],"picked":"SKIP","floor":24},{"not_picked":["Armaments","Fiend Fire","Perfected Strike+1"],"picked":"SKIP","floor":24},{"not_picked":["Armaments","Fiend Fire","Perfected Strike+1"],"picked":"SKIP","floor":24},{"not_picked":["Wild Strike","Headbutt+1","Twin Strike"],"picked":"SKIP","floor":25},{"not_picked":["Wild Strike","Clothesline","Evolve"],"picked":"SKIP","floor":29},{"not_picked":["Anger","Whirlwind","Metallicize"],"picked":"SKIP","floor":31},{"not_picked":["Thunderclap","Corruption+1","Evolve+1"],"picked":"SKIP","floor":35},{"not_picked":["Second Wind","Headbutt","Twin Strike"],"picked":"SKIP","floor":38},{"not_picked":["Clothesline+1","Rage","Body Slam"],"picked":"SKIP","floor":42},{"not_picked":["Clothesline+1","Rage","Body Slam"],"picked":"SKIP","floor":42},{"not_picked":["Clash","Heavy Blade","Metallicize"],"picked":"SKIP","floor":48}],"player_experience":389831,"relics_obtained":[{"floor":7.0,"key":"Odd Mushroom"},{"floor":9.0,"key":"Sundial"},{"floor":26,"key":"MawBank"},{"floor":43,"key":"PreservedInsect"}],"event_choices":[{"cards_removed":["Strike_R"],"damage_healed":0.0,"max_hp_gain":0.0,"max_hp_loss":0.0,"gold_gain":0.0,"event_name":"Golden Wing","player_choice":"Card Removal","floor":4.0,"gold_loss":0.0,"damage_taken":7.0},{"damage_healed":0.0,"max_hp_gain":0.0,"max_hp_loss":0.0,"gold_gain":0.0,"event_name":"Mushrooms","player_choice":"Fought Mushrooms","floor":7.0,"gold_loss":0.0,"damage_taken":0.0},{"cards_removed":["Strike_R"],"damage_healed":0.0,"max_hp_gain":0.0,"max_hp_loss":0.0,"gold_gain":0.0,"event_name":"Bonfire Elementals","player_choice":"Offered Basic","floor":11.0,"gold_loss":0.0,"damage_taken":0.0},{"damage_healed":0,"gold_gain":0,"player_choice":"Ignored","damage_taken":0,"max_hp_gain":0,"max_hp_loss":0,"event_name":"Vampires","floor":20,"gold_loss":0},{"damage_healed":0,"gold_gain":50,"player_choice":"Stole From Cult","damage_taken":0,"max_hp_gain":0,"max_hp_loss":0,"event_name":"Nest","floor":27,"gold_loss":0},{"damage_healed":0,"gold_gain":0,"player_choice":"Shed Blood","damage_taken":26,"max_hp_gain":5,"max_hp_loss":0,"event_name":"Forgotten Altar","floor":28,"gold_loss":0},{"damage_healed":0,"gold_gain":0,"player_choice":"Ignored","damage_taken":0,"max_hp_gain":0,"max_hp_loss":0,"event_name":"Tomb of Lord Red Mask","floor":36,"gold_loss":0},{"damage_healed":0,"gold_gain":0,"player_choice":"Memory 1","damage_taken":0,"max_hp_gain":0,"max_hp_loss":0,"event_name":"SensoryStone","floor":39,"gold_loss":0},{"damage_healed":0,"gold_gain":0,"player_choice":"Punched","damage_taken":5,"max_hp_gain":0,"max_hp_loss":0,"event_name":"Designer","floor":41,"gold_loss":0},{"damage_healed":0,"gold_gain":0,"player_choice":"1 cards matched","damage_taken":0,"max_hp_gain":0,"max_hp_loss":0,"event_name":"Match and Keep!","floor":47,"gold_loss":0,"cards_obtained":["Demon Form"]}],"is_beta":false,"boss_relics":[{"not_picked":["Orrery","Tiny House"],"picked":"Pandora\u0027s Box"},{"not_picked":["Lizard Tail","Black Star"],"picked":"Eternal Feather"}],"items_purged_floors":[19,30,37],"is_endless":false,"potions_floor_spawned":[2,13,16,18,25,29,31,38,42,48],"killed_by":"Awakened One","ascension_level":16}