{"gold_per_floor":[117,128,78,89,8,33,33,43,94,104,115,134,144,160,160,259,259,275,103,120,120,135,135,163,175,228,228,254,0,0,99,99,198,198,217,65,65,165,165,165,175,175,175,175],"floor_reached":44,"playtime":14700,"items_purged":["Strike_G","Strike_G"],"score":450,"play_id":"dbafabf9-bbe8-45a5-a243-e2f6a378908f","local_time":"20190723041649","is_ascension_mode":false,"campfire_choices":[{"floor":7.0,"key":"REST"},{"floor":15.0,"key":"REST"},{"floor":23.0,"key":"REST"},{"floor":27.0,"key":"REST"},{"floor":32,"key":"REST"},{"floor":40,"key":"RECALL"}],"neow_cost":"PERCENT_DAMAGE","seed_source_timestamp":0,"circlet_count":0,"master_deck":["Defend_G","Defend_G","Defend_G","Defend_G","Survivor","Neutralize","Purity","Good Instincts","Crippling Poison","PiercingWail","Catalyst","Noxious Fumes","After Image","Blur","Acrobatics","Dash","Dodge and Roll","Backstab","Dodge and Roll","Tools of the Trade","Deflect+1","PiercingWail","Tactician","Bouncing Flask","Deadly Poison+1","Noxious Fumes","Prepared+1","Quick Slash+1","A Thousand Cuts","Underhanded Strike","Underhanded Strike","Backflip+1","Writhe"],"special_seed":0,"relics":["Ring of the Snake","Dodecahedron","Regal Pillow","Sozu","Bag of Marbles","Boot","Snake Skull","Empty Cage","Vajra","Tough Bandages","Potion Belt"],"potions_floor_usage":[],"damage_taken":[{"damage":0.0,"enemies":"2 Louse","floor":1.0,"turns":4.0},{"damage":1.0,"enemies":"Jaw Worm","floor":2.0,"turns":4.0},{"damage":0.0,"enemies":"Small Slimes","floor":4.0,"turns":5.0},{"damage":23.0,"enemies":"3 Sentries","floor":6.0,"turns":7.0},{"damage":10.0,"enemies":"2 Fungi Beasts","floor":8.0,"turns":4.0},{"damage":1.0,"enemies":"3 Louse","floor":10.0,"turns":6.0},{"damage":0.0,"enemies":"Blue Slaver","floor":11.0,"turns":4.0},{"damage":0.0,"enemies":"Large Slime","floor":12.0,"turns":8.0},{"damage":0.0,"enemies":"2 Fungi Beasts","floor":13.0,"turns":6.0},{"damage":3.0,"enemies":"Exordium Wildlife","floor":14.0,"turns":7.0},{"damage":8.0,"enemies":"Hexaghost","floor":16.0,"turns":13.0},{"damage":0.0,"enemies":"Chosen","floor":18.0,"turns":7.0},{"damage":3.0,"enemies":"Shell Parasite","floor":20.0,"turns":7.0},{"damage":27.0,"enemies":"Cultist and Chosen","floor":22.0,"turns":7.0},{"damage":33.0,"enemies":"Gremlin Leader","floor":24.0,"turns":8.0},{"damage":1.0,"enemies":"Snake Plant","floor":25.0,"turns":5.0},{"damage":35.0,"enemies":"Slavers","floor":28.0,"turns":7.0},{"damage":45,"enemies":"Collector","floor":33,"turns":10},{"damage":10,"enemies":"3 Darklings","floor":35,"turns":8},{"damage":3,"enemies":"Mind Bloom Boss Battle","floor":38,"turns":8},{"damage":5,"enemies":"3 Shapes","floor":41,"turns":4},{"damage":70,"enemies":"Transient","floor":44,"turns":5}],"seed_played":"-2144520589765442177","potions_obtained":[{"floor":1.0,"key":"Fire Potion"},{"floor":4.0,"key":"Energy Potion"},{"floor":8.0,"key":"SteroidPotion"},{"floor":11.0,"key":"Strength Potion"},{"floor":16.0,"key":"FearPotion"}],"is_trial":false,"path_per_floor":["M","M","?","M","$","E","R","M","T","M","M","M","M","M","R","B",null,"M","$","M","?","M","R","E","M","T","R","E","$","?","?","R","B",null,"M","$","?","?","?","R","M","?","T","M"],"character_chosen":"THE_SILENT","items_purchased":["Noxious Fumes","PiercingWail","Tactician","Snake Skull","Vajra"],"campfire_rested":5,"item_purchase_floors":[5,19,19,29,36],"current_hp_per_floor":[49,48,48,48,48,25,46,36,36,35,35,35,35,32,68,60,70,70,70,67,67,40,70,37,36,36,70,35,35,35,35,70,25,70,60,60,60,57,57,57,52,70,70,0],"gold":175,"neow_bonus":"RANDOM_COLORLESS_2","is_prod":false,"is_daily":false,"chose_seed":false,"campfire_upgraded":0,"win_rate":0,"timestamp":1563869809,"path_taken":["M","M","?","M","$","E","R","M","T","M","M","M","M","M","R","BOSS","M","$","M","?","M","R","E","M","T","R","E","$","?","?","R","BOSS","M","$","?","?","?","R","M","?","T","M"],"build_version":"2019-07-17","purchased_purges":2,"victory":false,"max_hp_per_floor":[70,70,70,70,70,70,70,70,70,70,70,70,70,70,70,70,70,70,70,70,70,70,70,70,70,70,70,70,70,70,70,70,70,70,70,70,70,70,70,70,70,70,70,70],"card_choices":[{"not_picked":["Blade Dance","Heel Hook"],"picked":"Crippling Poison","floor":1.0},{"not_picked":["Cloak And Dagger","Infinite Blades"],"picked":"PiercingWail","floor":2.0},{"not_picked":["Quick Slash","Cloak And Dagger"],"picked":"Catalyst","floor":4.0},{"not_picked":["Dagger Spray","Tactician"],"picked":"After Image","floor":6.0},{"not_picked":["Outmaneuver","Underhanded Strike"],"picked":"Blur","floor":8.0},{"not_picked":["Prepared","Dash"],"picked":"Acrobatics","floor":10.0},{"not_picked":["Finisher","Dagger Spray"],"picked":"Dash","floor":11.0},{"not_picked":["Sucker Punch","PiercingWail"],"picked":"Dodge and Roll","floor":12.0},{"not_picked":["Quick Slash","Calculated Gamble"],"picked":"Backstab","floor":13.0},{"not_picked":["Prepared","Expertise"],"picked":"Dodge and Roll","floor":14.0},{"not_picked":["Corpse Explosion","Storm of Steel"],"picked":"Tools of the Trade","floor":16.0},{"not_picked":["Cloak And Dagger","Acrobatics"],"picked":"Deflect+1","floor":18.0},{"not_picked":["Backflip","Flechettes"],"picked":"Bouncing Flask","floor":20.0},{"not_picked":["Tactician","PiercingWail"],"picked":"Deadly Poison+1","floor":22.0},{"not_picked":["Flying Knee","Deadly Poison"],"picked":"Noxious Fumes","floor":24.0},{"not_picked":["Reflex","Expertise"],"picked":"Prepared+1","floor":25.0},{"not_picked":["All Out Attack","Venomology"],"picked":"Quick Slash+1","floor":28.0},{"not_picked":["Bullet Time","Doppelganger"],"picked":"A Thousand Cuts","floor":33},{"not_picked":["Acrobatics","Infinite Blades"],"picked":"Underhanded Strike","floor":35},{"not_picked":["Bane","Flechettes"],"picked":"Underhanded Strike","floor":38},{"not_picked":["PiercingWail","Dagger Spray"],"picked":"Backflip+1","floor":41}],"player_experience":131251,"relics_obtained":[{"floor":6.0,"key":"Dodecahedron"},{"floor":9.0,"key":"Regal Pillow"},{"floor":24.0,"key":"Bag of Marbles"},{"floor":28.0,"key":"Boot"},{"floor":38,"key":"Tough Bandages"},{"floor":43,"key":"Potion Belt"}],"event_choices":[{"cards_removed":["Strike_G"],"damage_healed":0.0,"max_hp_gain":0.0,"max_hp_loss":0.0,"gold_gain":0.0,"event_name":"The Cleric","player_choice":"Card Removal","floor":3.0,"gold_loss":50.0,"damage_taken":0.0},{"damage_healed":0.0,"max_hp_gain":0.0,"max_hp_loss":0.0,"gold_gain":0.0,"event_name":"Ghosts","player_choice":"Ignored","floor":21.0,"gold_loss":0.0,"damage_taken":0.0},{"damage_healed":0,"gold_gain":99,"player_choice":"Stole From Cult","damage_taken":0,"max_hp_gain":0,"max_hp_loss":0,"event_name":"Nest","floor":31,"gold_loss":0},{"cards_removed":["Strike_G"],"damage_healed":0,"gold_gain":0,"player_choice":"Removed Attack","damage_taken":0,"max_hp_gain":0,"max_hp_loss":0,"event_name":"Falling","floor":37,"gold_loss":0},{"damage_healed":0,"gold_gain":0,"player_choice":"Fight","damage_taken":0,"max_hp_gain":0,"max_hp_loss":0,"event_name":"MindBloom","floor":38,"gold_loss":0},{"damage_healed":0,"gold_gain":0,"player_choice":"Ignored","damage_taken":0,"max_hp_gain":0,"max_hp_loss":0,"event_name":"Tomb of Lord Red Mask","floor":39,"gold_loss":0},{"damage_healed":18,"gold_gain":0,"player_choice":"Writhe","damage_taken":0,"max_hp_gain":0,"max_hp_loss":0,"event_name":"Winding Halls","floor":42,"gold_loss":0,"cards_obtained":["Writhe"]}],"is_beta":false,"boss_relics":[{"not_picked":["Black Star","Calling Bell"],"picked":"Sozu"},{"not_picked":["WristBlade","Lizard Tail"],"picked":"Empty Cage"}],"items_purged_floors":[19,29],"is_endless":false,"potions_floor_spawned":[1,4,8,11,16,24,25,28,33,35],"killed_by":"Transient","ascension_level":0}