{"gold_per_floor":[111,186,186,199,101,101,112,138,192,92,92,110,128,128,128,224,224,234,109,109,109,109,109,109,123,146,166,166,182,182,200,200,200],"floor_reached":33,"playtime":1716,"items_purged":["Strike_R","Strike_R","Strike_R"],"score":282,"play_id":"0f6a3fd4-f4a8-4c1c-aefd-4511610e269d","local_time":"20190211114254","is_ascension_mode":true,"campfire_choices":[{"data":"Thunderclap","floor":6,"key":"SMITH"},{"data":"Double Tap","floor":11,"key":"SMITH"},{"floor":15,"key":"REST"},{"data":"Sword Boomerang","floor":23,"key":"SMITH"},{"data":"Warcry","floor":28,"key":"SMITH"},{"floor":32,"key":"REST"}],"neow_cost":"TEN_PERCENT_HP_LOSS","seed_source_timestamp":181749401639300,"circlet_count":0,"master_deck":["Defend_R+1","Defend_R+1","Bash","Exhume","Warcry+1","Thunderclap+1","Cleave","Double Tap+1","Pummel","Sword Boomerang","Sword Boomerang+1","Demon Form","Twin Strike","Warcry","Cleave+1","Flex"],"relics":["Burning Blood","War Paint","Boot","Philosopher\u0027s Stone","Art of War"],"potions_floor_usage":[16,16,29,31,33],"damage_taken":[{"damage":1,"enemies":"Cultist","floor":1,"turns":3},{"damage":0,"enemies":"Small Slimes","floor":4,"turns":3},{"damage":9,"enemies":"Jaw Worm","floor":7,"turns":3},{"damage":30,"enemies":"3 Sentries","floor":8,"turns":5},{"damage":10,"enemies":"Large Slime","floor":12,"turns":3},{"damage":13,"enemies":"3 Louse","floor":13,"turns":3},{"damage":18,"enemies":"Slime Boss","floor":16,"turns":6},{"damage":0,"enemies":"3 Byrds","floor":18,"turns":3},{"damage":19,"enemies":"Spheric Guardian","floor":25,"turns":4},{"damage":34,"enemies":"Centurion and Healer","floor":27,"turns":4},{"damage":27,"enemies":"Snecko","floor":29,"turns":4},{"damage":15,"enemies":"Snake Plant","floor":31,"turns":2},{"damage":52,"enemies":"Champ","floor":33,"turns":7}],"seed_played":"-9055057329950260930","potions_obtained":[{"floor":4,"key":"Regen Potion"},{"floor":7,"key":"GamblersBrew"},{"floor":12,"key":"Regen Potion"},{"floor":25,"key":"Dexterity Potion"},{"floor":27,"key":"SkillPotion"}],"is_trial":false,"path_per_floor":["M","?","?","M","$","R","M","E","T","$","R","M","M","?","R","B",null,"M","$","?","$","?","R","?","M","T","M","R","M","?","M","R","B"],"character_chosen":"IRONCLAD","items_purchased":["Cleave"],"campfire_rested":2,"item_purchase_floors":[5],"current_hp_per_floor":[72,61,66,72,72,72,69,45,45,45,45,41,34,34,57,60,77,77,77,77,77,63,63,82,69,69,41,41,32,32,23,47,0],"gold":200,"neow_bonus":"THREE_RARE_CARDS","is_prod":false,"is_daily":false,"chose_seed":false,"campfire_upgraded":4,"win_rate":0,"timestamp":1549914174,"path_taken":["M","?","?","M","$","R","M","E","T","$","R","M","M","?","R","BOSS","M","$","?","?","?","R","?","?","T","M","R","M","?","M","R","BOSS"],"build_version":"2019-01-23","purchased_purges":3,"victory":false,"max_hp_per_floor":[72,72,77,77,77,77,77,77,77,77,77,77,77,77,77,77,77,77,77,77,77,82,82,82,82,82,82,82,82,82,82,82,82],"card_choices":[{"not_picked":["Berserk","Fiend Fire"],"picked":"Exhume","floor":0},{"not_picked":["Wild Strike","Clothesline"],"picked":"Warcry","floor":1},{"not_picked":["Shockwave","Infernal Blade"],"picked":"Thunderclap","floor":4},{"not_picked":["Wild Strike","Warcry"],"picked":"Double Tap","floor":7},{"not_picked":["Cleave","Carnage"],"picked":"Pummel","floor":8},{"not_picked":["Sentinel","Armaments"],"picked":"Sword Boomerang","floor":12},{"not_picked":["Body Slam","Reckless Charge","Shrug It Off"],"picked":"SKIP","floor":13},{"not_picked":["Clash","Shrug It Off","Pommel Strike"],"picked":"SKIP","floor":18},{"not_picked":["Cleave","Iron Wave"],"picked":"Warcry","floor":25},{"not_picked":["Shockwave+1","Flame Barrier"],"picked":"Cleave+1","floor":27},{"not_picked":["Ghostly Armor","Corruption","Pommel Strike"],"picked":"SKIP","floor":29},{"not_picked":["Clash","Pommel Strike"],"picked":"Flex","floor":31}],"player_experience":133490,"relics_obtained":[{"floor":8,"key":"War Paint"},{"floor":9,"key":"Boot"},{"floor":26,"key":"Art of War"}],"event_choices":[{"damage_healed":0,"gold_gain":75,"player_choice":"Gather Gold","damage_taken":11,"max_hp_gain":0,"max_hp_loss":0,"event_name":"World of Goop","floor":2,"gold_loss":0},{"damage_healed":0,"gold_gain":0,"player_choice":"Donut","damage_taken":0,"max_hp_gain":5,"max_hp_loss":0,"event_name":"Big Fish","floor":3,"gold_loss":0},{"damage_healed":0,"gold_gain":0,"cards_transformed":["Defend_R"],"player_choice":"Transformed","damage_taken":0,"max_hp_gain":0,"max_hp_loss":0,"event_name":"Transmorgrifier","floor":14,"gold_loss":0,"cards_obtained":["Sword Boomerang"]},{"damage_healed":0,"gold_gain":0,"cards_transformed":["Strike_R","Strike_R"],"player_choice":"Became Test Subject","damage_taken":0,"max_hp_gain":0,"max_hp_loss":0,"event_name":"Drug Dealer","floor":20,"gold_loss":0,"cards_obtained":["Demon Form","Twin Strike"]},{"damage_healed":0,"gold_gain":0,"player_choice":"Shed Blood","damage_taken":19,"max_hp_gain":5,"max_hp_loss":0,"event_name":"Forgotten Altar","floor":22,"gold_loss":0},{"damage_healed":27,"gold_gain":0,"player_choice":"Heal","damage_taken":0,"max_hp_gain":0,"max_hp_loss":0,"event_name":"The Library","floor":24,"gold_loss":0},{"cards_removed":["Defend_R"],"damage_healed":0,"gold_gain":0,"player_choice":"Elegance","damage_taken":0,"max_hp_gain":0,"max_hp_loss":0,"event_name":"Back to Basics","floor":30,"gold_loss":0}],"is_beta":false,"boss_relics":[{"not_picked":["Calling Bell","Runic Pyramid"],"picked":"Philosopher\u0027s Stone"}],"items_purged_floors":[5,10,19],"is_endless":false,"potions_floor_spawned":[4,7,12,25,27],"killed_by":"Champ","ascension_level":3}