{"gold_per_floor":[110,110,110,123,142,168,179,104,131,131,95,112,132,143,143,243,243,258,121,140,65,65],"floor_reached":22,"playtime":759,"items_purged":["Strike_R","Strike_R"],"score":216,"play_id":"3fab8d57-d50c-4802-bcb6-a23c90e5dbf2","local_time":"20190210154903","is_ascension_mode":true,"campfire_choices":[{"floor":15,"key":"REST"}],"neow_cost":"NONE","seed_source_timestamp":111068298151900,"circlet_count":0,"master_deck":["Strike_R+1","Defend_R","Defend_R","Defend_R","Defend_R","Bash+1","Iron Wave","Rampage","Disarm","Dark Embrace","Whirlwind","Limit Break","Inflame"],"relics":["Burning Blood","Strawberry","Ancient Tea Set","Regal Pillow","Philosopher\u0027s Stone"],"potions_floor_usage":[13,14,16,16,20,20,22],"damage_taken":[{"damage":9,"enemies":"Small Slimes","floor":1,"turns":4},{"damage":1,"enemies":"2 Louse","floor":4,"turns":3},{"damage":4,"enemies":"Jaw Worm","floor":5,"turns":3},{"damage":50,"enemies":"Lagavulin","floor":6,"turns":6},{"damage":2,"enemies":"2 Fungi Beasts","floor":7,"turns":5},{"damage":14,"enemies":"Red Slaver","floor":12,"turns":4},{"damage":29,"enemies":"Exordium Thugs","floor":13,"turns":5},{"damage":1,"enemies":"Looter","floor":14,"turns":3},{"damage":35,"enemies":"Hexaghost","floor":16,"turns":9},{"damage":69,"enemies":"3 Byrds","floor":18,"turns":7},{"damage":21,"enemies":"2 Thieves","floor":20,"turns":4},{"damage":26,"enemies":"Colosseum Slavers","floor":22,"turns":2}],"seed_played":"-4841843712104980529","potions_obtained":[{"floor":1,"key":"SteroidPotion"},{"floor":5,"key":"SpeedPotion"},{"floor":6,"key":"LiquidBronze"},{"floor":13,"key":"Block Potion"},{"floor":14,"key":"Poison Potion"},{"floor":18,"key":"Fire Potion"},{"floor":20,"key":"AttackPotion"}],"is_trial":false,"path_per_floor":["M","?","?","M","M","E","M","$","T","?","$","M","M","M","R","B",null,"M","$","M","?","?"],"character_chosen":"IRONCLAD","items_purchased":["Whirlwind","Inflame"],"campfire_rested":1,"item_purchase_floors":[11,19],"current_hp_per_floor":[84,67,72,77,79,35,39,39,39,39,39,31,8,13,55,26,92,29,29,14,14,0],"gold":65,"neow_bonus":"RANDOM_COMMON_RELIC","is_prod":false,"is_daily":false,"chose_seed":false,"campfire_upgraded":0,"win_rate":0,"timestamp":1549842543,"path_taken":["M","?","?","?","M","E","M","$","T","?","$","?","M","M","R","BOSS","M","$","M","?","?"],"build_version":"2019-01-23","purchased_purges":2,"victory":false,"max_hp_per_floor":[87,87,92,92,92,92,92,92,92,92,92,92,92,92,92,92,92,92,92,92,92,92],"card_choices":[{"not_picked":["True Grit","Havoc"],"picked":"Iron Wave","floor":1},{"not_picked":["Cleave","Clash","Anger"],"picked":"SKIP","floor":4},{"not_picked":["Clothesline","True Grit","Sword Boomerang"],"picked":"SKIP","floor":5},{"not_picked":["Dual Wield","True Grit"],"picked":"Rampage","floor":6},{"not_picked":["Clothesline","Sword Boomerang"],"picked":"Disarm","floor":7},{"not_picked":["Havoc","Sentinel","Carnage"],"picked":"SKIP","floor":12},{"not_picked":["Fire Breathing","Sentinel","True Grit"],"picked":"SKIP","floor":13},{"not_picked":["Warcry","Searing Blow","Thunderclap"],"picked":"SKIP","floor":14},{"not_picked":["Impervious","Dark Embrace"],"picked":"Limit Break","floor":16},{"not_picked":["Twin Strike","Dropkick","Entrench"],"picked":"SKIP","floor":18},{"not_picked":["Twin Strike","Heavy Blade","Havoc+1"],"picked":"SKIP","floor":20}],"player_experience":115217,"relics_obtained":[{"floor":6,"key":"Ancient Tea Set"},{"floor":9,"key":"Regal Pillow"}],"event_choices":[{"damage_healed":0,"gold_gain":0,"player_choice":"Entered Light","damage_taken":17,"max_hp_gain":0,"max_hp_loss":0,"event_name":"Shining Light","floor":2,"gold_loss":0,"cards_upgraded":["Bash","Strike_R"]},{"damage_healed":0,"gold_gain":0,"player_choice":"Donut","damage_taken":0,"max_hp_gain":5,"max_hp_loss":0,"event_name":"Big Fish","floor":3,"gold_loss":0},{"damage_healed":0,"gold_gain":0,"cards_transformed":["Strike_R"],"player_choice":"Transformed","damage_taken":0,"max_hp_gain":0,"max_hp_loss":0,"event_name":"Transmorgrifier","floor":10,"gold_loss":0,"cards_obtained":["Dark Embrace"]},{"cards_removed":["Strike_R"],"damage_healed":0,"gold_gain":0,"player_choice":"Gave Gold","damage_taken":0,"max_hp_gain":0,"max_hp_loss":0,"event_name":"Beggar","floor":21,"gold_loss":75},{"damage_healed":0,"gold_gain":0,"player_choice":"Fight","damage_taken":0,"max_hp_gain":0,"max_hp_loss":0,"event_name":"Colosseum","floor":22,"gold_loss":0}],"is_beta":false,"boss_relics":[{"not_picked":["Busted Crown","Velvet Choker"],"picked":"Philosopher\u0027s Stone"}],"items_purged_floors":[8,19],"is_endless":false,"potions_floor_spawned":[1,5,6,13,14,18,20],"killed_by":"Colosseum Slavers","ascension_level":3}