{"gold_per_floor":[111,125,90,101,112,144,144,144,192,74,85,85,102,28,28,125,125,140,151,151,80,80,110,110,35,35,47,74,74,85,101,101,202,252,267,284,384,384,384,384,384],"floor_reached":41,"playtime":3751,"items_purged":[],"score":650,"play_id":"33bef904-ee3e-4af2-8487-710120f2460e","local_time":"20181205192732","is_ascension_mode":true,"campfire_choices":[{"floor":7,"key":"REST"},{"data":"Envenom","floor":12,"key":"SMITH"},{"floor":15,"key":"REST"},{"floor":24,"key":"REST"},{"floor":32,"key":"REST"},{"floor":40,"key":"REST"}],"neow_cost":"NONE","seed_source_timestamp":1886033250950003,"circlet_count":0,"master_deck":["Defend_G+1","Defend_G+1","Defend_G+1","Defend_G+1","Defend_G+1","Survivor+1","Neutralize","Quick Slash","Dagger Spray","Acrobatics","Deflect","Backstab","Noxious Fumes","Envenom+1","PiercingWail","Catalyst","Cloak And Dagger","Footwork","Envenom","Bane","Distraction","Terror","Calculated Gamble+1","Bullet Time","Bite","Bite","Bite","Bite","Bite","Footwork","Night Terror","Masterful Stab+1","Backstab"],"relics":["Ring of the Snake","Question Card","Strawberry","Fusion Hammer","Regal Pillow","Thread and Needle","Tiny House","Bird Faced Urn"],"potions_floor_usage":[6,16,23,27,28,28,31,33,35,41,41],"damage_taken":[{"damage":2,"enemies":"Jaw Worm","floor":1,"turns":4},{"damage":4,"enemies":"Small Slimes","floor":2,"turns":3},{"damage":0,"enemies":"Cultist","floor":4,"turns":4},{"damage":6,"enemies":"Exordium Wildlife","floor":5,"turns":4},{"damage":30,"enemies":"Gremlin Nob","floor":6,"turns":5},{"damage":8,"enemies":"Blue Slaver","floor":11,"turns":4},{"damage":0,"enemies":"2 Fungi Beasts","floor":13,"turns":2},{"damage":47,"enemies":"The Guardian","floor":16,"turns":14},{"damage":0,"enemies":"Chosen","floor":18,"turns":5},{"damage":19,"enemies":"Shell Parasite","floor":19,"turns":7},{"damage":35,"enemies":"Book of Stabbing","floor":23,"turns":6},{"damage":8,"enemies":"Snake Plant","floor":27,"turns":4},{"damage":25,"enemies":"Gremlin Leader","floor":28,"turns":8},{"damage":4,"enemies":"Centurion and Healer","floor":30,"turns":9},{"damage":4,"enemies":"Shelled Parasite and Fungi","floor":31,"turns":9},{"damage":70,"enemies":"Automaton","floor":33,"turns":12},{"damage":0,"enemies":"3 Shapes","floor":35,"turns":7},{"damage":60,"enemies":"3 Darklings","floor":36,"turns":6},{"damage":0,"enemies":"Mind Bloom Boss Battle","floor":37,"turns":8},{"damage":97,"enemies":"Giant Head","floor":41,"turns":9}],"seed_played":"-2860458441187266200","potions_obtained":[{"floor":2,"key":"Weak Potion"},{"floor":6,"key":"SpeedPotion"},{"floor":11,"key":"Weak Potion"},{"floor":16,"key":"SpeedPotion"},{"floor":19,"key":"LiquidBronze"},{"floor":23,"key":"Dexterity Potion"},{"floor":28,"key":"Strength Potion"},{"floor":30,"key":"EssenceOfSteel"},{"floor":31,"key":"Weak Potion"},{"floor":34,"key":"EssenceOfSteel"},{"floor":35,"key":"LiquidBronze"},{"floor":36,"key":"Block Potion"}],"is_trial":false,"path_per_floor":["M","M","?","M","M","E","R","?","T","$","M","R","M","$","R","B",null,"M","M","?","$","?","E","R","?","T","M","E","?","M","M","R","B",null,"M","M","?","?","?","R","E"],"character_chosen":"THE_SILENT","items_purchased":["Envenom","PiercingWail","Footwork","Terror"],"campfire_rested":5,"item_purchase_floors":[10,10,14,21],"current_hp_per_floor":[61,57,70,70,64,34,55,55,62,62,54,54,54,54,77,30,65,65,46,46,46,46,11,49,49,49,41,16,16,28,46,77,27,70,76,26,38,38,38,77,0],"gold":384,"neow_bonus":"THREE_CARDS","is_prod":false,"is_daily":false,"chose_seed":false,"campfire_upgraded":1,"win_rate":0,"timestamp":1544038052,"path_taken":["M","M","?","M","M","E","R","?","T","$","M","R","M","$","R","BOSS","M","?","?","$","?","E","R","?","T","M","E","?","M","?","R","BOSS","M","M","?","?","?","R","E"],"build_version":"2018-11-15","purchased_purges":0,"victory":false,"max_hp_per_floor":[70,70,70,70,70,70,70,70,77,77,77,77,77,77,77,77,77,77,77,77,77,77,77,77,77,77,77,77,77,77,77,77,77,82,82,82,82,82,82,82,82],"card_choices":[{"not_picked":["Leg Sweep","Dodge and Roll"],"picked":"Quick Slash","floor":0},{"not_picked":["Bane","Deadly Poison"],"picked":"Dagger Spray","floor":1},{"not_picked":["Dodge and Roll","Bane"],"picked":"Acrobatics","floor":2},{"not_picked":["PiercingWail","Slice"],"picked":"Deflect","floor":4},{"not_picked":["Outmaneuver","All Out Attack"],"picked":"Backstab","floor":5},{"not_picked":["Blade Dance","Predator"],"picked":"Noxious Fumes","floor":6},{"not_picked":["Terror","Slice","Riddle With Holes"],"picked":"Catalyst","floor":11},{"not_picked":["Distraction","Noxious Fumes","Bane"],"picked":"Cloak And Dagger","floor":13},{"not_picked":["Doppelganger","Wraith Form v2","Storm of Steel"],"picked":"Envenom","floor":16},{"not_picked":["All Out Attack","Accuracy","PiercingWail"],"picked":"Bane","floor":18},{"not_picked":["Skewer","Underhanded Strike","PiercingWail+1","Slice"],"picked":"SKIP","floor":19},{"not_picked":["Dodge and Roll+1","Quick Slash+1","Slice"],"picked":"Calculated Gamble+1","floor":23},{"not_picked":["Backflip","Predator","Deadly Poison","Sucker Punch"],"picked":"SKIP","floor":27},{"not_picked":["Blur+1","Slice+1","Outmaneuver+1"],"picked":"Bullet Time","floor":28},{"not_picked":["Deadly Poison","Bouncing Flask","Dash"],"picked":"Footwork","floor":30},{"not_picked":["Blade Dance","Acrobatics","Outmaneuver"],"picked":"Backstab","floor":31},{"not_picked":["Phantasmal Killer","Burst","Envenom"],"picked":"Night Terror","floor":33},{"not_picked":["Concentrate+1","PiercingWail+1","Finisher+1","Deadly Poison"],"picked":"SKIP","floor":35},{"not_picked":["Deflect","Acrobatics+1","Escape Plan+1"],"picked":"Masterful Stab+1","floor":36},{"not_picked":["Deadly Poison","Quick Slash+1","Slice"],"picked":"Backstab","floor":37}],"player_experience":859094,"relics_obtained":[{"floor":6,"key":"Question Card"},{"floor":9,"key":"Strawberry"},{"floor":23,"key":"Regal Pillow"},{"floor":26,"key":"Thread and Needle"},{"floor":28,"key":"Blood Vial"},{"floor":37,"key":"Bird Faced Urn"}],"event_choices":[{"damage_healed":17,"gold_gain":0,"player_choice":"Healed","damage_taken":0,"max_hp_gain":0,"max_hp_loss":0,"event_name":"The Cleric","floor":3,"gold_loss":35},{"damage_healed":0,"gold_gain":0,"player_choice":"Bought 0 Potions","damage_taken":0,"max_hp_gain":0,"max_hp_loss":0,"event_name":"The Woman in Blue","floor":8,"gold_loss":0},{"damage_healed":0,"gold_gain":0,"cards_transformed":["Strike_G","Strike_G"],"player_choice":"Became Test Subject","damage_taken":0,"max_hp_gain":0,"max_hp_loss":0,"event_name":"Drug Dealer","floor":20,"gold_loss":0,"cards_obtained":["Distraction","Flechettes"]},{"damage_healed":0,"gold_gain":0,"player_choice":"Simplicity","damage_taken":0,"max_hp_gain":0,"max_hp_loss":0,"event_name":"Back to Basics","floor":22,"gold_loss":0,"cards_upgraded":["Defend_G","Defend_G","Defend_G","Defend_G","Defend_G","Strike_G","Strike_G","Strike_G"]},{"cards_removed":["Flechettes"],"damage_healed":0,"gold_gain":0,"player_choice":"Gave Gold","damage_taken":0,"max_hp_gain":0,"max_hp_loss":0,"event_name":"Beggar","floor":25,"gold_loss":75},{"damage_healed":0,"gold_gain":0,"player_choice":"Became a vampire (Vial)","damage_taken":0,"max_hp_gain":0,"max_hp_loss":0,"event_name":"Vampires","floor":29,"relics_lost":["Blood Vial"],"gold_loss":0,"cards_obtained":["Bite","Bite","Bite","Bite","Bite"]},{"damage_healed":0,"gold_gain":0,"player_choice":"Fight","damage_taken":0,"max_hp_gain":0,"max_hp_loss":0,"event_name":"MindBloom","floor":37,"gold_loss":0},{"damage_healed":0,"gold_gain":0,"player_choice":"Ignored","damage_taken":0,"max_hp_gain":0,"max_hp_loss":0,"event_name":"Tomb of Lord Red Mask","floor":38,"gold_loss":0},{"cards_removed":["Backstab"],"damage_healed":0,"gold_gain":0,"player_choice":"Removed Attack","damage_taken":0,"max_hp_gain":0,"max_hp_loss":0,"event_name":"Falling","floor":39,"gold_loss":0}],"is_beta":false,"boss_relics":[{"not_picked":["Orrery","Astrolabe"],"picked":"Fusion Hammer"},{"not_picked":["Velvet Choker","Calling Bell"],"picked":"Tiny House"}],"items_purged_floors":[],"is_endless":false,"potions_floor_spawned":[2,6,11,16,19,23,28,30,31,35,36],"killed_by":"Giant Head","ascension_level":9}