{"gold_per_floor":[367,72,72,84,97,97,126,139,185,31,31,42,59,77,77,181,181,200,217,234,249,249,249,102,112,183,183],"floor_reached":27,"playtime":1187,"items_purged":["Strike_R"],"score":296,"play_id":"46660595-bd05-4157-b151-9781fc4b3012","local_time":"20190405110939","is_ascension_mode":true,"campfire_choices":[{"data":"1","floor":6,"key":"LIFT"},{"data":"2","floor":11,"key":"LIFT"},{"floor":15,"key":"REST"},{"floor":23,"key":"REST"}],"neow_cost":"TEN_PERCENT_HP_LOSS","seed_source_timestamp":0,"circlet_count":0,"master_deck":["Strike_R","Strike_R","Strike_R","Strike_R","Defend_R","Defend_R","Defend_R","Defend_R","Bash","Demon Form","Flex","Sword Boomerang","Sword Boomerang","Flame Barrier","Shrug It Off","Limit Break","Heavy Blade","Shrug It Off+1","Flex","Armaments"],"special_seed":0,"relics":["Burning Blood","Girya","Paper Frog","Orichalcum","Bag of Marbles","Orrery","The Courier"],"potions_floor_usage":[16,21,21,25,25],"damage_taken":[{"damage":8.0,"enemies":"Jaw Worm","floor":1.0,"turns":5.0},{"damage":1,"enemies":"Cultist","floor":4,"turns":4},{"damage":6,"enemies":"2 Louse","floor":5,"turns":3},{"damage":40,"enemies":"Lagavulin","floor":7,"turns":4},{"damage":24,"enemies":"Exordium Thugs","floor":8,"turns":6},{"damage":3,"enemies":"3 Louse","floor":12,"turns":2},{"damage":10,"enemies":"Large Slime","floor":13,"turns":5},{"damage":3,"enemies":"Exordium Wildlife","floor":14,"turns":3},{"damage":24,"enemies":"Hexaghost","floor":16,"turns":7},{"damage":21,"enemies":"Shell Parasite","floor":18,"turns":9},{"damage":6,"enemies":"Chosen","floor":19,"turns":4},{"damage":40,"enemies":"Sentry and Sphere","floor":20,"turns":6},{"damage":10,"enemies":"3 Cultists","floor":21,"turns":6},{"damage":25,"enemies":"Shelled Parasite and Fungi","floor":25,"turns":6},{"damage":15,"enemies":"Snake Plant","floor":27,"turns":3}],"seed_played":"-222055128169932947","potions_obtained":[{"floor":1.0,"key":"Explosive Potion"},{"floor":4,"key":"FearPotion"},{"floor":7,"key":"Fire Potion"},{"floor":21,"key":"Swift Potion"},{"floor":25,"key":"Fire Potion"}],"is_trial":false,"path_per_floor":["M","$","?","M","M","R","E","M","T","$","R","M","M","M","R","B",null,"M","M","M","M","?","R","$","M","T","M"],"character_chosen":"IRONCLAD","items_purchased":["Girya","Bag of Marbles","Flex","SteroidPotion"],"campfire_rested":2,"item_purchase_floors":[2,10,24,24],"current_hp_per_floor":[70,70,70,72,72,72,38,20,20,20,20,23,19,22,43,25,60,45,45,11,7,7,28,28,9,9,0],"gold":183,"neow_bonus":"TWO_FIFTY_GOLD","is_prod":false,"is_daily":false,"chose_seed":false,"campfire_upgraded":0,"win_rate":0,"timestamp":1554487779,"path_taken":["M","$","?","M","M","R","E","M","T","$","R","M","?","M","R","BOSS","M","M","M","M","?","R","$","M","T","M"],"build_version":"2019-01-23","purchased_purges":1,"victory":false,"max_hp_per_floor":[72,72,72,72,72,72,72,72,72,72,72,72,72,72,72,72,72,72,72,72,72,72,72,72,72,72,72],"card_choices":[{"not_picked":["Intimidate","Infernal Blade","Headbutt"],"picked":"SKIP","floor":1.0},{"not_picked":["Pummel","Clothesline"],"picked":"Flex","floor":4},{"not_picked":["Pommel Strike","Thunderclap"],"picked":"Sword Boomerang","floor":5},{"not_picked":["Thunderclap","Warcry"],"picked":"Sword Boomerang","floor":7},{"not_picked":["Juggernaut","Sever Soul"],"picked":"Flame Barrier","floor":8},{"not_picked":["Burning Pact","True Grit","Wild Strike"],"picked":"SKIP","floor":12},{"not_picked":["Combust","Searing Blow","Cleave"],"picked":"SKIP","floor":13},{"not_picked":["Ghostly Armor","Carnage"],"picked":"Shrug It Off","floor":14},{"not_picked":["Juggernaut","Offering"],"picked":"Limit Break","floor":16},{"not_picked":["Pommel Strike","Anger"],"picked":"Heavy Blade","floor":17},{"not_picked":["Fire Breathing","Shrug It Off","Headbutt"],"picked":"SKIP","floor":18},{"not_picked":["Perfected Strike","Clothesline","Body Slam"],"picked":"SKIP","floor":19},{"not_picked":["Clash","Heavy Blade"],"picked":"Shrug It Off+1","floor":20},{"not_picked":["Evolve","Infernal Blade","Shockwave+1"],"picked":"SKIP","floor":21},{"not_picked":["Heavy Blade","Headbutt"],"picked":"Armaments","floor":25}],"player_experience":312209,"relics_obtained":[{"floor":7,"key":"Paper Frog"},{"floor":9,"key":"Orichalcum"},{"floor":26,"key":"The Courier"}],"event_choices":[{"damage_healed":0,"gold_gain":0,"player_choice":"1 cards matched","damage_taken":0,"max_hp_gain":0,"max_hp_loss":0,"event_name":"Match and Keep!","floor":3,"gold_loss":0,"cards_obtained":["Demon Form"]},{"damage_healed":0,"gold_gain":0,"player_choice":"Ignored","damage_taken":0,"max_hp_gain":0,"max_hp_loss":0,"event_name":"N\u0027loth","floor":22,"gold_loss":0}],"is_beta":false,"boss_relics":[{"not_picked":["Runic Cube","Lizard Tail"],"picked":"Orrery"}],"items_purged_floors":[24],"is_endless":false,"potions_floor_spawned":[1,4,7,21,25],"killed_by":"Snake Plant","ascension_level":7}