{"gold_per_floor":[112,287,287,362,15,45,45,57,82,82,102,121,121,141,141,246,246,259,259,259,159,173,173,207,207,207,207,207,207,224,238,238,238],"floor_reached":33,"playtime":2462,"items_purged":["Defend_R","Strike_R"],"score":263,"play_id":"c169042f-629e-433d-8ca1-a604e7431578","local_time":"20190206035211","is_ascension_mode":false,"campfire_choices":[{"data":"Shrug It Off","floor":7,"key":"SMITH"},{"floor":10,"key":"REST"},{"data":"Iron Wave","floor":13,"key":"SMITH"},{"data":"Carnage","floor":15,"key":"SMITH"},{"data":"Double Tap","floor":23,"key":"SMITH"},{"data":"Infernal Blade","floor":25,"key":"SMITH"},{"data":"Rampage","floor":27,"key":"SMITH"},{"data":"Pommel Strike","floor":29,"key":"SMITH"},{"data":"Flex","floor":32,"key":"SMITH"}],"neow_cost":"NONE","seed_source_timestamp":266548141967001,"circlet_count":0,"master_deck":["Strike_R","Strike_R","Strike_R","Defend_R","Defend_R","Defend_R","Bash","Iron Wave+1","Shrug It Off+1","Carnage+1","Pommel Strike+1","Double Tap+1","Rampage+1","Shrug It Off+1","Entrench+1","Infernal Blade+1","Flex+1"],"relics":["Burning Blood","Letter Opener","Sundial","Anchor","Busted Crown","Gremlin Horn","Question Card"],"potions_floor_usage":[6,16,22,24,31],"damage_taken":[{"damage":4,"enemies":"Small Slimes","floor":1,"turns":5},{"damage":58,"enemies":"Lagavulin","floor":6,"turns":13},{"damage":1,"enemies":"2 Louse","floor":8,"turns":3},{"damage":0,"enemies":"Jaw Worm","floor":11,"turns":3},{"damage":13,"enemies":"Exordium Thugs","floor":12,"turns":5},{"damage":0,"enemies":"Blue Slaver","floor":14,"turns":3},{"damage":23,"enemies":"Slime Boss","floor":16,"turns":10},{"damage":0,"enemies":"Spheric Guardian","floor":18,"turns":3},{"damage":10,"enemies":"3 Byrds","floor":22,"turns":6},{"damage":14,"enemies":"Book of Stabbing","floor":24,"turns":5},{"damage":0,"enemies":"Cultist and Chosen","floor":30,"turns":6},{"damage":0,"enemies":"Snecko","floor":31,"turns":3},{"damage":86,"enemies":"Automaton","floor":33,"turns":8}],"seed_played":"-3058874625652791850","potions_obtained":[{"floor":1,"key":"Energy Potion"},{"floor":14,"key":"FearPotion"},{"floor":18,"key":"Energy Potion"},{"floor":22,"key":"Fire Potion"},{"floor":30,"key":"Block Potion"}],"is_trial":false,"path_per_floor":["M","?","?","?","$","E","R","M","T","R","M","M","R","M","R","B",null,"M","?","?","$","M","R","E","R","T","R","?","R","M","M","R","B"],"character_chosen":"IRONCLAD","items_purchased":["Letter Opener","Shrug It Off"],"campfire_rested":1,"item_purchase_floors":[5,5],"current_hp_per_floor":[80,80,80,69,69,17,17,22,22,46,52,45,45,51,51,34,80,80,80,80,80,76,76,68,68,68,68,68,68,74,80,80,0],"gold":238,"neow_bonus":"REMOVE_CARD","is_prod":false,"is_daily":false,"chose_seed":false,"campfire_upgraded":8,"win_rate":0.0,"timestamp":1549453931,"path_taken":["M","?","?","?","?","E","R","M","T","R","M","?","R","M","R","BOSS","M","?","?","$","?","R","E","R","T","R","?","R","M","M","R","BOSS"],"build_version":"2019-01-23","purchased_purges":2,"victory":false,"max_hp_per_floor":[80,80,80,80,80,80,80,80,80,80,80,80,80,80,80,80,80,80,80,80,80,80,80,80,80,80,80,80,80,80,80,80,80],"card_choices":[{"not_picked":["Searing Blow","Rupture"],"picked":"Iron Wave","floor":1},{"not_picked":["Fire Breathing","Armaments"],"picked":"Carnage","floor":6},{"not_picked":["Pommel Strike","Reckless Charge","Body Slam"],"picked":"SKIP","floor":8},{"not_picked":["Shockwave","Clothesline","Inflame"],"picked":"SKIP","floor":11},{"not_picked":["True Grit","Immolate","Shockwave"],"picked":"SKIP","floor":12},{"not_picked":["True Grit","Twin Strike"],"picked":"Pommel Strike","floor":14},{"not_picked":["Immolate","Brutality"],"picked":"Double Tap","floor":16},{"not_picked":["Rupture"],"picked":"SKIP","floor":18},{"not_picked":[],"picked":"Entrench+1","floor":22},{"not_picked":[],"picked":"Infernal Blade","floor":24},{"not_picked":["Twin Strike"],"picked":"Flex","floor":30},{"not_picked":["Wild Strike+1","Anger+1"],"picked":"SKIP","floor":31}],"player_experience":42616,"relics_obtained":[{"floor":6,"key":"Sundial"},{"floor":9,"key":"Anchor"},{"floor":24,"key":"Gremlin Horn"},{"floor":26,"key":"Question Card"}],"event_choices":[{"damage_healed":0,"gold_gain":175,"player_choice":"AGREE","damage_taken":0,"max_hp_gain":0,"max_hp_loss":0,"event_name":"Liars Game","floor":2,"gold_loss":0,"cards_obtained":["Doubt"]},{"cards_removed":["Doubt"],"damage_healed":0,"gold_gain":0,"player_choice":"Forget","damage_taken":0,"max_hp_gain":0,"max_hp_loss":0,"event_name":"Living Wall","floor":3,"gold_loss":0},{"damage_healed":0,"gold_gain":75,"player_choice":"Gather Gold","damage_taken":11,"max_hp_gain":0,"max_hp_loss":0,"event_name":"World of Goop","floor":4,"gold_loss":0},{"damage_healed":0,"gold_gain":0,"player_choice":"Read","damage_taken":0,"max_hp_gain":0,"max_hp_loss":0,"event_name":"The Library","floor":19,"gold_loss":0,"cards_obtained":["Rampage"]},{"damage_healed":0,"gold_gain":0,"player_choice":"Copied","damage_taken":0,"max_hp_gain":0,"max_hp_loss":0,"event_name":"Duplicator","floor":20,"gold_loss":0,"cards_obtained":["Shrug It Off"]},{"damage_healed":0,"gold_gain":0,"player_choice":"Ignored","damage_taken":0,"max_hp_gain":0,"max_hp_loss":0,"event_name":"Ghosts","floor":28,"gold_loss":0}],"is_beta":false,"boss_relics":[{"not_picked":["Ectoplasm","Orrery"],"picked":"Busted Crown"}],"items_purged_floors":[5,21],"is_endless":false,"potions_floor_spawned":[1,14,18,22,30],"killed_by":"Automaton","ascension_level":0}