{"gold_per_floor":[99,99,3,3,3,3,3,3,3,3,3,3,3,3,3,3,3,0,0,0,0,0],"floor_reached":22,"playtime":612,"items_purged":[],"score":259,"play_id":"73a0128d-4fef-4fb4-899d-b719ea798b54","local_time":"20190609112613","is_ascension_mode":true,"campfire_choices":[{"floor":6,"key":"REST"},{"floor":11,"key":"REST"},{"floor":15,"key":"REST"}],"neow_cost":"NONE","seed_source_timestamp":188267240907537,"circlet_count":0,"master_deck":["Defend_G","Defend_G","Defend_G","Defend_G","Defend_G","Strike_G","Strike_G","Strike_G","Strike_G","Survivor","Neutralize","Bane","Bouncing Flask","Sucker Punch+1","PiercingWail","All Out Attack+1","Poisoned Stab+1","Footwork","Noxious Fumes","Bullet Time","Bane+1"],"relics":["Ectoplasm","Molten Egg 2","CultistMask","Gremlin Horn","Ornamental Fan","Girya","Philosopher\u0027s Stone"],"potions_floor_usage":[8,16,18,20,22],"damage_taken":[{"damage":0,"enemies":"2 Louse","floor":1,"turns":3},{"damage":0,"enemies":"Small Slimes","floor":7,"turns":3},{"damage":25,"enemies":"Gremlin Nob","floor":8,"turns":4},{"damage":0,"enemies":"Cultist","floor":10,"turns":2},{"damage":8,"enemies":"Lagavulin","floor":12,"turns":4},{"damage":0,"enemies":"Large Slime","floor":13,"turns":4},{"damage":1,"enemies":"Hexaghost","floor":16,"turns":8},{"damage":5,"enemies":"2 Thieves","floor":18,"turns":4},{"damage":30,"enemies":"3 Byrds","floor":20,"turns":4},{"damage":48,"enemies":"3 Cultists","floor":22,"turns":4}],"seed_played":"7278983450204070913","potions_obtained":[{"floor":1,"key":"Weak Potion"},{"floor":7,"key":"AttackPotion"},{"floor":10,"key":"GhostInAJar"},{"floor":18,"key":"SpeedPotion"},{"floor":20,"key":"Regen Potion"}],"is_trial":false,"path_per_floor":["M","?","$","?","?","R","M","E","T","M","R","E","M","$","R","B",null,"M","?","M","?","M"],"character_chosen":"THE_SILENT","items_purchased":["Bouncing Flask","Sucker Punch+1"],"campfire_rested":3,"item_purchase_floors":[3,3],"current_hp_per_floor":[63,38,38,38,38,59,59,34,34,34,55,47,47,47,68,67,69,64,64,34,34,0],"gold":0,"neow_bonus":"BOSS_RELIC","is_prod":false,"is_daily":false,"chose_seed":false,"campfire_upgraded":0,"win_rate":0,"timestamp":1560093973,"path_taken":["M","?","$","?","?","R","?","E","T","M","R","E","M","$","R","BOSS","M","?","M","?","?"],"build_version":"2019-01-23","purchased_purges":0,"victory":false,"max_hp_per_floor":[70,70,70,70,70,70,70,70,70,70,70,70,70,70,70,70,70,70,70,70,70,70],"card_choices":[{"not_picked":["Tactician","Eviscerate"],"picked":"Bane","floor":1},{"not_picked":["Dagger Throw+1","Outmaneuver"],"picked":"PiercingWail","floor":7},{"not_picked":["Skewer+1","Flechettes+1"],"picked":"All Out Attack+1","floor":8},{"not_picked":["Choke+1","Dagger Throw+1"],"picked":"Poisoned Stab+1","floor":10},{"not_picked":["Choke+1","Endless Agony+1"],"picked":"Footwork","floor":12},{"not_picked":["Dagger Throw+1","Sucker Punch+1"],"picked":"Noxious Fumes","floor":13},{"not_picked":["Grand Finale+1","After Image"],"picked":"Bullet Time","floor":16},{"not_picked":["Acrobatics","Quick Slash+1"],"picked":"Bane+1","floor":18},{"not_picked":["Flying Knee+1","Slice+1","Blade Dance"],"picked":"SKIP","floor":20}],"player_experience":419930,"relics_obtained":[{"floor":8,"key":"Gremlin Horn"},{"floor":9,"key":"Ornamental Fan"},{"floor":12,"key":"Girya"}],"event_choices":[{"damage_healed":0,"gold_gain":0,"player_choice":"Success","damage_taken":25,"relics_obtained":["Molten Egg 2"],"max_hp_gain":0,"max_hp_loss":0,"event_name":"Scrap Ooze","floor":2,"gold_loss":0},{"damage_healed":0,"gold_gain":0,"player_choice":"Leave","damage_taken":0,"max_hp_gain":0,"max_hp_loss":0,"event_name":"The Cleric","floor":4,"gold_loss":0},{"damage_healed":0,"gold_gain":0,"player_choice":"Trade","damage_taken":0,"relics_obtained":["CultistMask"],"max_hp_gain":0,"max_hp_loss":0,"event_name":"FaceTrader","floor":5,"gold_loss":0},{"cards_removed":["Strike_G"],"damage_healed":0,"gold_gain":0,"player_choice":"Purged","damage_taken":0,"max_hp_gain":0,"max_hp_loss":0,"event_name":"Purifier","floor":21,"gold_loss":0}],"is_beta":false,"boss_relics":[{"not_picked":["WristBlade","Fusion Hammer"],"picked":"Philosopher\u0027s Stone"}],"items_purged_floors":[],"is_endless":false,"potions_floor_spawned":[1,7,10,18,20],"killed_by":"3 Cultists","ascension_level":7}