{"gold_per_floor":[214,233,183,183,183,183,215,232,232,157,171,186,203,216,216,311,311,328,328,328],"floor_reached":20,"playtime":1047,"items_purged":["Strike_R"],"score":229,"play_id":"030c7d13-52a3-40f3-a7af-08f5f2273fe2","local_time":"20190303220137","is_ascension_mode":true,"campfire_choices":[{"data":"Body Slam","floor":6,"key":"SMITH"},{"floor":15,"key":"REST"}],"neow_cost":"NONE","seed_source_timestamp":90981467648000,"circlet_count":0,"master_deck":["Defend_R","Defend_R","Defend_R","Defend_R","Bash","Pommel Strike","Body Slam+1","Dropkick","Feel No Pain","Flame Barrier","Twin Strike","Barricade"],"relics":["Burning Blood","Darkstone Periapt","Kunai","Question Card","Empty Cage"],"potions_floor_usage":[16,16,16],"damage_taken":[{"damage":11,"enemies":"2 Louse","floor":1,"turns":3},{"damage":6,"enemies":"Cultist","floor":2,"turns":3},{"damage":32,"enemies":"Gremlin Nob","floor":7,"turns":4},{"damage":1,"enemies":"Small Slimes","floor":8,"turns":3},{"damage":13,"enemies":"3 Louse","floor":11,"turns":4},{"damage":0,"enemies":"Large Slime","floor":12,"turns":4},{"damage":0,"enemies":"Blue Slaver","floor":13,"turns":4},{"damage":13,"enemies":"Exordium Wildlife","floor":14,"turns":6},{"damage":46,"enemies":"The Guardian","floor":16,"turns":10},{"damage":37,"enemies":"Chosen","floor":18,"turns":8},{"damage":42,"enemies":"Spheric Guardian","floor":20,"turns":5}],"seed_played":"-2005197462624418330","potions_obtained":[{"floor":1,"key":"BloodPotion"},{"floor":8,"key":"Weak Potion"},{"floor":13,"key":"SkillPotion"},{"floor":14,"key":"Energy Potion"},{"floor":18,"key":"Poison Potion"}],"is_trial":false,"path_per_floor":["M","M","?","?","?","R","E","M","T","$","M","M","M","M","R","B",null,"M","?","M"],"character_chosen":"IRONCLAD","items_purchased":[],"campfire_rested":1,"item_purchase_floors":[],"current_hp_per_floor":[67,67,67,60,60,60,34,39,39,39,32,38,44,37,61,21,65,34,34,0],"gold":328,"neow_bonus":"HUNDRED_GOLD","is_prod":false,"is_daily":false,"chose_seed":false,"campfire_upgraded":1,"win_rate":0,"timestamp":1551679297,"path_taken":["M","M","?","?","?","R","E","?","T","$","M","M","M","?","R","BOSS","M","?","M"],"build_version":"2019-01-23","purchased_purges":1,"victory":false,"max_hp_per_floor":[80,80,80,80,80,80,80,80,80,80,80,80,80,80,80,80,80,80,80,80],"card_choices":[{"not_picked":["Evolve","Spot Weakness"],"picked":"Pommel Strike","floor":1},{"not_picked":["Clothesline","Heavy Blade"],"picked":"Body Slam","floor":2},{"not_picked":["Fire Breathing","Reckless Charge"],"picked":"Dropkick","floor":7},{"not_picked":["Uppercut","Warcry","Havoc"],"picked":"SKIP","floor":8},{"not_picked":["Uppercut","Warcry","Havoc"],"picked":"SKIP","floor":8},{"not_picked":["Entrench","Hemokinesis","Searing Blow"],"picked":"Feel No Pain","floor":11},{"not_picked":["Twin Strike","Metallicize","Fiend Fire"],"picked":"Flame Barrier","floor":12},{"not_picked":["Armaments","Anger","Perfected Strike"],"picked":"Twin Strike","floor":13},{"not_picked":["Perfected Strike","Shrug It Off","Infernal Blade","Anger"],"picked":"SKIP","floor":14},{"not_picked":["Exhume","Demon Form","Brutality"],"picked":"Barricade","floor":16},{"not_picked":["Flex","Pommel Strike+1","Havoc+1","Pummel"],"picked":"SKIP","floor":18}],"player_experience":251872,"relics_obtained":[{"floor":7,"key":"Kunai"},{"floor":9,"key":"Question Card"}],"event_choices":[{"cards_removed":["Strike_R"],"damage_healed":0,"gold_gain":0,"player_choice":"Card Removal","damage_taken":0,"max_hp_gain":0,"max_hp_loss":0,"event_name":"The Cleric","floor":3,"gold_loss":50},{"cards_removed":["Strike_R"],"damage_healed":0,"gold_gain":0,"player_choice":"Card Removal","damage_taken":7,"max_hp_gain":0,"max_hp_loss":0,"event_name":"Golden Wing","floor":4,"gold_loss":0},{"damage_healed":0,"gold_gain":0,"player_choice":"Gave Potion","damage_taken":0,"relics_obtained":["Darkstone Periapt"],"max_hp_gain":0,"max_hp_loss":0,"event_name":"WeMeetAgain","floor":5,"gold_loss":0},{"damage_healed":0,"gold_gain":0,"player_choice":"Ignored","damage_taken":0,"max_hp_gain":0,"max_hp_loss":0,"event_name":"Ghosts","floor":19,"gold_loss":0}],"is_beta":false,"boss_relics":[{"not_picked":["Runic Dome","Busted Crown"],"picked":"Empty Cage"}],"items_purged_floors":[10],"is_endless":false,"potions_floor_spawned":[1,8,13,14,18],"killed_by":"Spheric Guardian","ascension_level":6}