{"gold_per_floor":[111,111,286,306,231,231,231,241,241,118,135,152,152,152,152,254,254,265,275,275,135,148,148,97,114,114,140,140,140,168,168],"floor_reached":31,"playtime":1366,"items_purged":["Strike_R","Doubt"],"score":302,"play_id":"acfa5448-12d0-49a6-a277-bffdff90a936","local_time":"20190210182456","is_ascension_mode":true,"campfire_choices":[{"data":"Flame Barrier","floor":6,"key":"SMITH"},{"data":"Berserk","floor":15,"key":"SMITH"},{"data":"Barricade","floor":23,"key":"SMITH"},{"floor":28,"key":"REST"}],"neow_cost":"NONE","seed_source_timestamp":119818876038100,"circlet_count":0,"master_deck":["Bash","Body Slam+1","Flame Barrier+1","Ghostly Armor","Pommel Strike+1","Berserk+1","Power Through","Pummel+1","Infernal Blade","Searing Blow+1","Bloodletting","Seeing Red","Thunderclap+1","Disarm+1","Spot Weakness","Barricade+1","Cleave+1","Body Slam+1","Iron Wave+1","Spot Weakness+1","RitualDagger+1"],"relics":["Burning Blood","NeowsBlessing","Molten Egg 2","Mummified Hand","Orichalcum","Pandora\u0027s Box","Singing Bowl","Smiling Mask","Sundial","PreservedInsect"],"potions_floor_usage":[22,27,30,30,31],"damage_taken":[{"damage":0,"enemies":"Cultist","floor":1,"turns":1},{"damage":0,"enemies":"2 Louse","floor":4,"turns":2},{"damage":0,"enemies":"Jaw Worm","floor":8,"turns":1},{"damage":13,"enemies":"Exordium Thugs","floor":11,"turns":4},{"damage":5,"enemies":"Lots of Slimes","floor":12,"turns":4},{"damage":18,"enemies":"Hexaghost","floor":16,"turns":11},{"damage":3,"enemies":"Spheric Guardian","floor":18,"turns":3},{"damage":7,"enemies":"Shell Parasite","floor":19,"turns":5},{"damage":24,"enemies":"Shelled Parasite and Fungi","floor":22,"turns":5},{"damage":12,"enemies":"Cultist and Chosen","floor":25,"turns":6},{"damage":56,"enemies":"Slavers","floor":27,"turns":6},{"damage":24,"enemies":"Book of Stabbing","floor":30,"turns":6},{"damage":33,"enemies":"3 Cultists","floor":31,"turns":4}],"seed_played":"5116253080335348015","potions_obtained":[{"floor":4,"key":"GamblersBrew"},{"floor":8,"key":"Dexterity Potion"},{"floor":16,"key":"Regen Potion"},{"floor":18,"key":"Dexterity Potion"},{"floor":22,"key":"EssenceOfSteel"},{"floor":30,"key":"BloodPotion"}],"is_trial":false,"path_per_floor":["M","?","?","M","$","R","T","M","T","$","M","M","T","?","R","B",null,"M","M","T","$","M","R","$","M","T","E","R","?","E","M"],"character_chosen":"IRONCLAD","items_purchased":["Pommel Strike+1","Barricade","Body Slam+1"],"campfire_rested":1,"item_purchase_floors":[10,21,24],"current_hp_per_floor":[80,64,64,70,70,70,70,76,76,76,69,70,70,70,70,58,80,80,79,79,79,73,73,73,67,67,17,41,35,19,0],"gold":168,"neow_bonus":"THREE_ENEMY_KILL","is_prod":false,"is_daily":false,"chose_seed":false,"campfire_upgraded":3,"win_rate":0,"timestamp":1549851896,"path_taken":["M","?","?","M","$","R","?","?","T","$","M","?","?","?","R","BOSS","M","?","?","$","M","R","$","M","T","E","R","?","E","M"],"build_version":"2019-01-23","purchased_purges":2,"victory":false,"max_hp_per_floor":[80,80,80,80,80,80,80,80,80,80,80,80,80,80,80,80,80,80,80,80,80,80,80,80,80,80,80,80,80,82,82],"card_choices":[{"not_picked":["Heavy Blade","Burning Pact"],"picked":"Body Slam","floor":1},{"not_picked":["Thunderclap","Twin Strike"],"picked":"Flame Barrier","floor":4},{"not_picked":["Warcry","Clothesline+1"],"picked":"Ghostly Armor","floor":8},{"not_picked":["Warcry","Carnage+1","Havoc"],"picked":"SKIP","floor":11},{"not_picked":["Shockwave","Clash+1","Wild Strike+1"],"picked":"SKIP","floor":12},{"not_picked":["Twin Strike+1","Seeing Red"],"picked":"Disarm+1","floor":18},{"not_picked":["Twin Strike+1","Anger+1"],"picked":"Spot Weakness","floor":19},{"not_picked":["Pommel Strike+1","True Grit"],"picked":"Cleave+1","floor":22},{"not_picked":["Warcry","Anger+1"],"picked":"Iron Wave+1","floor":25},{"not_picked":["Exhume","Uppercut+1"],"picked":"Spot Weakness+1","floor":27},{"not_picked":["Barricade","Second Wind","Shockwave"],"picked":"Singing Bowl","floor":30}],"player_experience":118503,"relics_obtained":[{"floor":7,"key":"Molten Egg 2"},{"floor":9,"key":"Mummified Hand"},{"floor":13,"key":"Orichalcum"},{"floor":20,"key":"Singing Bowl"},{"floor":26,"key":"Smiling Mask"},{"floor":27,"key":"Sundial"},{"floor":30,"key":"PreservedInsect"}],"event_choices":[{"damage_healed":0,"gold_gain":0,"player_choice":"Entered Light","damage_taken":16,"max_hp_gain":0,"max_hp_loss":0,"event_name":"Shining Light","floor":2,"gold_loss":0,"cards_upgraded":["Body Slam","Defend_R"]},{"damage_healed":0,"gold_gain":175,"player_choice":"AGREE","damage_taken":0,"max_hp_gain":0,"max_hp_loss":0,"event_name":"Liars Game","floor":3,"gold_loss":0,"cards_obtained":["Doubt"]},{"damage_healed":0,"gold_gain":0,"cards_transformed":["Strike_R"],"player_choice":"Transformed","damage_taken":0,"max_hp_gain":0,"max_hp_loss":0,"event_name":"Transmorgrifier","floor":14,"gold_loss":0,"cards_obtained":["Berserk"]},{"damage_healed":0,"gold_gain":0,"player_choice":"Joined the Cult","damage_taken":6,"max_hp_gain":0,"max_hp_loss":0,"event_name":"Nest","floor":29,"gold_loss":0,"cards_obtained":["RitualDagger"]}],"is_beta":false,"boss_relics":[{"not_picked":["Snecko Eye","Black Star"],"picked":"Pandora\u0027s Box"}],"items_purged_floors":[5,10],"is_endless":false,"potions_floor_spawned":[4,8,16,18,22,30],"killed_by":"3 Cultists","ascension_level":3}