{"gold_per_floor":[113,113,113,136,61,61,61,61,61,75,75,115,15,15,15,143,143,161,181,181],"floor_reached":20,"playtime":453,"items_purged":["Strike_B","Strike_B"],"score":221,"play_id":"ff06103b-8e16-4493-a69e-e89f54b3824d","local_time":"20190610234917","is_ascension_mode":true,"campfire_choices":[{"data":"Zap","floor":6,"key":"SMITH"},{"data":"Go for the Eyes","floor":8,"key":"SMITH"},{"data":"Defend_B","floor":11,"key":"SMITH"},{"data":"Defend_B","floor":15,"key":"SMITH"}],"neow_cost":"NONE","seed_source_timestamp":652180076596300,"circlet_count":0,"master_deck":["Strike_B","Strike_B+1","Defend_B+1","Defend_B+1","Defend_B","Defend_B","Zap+1","Dualcast+1","Go for the Eyes+1","Gash+1","Thunder Strike","Beam Cell+1"],"relics":["Cracked Core","Regal Pillow","Golden Idol","Pantograph","Oddly Smooth Stone","Busted Crown"],"potions_floor_usage":[18,20],"damage_taken":[{"damage":0,"enemies":"2 Louse","floor":1,"turns":3},{"damage":9,"enemies":"Small Slimes","floor":4,"turns":2},{"damage":0,"enemies":"Jaw Worm","floor":10,"turns":2},{"damage":11,"enemies":"Gremlin Nob","floor":12,"turns":4},{"damage":25,"enemies":"The Guardian","floor":16,"turns":12},{"damage":26,"enemies":"2 Thieves","floor":18,"turns":3},{"damage":18,"enemies":"Chosen","floor":19,"turns":5},{"damage":29,"enemies":"Centurion and Healer","floor":20,"turns":5}],"seed_played":"7219305214120013374","potions_obtained":[{"floor":4,"key":"Explosive Potion"},{"floor":12,"key":"Energy Potion"},{"floor":19,"key":"FearPotion"}],"is_trial":false,"path_per_floor":["M","?","?","M","$","R","?","R","T","M","R","E","$","?","R","B",null,"M","M","M"],"character_chosen":"DEFECT","items_purchased":[],"campfire_rested":0,"item_purchase_floors":[],"current_hp_per_floor":[68,68,54,45,45,45,68,68,68,68,68,57,57,57,57,44,63,37,19,0],"gold":181,"neow_bonus":"RANDOM_COMMON_RELIC","is_prod":false,"is_daily":false,"chose_seed":false,"campfire_upgraded":4,"win_rate":0,"timestamp":1560235757,"path_taken":["M","?","?","M","$","R","?","R","T","M","R","E","?","?","R","BOSS","M","M","M"],"build_version":"2019-01-23","purchased_purges":2,"victory":false,"max_hp_per_floor":[75,69,69,69,69,69,69,69,69,69,69,69,69,69,69,69,69,69,69,69],"card_choices":[{"not_picked":["Leap","Darkness"],"picked":"Go for the Eyes","floor":1},{"not_picked":["Rebound","Steam","Skim"],"picked":"SKIP","floor":4},{"not_picked":["Aggregate","Blizzard","Force Field"],"picked":"SKIP","floor":10},{"not_picked":["Aggregate","Reprogram"],"picked":"Gash","floor":12},{"not_picked":["Creative AI","Machine Learning"],"picked":"Thunder Strike","floor":16},{"not_picked":["Force Field"],"picked":"SKIP","floor":18},{"not_picked":[],"picked":"Beam Cell+1","floor":19}],"player_experience":456473,"relics_obtained":[{"floor":9,"key":"Pantograph"},{"floor":12,"key":"Oddly Smooth Stone"}],"event_choices":[{"damage_healed":0,"gold_gain":0,"player_choice":"Lose Max HP","damage_taken":0,"relics_obtained":["Golden Idol"],"max_hp_gain":0,"max_hp_loss":6,"event_name":"Golden Idol","floor":2,"gold_loss":0},{"damage_healed":0,"gold_gain":0,"player_choice":"Entered Light","damage_taken":14,"max_hp_gain":0,"max_hp_loss":0,"event_name":"Shining Light","floor":3,"gold_loss":0,"cards_upgraded":["Strike_B","Dualcast"]},{"damage_healed":23,"gold_gain":0,"player_choice":"Banana","damage_taken":0,"max_hp_gain":0,"max_hp_loss":0,"event_name":"Big Fish","floor":7,"gold_loss":0},{"damage_healed":0,"gold_gain":0,"player_choice":"Grow","damage_taken":0,"max_hp_gain":0,"max_hp_loss":0,"event_name":"Living Wall","floor":14,"gold_loss":0,"cards_upgraded":["Gash"]}],"is_beta":false,"boss_relics":[{"not_picked":["Nuclear Battery","Runic Dome"],"picked":"Busted Crown"}],"items_purged_floors":[5,13],"is_endless":false,"potions_floor_spawned":[4,12,19],"killed_by":"Centurion and Healer","ascension_level":6}