{"gold_per_floor":[113,113,126,126,51,51,64,64,64,64,77,77,93,104,104,200,200,213,233,233,148,148],"floor_reached":22,"playtime":835,"items_purged":["Strike_R"],"score":238,"play_id":"553b9199-6fb4-4f01-9d6a-56b4d2529316","local_time":"20190304102850","is_ascension_mode":true,"campfire_choices":[{"data":"Iron Wave","floor":6,"key":"SMITH"},{"data":"Bash","floor":8,"key":"SMITH"},{"data":"Seeing Red","floor":10,"key":"SMITH"},{"data":"Pommel Strike","floor":15,"key":"SMITH"}],"neow_cost":"NONE","seed_source_timestamp":136053479478900,"circlet_count":0,"master_deck":["Strike_R","Strike_R","Strike_R","Defend_R","Defend_R","Defend_R","Defend_R","Bash+1","Shrug It Off","Iron Wave+1","Seeing Red+1","True Grit","Pommel Strike+1","Limit Break","Headbutt+1"],"relics":["Burning Blood","Shuriken","Mark of Pain","Gremlin Horn"],"potions_floor_usage":[16,16,19,22,22],"damage_taken":[{"damage":7,"enemies":"Small Slimes","floor":1,"turns":4},{"damage":2,"enemies":"Jaw Worm","floor":3,"turns":5},{"damage":3,"enemies":"2 Louse","floor":7,"turns":3},{"damage":19,"enemies":"Large Slime","floor":11,"turns":7},{"damage":10,"enemies":"2 Fungi Beasts","floor":13,"turns":4},{"damage":5,"enemies":"Blue Slaver","floor":14,"turns":5},{"damage":63,"enemies":"Slime Boss","floor":16,"turns":15},{"damage":16,"enemies":"Shell Parasite","floor":18,"turns":5},{"damage":27,"enemies":"3 Byrds","floor":19,"turns":7},{"damage":49,"enemies":"Cultist and Chosen","floor":22,"turns":6}],"seed_played":"6785892087793978113","potions_obtained":[{"floor":1,"key":"AttackPotion"},{"floor":13,"key":"SkillPotion"},{"floor":14,"key":"BloodPotion"},{"floor":16,"key":"GamblersBrew"},{"floor":19,"key":"Poison Potion"}],"is_trial":false,"path_per_floor":["M","?","M","?","$","R","M","R","T","R","M","?","M","M","R","B",null,"M","M","?","?","M"],"character_chosen":"IRONCLAD","items_purchased":[],"campfire_rested":0,"item_purchase_floors":[],"current_hp_per_floor":[79,79,83,76,76,76,79,79,79,79,66,71,67,68,68,11,73,63,42,33,33,0],"gold":148,"neow_bonus":"TEN_PERCENT_HP_BONUS","is_prod":false,"is_daily":false,"chose_seed":false,"campfire_upgraded":4,"win_rate":0,"timestamp":1551724130,"path_taken":["M","?","M","?","?","R","M","R","T","R","?","?","M","M","R","BOSS","M","M","?","?","M"],"build_version":"2019-01-23","purchased_purges":1,"victory":false,"max_hp_per_floor":[88,88,88,88,88,88,88,88,88,88,88,93,93,93,93,93,93,93,93,93,93,93],"card_choices":[{"not_picked":["Headbutt","True Grit"],"picked":"Shrug It Off","floor":1},{"not_picked":["Inflame","Clash"],"picked":"Iron Wave","floor":3},{"not_picked":["Perfected Strike","Spot Weakness"],"picked":"Seeing Red","floor":7},{"not_picked":["Shrug It Off","Warcry","Havoc"],"picked":"SKIP","floor":11},{"not_picked":["Clothesline","Combust"],"picked":"True Grit","floor":13},{"not_picked":["True Grit","Corruption"],"picked":"Pommel Strike","floor":14},{"not_picked":["Feed","Reaper"],"picked":"Limit Break","floor":16},{"not_picked":["Clash+1","Rupture","Evolve"],"picked":"SKIP","floor":18},{"not_picked":["Blood for Blood","Hemokinesis"],"picked":"Headbutt+1","floor":19}],"player_experience":262937,"relics_obtained":[{"floor":9,"key":"Shuriken"}],"event_choices":[{"damage_healed":0,"gold_gain":0,"player_choice":"Ignored","damage_taken":0,"max_hp_gain":0,"max_hp_loss":0,"event_name":"Shining Light","floor":2,"gold_loss":0},{"cards_removed":["Strike_R"],"damage_healed":0,"gold_gain":0,"player_choice":"Card Removal","damage_taken":7,"max_hp_gain":0,"max_hp_loss":0,"event_name":"Golden Wing","floor":4,"gold_loss":0},{"damage_healed":0,"gold_gain":0,"player_choice":"Donut","damage_taken":0,"max_hp_gain":5,"max_hp_loss":0,"event_name":"Big Fish","floor":12,"gold_loss":0},{"damage_healed":0,"gold_gain":0,"player_choice":"Stopped","damage_taken":9,"max_hp_gain":0,"max_hp_loss":0,"event_name":"Cursed Tome","floor":20,"gold_loss":0},{"damage_healed":0,"gold_gain":0,"player_choice":"Obtained Relic","damage_taken":0,"relics_obtained":["Gremlin Horn"],"max_hp_gain":0,"max_hp_loss":0,"event_name":"Addict","floor":21,"gold_loss":85}],"is_beta":false,"boss_relics":[{"not_picked":["Tiny House","Fusion Hammer"],"picked":"Mark of Pain"}],"items_purged_floors":[5],"is_endless":false,"potions_floor_spawned":[1,13,14,16,19],"killed_by":"Cultist and Chosen","ascension_level":7}