{"gold_per_floor":[116,126,28,28,47,47,82,82,107,136,41,57,73,73,73,73],"floor_reached":16,"playtime":1330,"items_purged":[],"score":132,"play_id":"f6e9a0f9-4cd7-4107-978f-6f396eaf025b","local_time":"20181013232803","is_ascension_mode":true,"campfire_choices":[{"data":"True Grit","floor":6.0,"key":"SMITH"},{"data":"Heavy Blade","floor":8.0,"key":"SMITH"},{"floor":15,"key":"REST"}],"neow_cost":"","seed_source_timestamp":0,"circlet_count":0,"master_deck":["Strike_R","Strike_R","Strike_R","Strike_R","Strike_R","Defend_R","Defend_R","Defend_R","Defend_R","Bash","Clothesline","Metallicize","Fire Breathing","True Grit+1","Feel No Pain","Heavy Blade+1","Madness","Thunderclap","Flame Barrier","Exhume"],"special_seed":0,"relics":["Burning Blood","Juzu Bracelet","Potion Belt","Omamori","Blood Vial"],"potions_floor_usage":[16],"damage_taken":[{"damage":14.0,"enemies":"Jaw Worm","floor":1.0,"turns":5.0},{"damage":1.0,"enemies":"Cultist","floor":2.0,"turns":3.0},{"damage":0.0,"enemies":"2 Louse","floor":5.0,"turns":3.0},{"damage":15.0,"enemies":"3 Sentries","floor":7.0,"turns":12.0},{"damage":39.0,"enemies":"Lagavulin","floor":10.0,"turns":11.0},{"damage":9,"enemies":"Red Slaver","floor":12,"turns":6},{"damage":11,"enemies":"Blue Slaver","floor":13,"turns":5},{"damage":24,"enemies":"The Guardian","floor":16,"turns":2}],"seed_played":"-4862540060121187922","potions_obtained":[{"floor":2.0,"key":"GamblersBrew"},{"floor":10.0,"key":"SpeedPotion"},{"floor":12,"key":"GamblersBrew"},{"floor":13,"key":"Swift Potion"}],"is_trial":false,"path_per_floor":["M","M","$","?","M","R","E","R","T","E","$","M","M","?","R"],"character_chosen":"IRONCLAD","items_purchased":["Fire Breathing","True Grit","Madness"],"campfire_rested":1,"item_purchase_floors":[3,3,11],"current_hp_per_floor":[72,77,77,65,71,71,62,62,62,29,29,28,25,25,49,27],"gold":73,"neow_bonus":"","is_prod":false,"is_daily":false,"chose_seed":false,"campfire_upgraded":2,"win_rate":0,"timestamp":1539469683,"path_taken":["M","M","$","?","M","R","E","R","T","E","?","M","M","?","R","BOSS"],"build_version":"2018-10-11","purchased_purges":0,"victory":false,"max_hp_per_floor":[80,80,80,80,80,80,80,80,80,80,80,80,80,80,80,80],"card_choices":[{"not_picked":["Clash","Bloodletting"],"picked":"Clothesline","floor":1.0},{"not_picked":["Anger","Twin Strike"],"picked":"Metallicize","floor":2.0},{"not_picked":["Power Through","Clash"],"picked":"Feel No Pain","floor":5.0},{"not_picked":["Headbutt","Wild Strike"],"picked":"Heavy Blade","floor":7.0},{"not_picked":["Reckless Charge","Dropkick"],"picked":"Perfected Strike","floor":10.0},{"not_picked":["Body Slam","Armaments"],"picked":"Thunderclap","floor":12},{"not_picked":["Cleave","Havoc"],"picked":"Flame Barrier","floor":13}],"player_experience":695916,"relics_obtained":[{"floor":7.0,"key":"Potion Belt"},{"floor":9.0,"key":"Omamori"},{"floor":10.0,"key":"Blood Vial"}],"event_choices":[{"event_name":"Scrap Ooze","player_choice":"success","floor":4.0,"damage_taken":12.0},{"event_name":"Transmorgrifier","player_choice":"Transform","floor":14,"damage_taken":0}],"is_beta":false,"boss_relics":[],"items_purged_floors":[],"is_endless":false,"potions_floor_spawned":[2,10,12,13],"killed_by":"The Guardian","ascension_level":4}