{"gold_per_floor":[117,137,137,157,169,169,94,121,121,121,91,119,133,146,146,248,248,259,259,33,33],"floor_reached":21,"playtime":2341,"items_purged":["Strike_R"],"score":255,"play_id":"48a1251a-80ec-4f7a-b098-03d1eaa8ac0c","local_time":"20190116195102","is_ascension_mode":true,"campfire_choices":[{"floor":6.0,"key":"REST"},{"data":"Searing Blow","floor":10.0,"key":"SMITH"},{"floor":15.0,"key":"REST"}],"neow_cost":"NONE","seed_source_timestamp":330136740343635,"circlet_count":0,"master_deck":["Strike_R","Strike_R","Strike_R","Strike_R","Defend_R","Defend_R","Defend_R","Defend_R","Bash+1","Flex","Searing Blow+1","Shrug It Off","Flame Barrier","Flame Barrier","Spot Weakness","Armaments","Pommel Strike","Cleave","Bludgeon","Fiend Fire"],"special_seed":0,"relics":["Black Blood","Singing Bowl","Blue Candle","Dream Catcher","PreservedInsect"],"potions_floor_usage":[16],"damage_taken":[{"damage":7.0,"enemies":"Small Slimes","floor":1.0,"turns":3.0},{"damage":6.0,"enemies":"Cultist","floor":2.0,"turns":4.0},{"damage":6.0,"enemies":"2 Louse","floor":4.0,"turns":3.0},{"damage":31.0,"enemies":"Exordium Thugs","floor":5.0,"turns":5.0},{"damage":30.0,"enemies":"Gremlin Nob","floor":8.0,"turns":4.0},{"damage":0.0,"enemies":"Looter","floor":11.0,"turns":4.0},{"damage":26.0,"enemies":"Lagavulin","floor":12.0,"turns":8.0},{"damage":2.0,"enemies":"Blue Slaver","floor":13.0,"turns":5.0},{"damage":14.0,"enemies":"Exordium Thugs","floor":14.0,"turns":9.0},{"damage":53,"enemies":"The Guardian","floor":16,"turns":14},{"damage":37,"enemies":"Spheric Guardian","floor":18,"turns":6},{"damage":0,"enemies":"Chosen","floor":21,"turns":3}],"seed_played":"5415040175212567848","potions_obtained":[{"floor":4.0,"key":"LiquidBronze"},{"floor":5.0,"key":"Energy Potion"},{"floor":13.0,"key":"SpeedPotion"},{"floor":14.0,"key":"Strength Potion"}],"is_trial":false,"path_per_floor":["M","M","?","M","M","R","$","E","T","R","M","E","M","M","R","B",null,"M","?","$","M"],"character_chosen":"IRONCLAD","items_purchased":["PreservedInsect","Fiend Fire"],"campfire_rested":2,"item_purchase_floors":[20,20],"current_hp_per_floor":[79,79,79,79,54,80,80,56,56,56,62,42,46,38,66,19,72,47,38,38,38],"gold":33,"neow_bonus":"TEN_PERCENT_HP_BONUS","is_prod":false,"is_daily":false,"chose_seed":false,"campfire_upgraded":1,"win_rate":0,"timestamp":1547668262,"path_taken":["M","M","?","M","M","R","$","E","T","R","?","E","M","M","R","BOSS","M","?","$","?"],"build_version":"2019-01-10","purchased_purges":1,"victory":false,"max_hp_per_floor":[88,88,88,88,88,88,88,88,88,88,88,88,88,88,90,90,90,92,92,92,92],"card_choices":[{"not_picked":["Infernal Blade","Fire Breathing"],"picked":"Flex","floor":1.0},{"not_picked":["Blood for Blood","Metallicize"],"picked":"Searing Blow","floor":2.0},{"not_picked":["Havoc","Corruption"],"picked":"Shrug It Off","floor":4.0},{"not_picked":["Shrug It Off","Uppercut"],"picked":"Flame Barrier","floor":5.0},{"not_picked":["Barricade","Bloodletting"],"picked":"Flame Barrier","floor":8.0},{"not_picked":["Heavy Blade","Sword Boomerang"],"picked":"Spot Weakness","floor":11.0},{"not_picked":["Corruption","Exhume"],"picked":"Armaments","floor":12.0},{"not_picked":["Flex","Metallicize"],"picked":"Pommel Strike","floor":13.0},{"not_picked":["Havoc","Fire Breathing"],"picked":"Cleave","floor":14.0},{"not_picked":["Havoc","Flex","Second Wind"],"picked":"Singing Bowl","floor":15.0},{"not_picked":["Immolate","Offering"],"picked":"Bludgeon","floor":16},{"not_picked":["Clash","Infernal Blade","Body Slam"],"picked":"Singing Bowl","floor":18}],"player_experience":1003754,"relics_obtained":[{"floor":8.0,"key":"Singing Bowl"},{"floor":9.0,"key":"Blue Candle"},{"floor":12.0,"key":"Dream Catcher"}],"event_choices":[{"damage_healed":0.0,"max_hp_gain":0.0,"max_hp_loss":0.0,"gold_gain":0.0,"event_name":"Accursed Blacksmith","player_choice":"Forge","floor":3.0,"gold_loss":0.0,"damage_taken":0.0,"cards_upgraded":["Bash"]},{"damage_healed":0,"gold_gain":0,"player_choice":"","damage_taken":9,"max_hp_gain":0,"max_hp_loss":0,"event_name":"Knowing Skull","floor":19,"potions_obtained":[],"gold_loss":0,"cards_obtained":[]}],"is_beta":false,"boss_relics":[{"not_picked":["Philosopher\u0027s Stone","Coffee Dripper"],"picked":"Black Blood"}],"items_purged_floors":[7],"is_endless":false,"potions_floor_spawned":[4,5,13,14],"killed_by":"Chosen","ascension_level":7}