{"gold_per_floor":[116,116,41,51,67,67,97,125,160,172,284,315,327,351,363,474,486,510,555,467,467,452,452],"floor_reached":23,"playtime":786,"items_purged":["Defend_B","Strike_B"],"score":191,"play_id":"bd4b4ffe-3725-4e34-8f75-9cbeb9d456eb","local_time":"20190217032323","is_ascension_mode":false,"campfire_choices":[{"data":"Zap","floor":6,"key":"SMITH"},{"floor":10,"key":"REST"},{"data":"Dualcast","floor":13,"key":"SMITH"},{"floor":15,"key":"REST"}],"neow_cost":"NONE","seed_source_timestamp":27918368631600,"circlet_count":0,"master_deck":["Strike_B","Strike_B","Strike_B","Defend_B","Zap+1","Dualcast+1","Auto Shields","Go for the Eyes","Gash","BootSequence","Echo Form","Gash+1","Decay"],"relics":["Cracked Core","MawBank","Regal Pillow","Lizard Tail","Red Mask"],"potions_floor_usage":[7,19,23],"damage_taken":[{"damage":10,"enemies":"Small Slimes","floor":1,"turns":3},{"damage":6,"enemies":"Cultist","floor":4,"turns":3},{"damage":4,"enemies":"2 Louse","floor":5,"turns":2},{"damage":28,"enemies":"3 Sentries","floor":7,"turns":7},{"damage":10,"enemies":"Gremlin Gang","floor":8,"turns":4},{"damage":9,"enemies":"2 Fungi Beasts","floor":12,"turns":3},{"damage":3,"enemies":"Red Slaver","floor":14,"turns":3},{"damage":56,"enemies":"The Guardian","floor":16,"turns":14},{"damage":20,"enemies":"Chosen","floor":18,"turns":5},{"damage":49,"enemies":"Masked Bandits","floor":19,"turns":4},{"damage":19,"enemies":"2 Thieves","floor":22,"turns":4},{"damage":30,"enemies":"Book of Stabbing","floor":23,"turns":4}],"seed_played":"6920066164017641711","potions_obtained":[{"floor":1,"key":"SneckoOil"},{"floor":4,"key":"Poison Potion"},{"floor":8,"key":"LiquidBronze"},{"floor":16,"key":"Strength Potion"},{"floor":22,"key":"GamblersBrew"}],"is_trial":false,"path_per_floor":["M","?","$","M","M","R","E","M","T","R","?","M","R","M","R","B",null,"M","?","$","?","M","E"],"character_chosen":"DEFECT","items_purchased":[],"campfire_rested":2,"item_purchase_floors":[],"current_hp_per_floor":[65,65,65,59,55,55,27,17,17,54,54,45,45,42,75,19,75,55,6,6,6,27,0],"gold":452,"neow_bonus":"REMOVE_CARD","is_prod":false,"is_daily":false,"chose_seed":false,"campfire_upgraded":2,"win_rate":0.0,"timestamp":1550402603,"path_taken":["M","?","$","M","?","R","E","M","T","R","?","M","R","?","R","BOSS","M","?","$","?","?","E"],"build_version":"2019-01-23","purchased_purges":2,"victory":false,"max_hp_per_floor":[75,75,75,75,75,75,75,75,75,75,75,75,75,75,75,75,75,75,75,75,75,75,75],"card_choices":[{"not_picked":["Glacier","Coolheaded","Stack"],"picked":"SKIP","floor":1},{"not_picked":["Stack","Leap"],"picked":"Go for the Eyes","floor":4},{"not_picked":["Consume","Hologram","Turbo"],"picked":"SKIP","floor":5},{"not_picked":["Coolheaded","Double Energy","Rip and Tear"],"picked":"SKIP","floor":7},{"not_picked":["Coolheaded","Compile Driver"],"picked":"Gash","floor":8},{"not_picked":["Double Energy","Ball Lightning"],"picked":"BootSequence","floor":12},{"not_picked":["Compile Driver","Heatsinks","Doom and Gloom"],"picked":"SKIP","floor":14},{"not_picked":["Amplify","Fission"],"picked":"Echo Form","floor":16},{"not_picked":["Coolheaded","Conserve Battery","Turbo"],"picked":"SKIP","floor":18},{"not_picked":["Beam Cell+1","Go for the Eyes"],"picked":"Gash+1","floor":19},{"not_picked":["Stack","Turbo","Barrage"],"picked":"SKIP","floor":22}],"player_experience":179965,"relics_obtained":[{"floor":7,"key":"MawBank"},{"floor":9,"key":"Regal Pillow"},{"floor":19,"key":"Red Mask"}],"event_choices":[{"damage_healed":0,"gold_gain":0,"cards_transformed":["Defend_B"],"player_choice":"Transformed","damage_taken":0,"max_hp_gain":0,"max_hp_loss":0,"event_name":"Transmorgrifier","floor":2,"gold_loss":0,"cards_obtained":["Auto Shields"]},{"damage_healed":0,"gold_gain":100,"player_choice":"Pray","damage_taken":0,"max_hp_gain":0,"max_hp_loss":0,"event_name":"Golden Shrine","floor":11,"gold_loss":0},{"damage_healed":0,"gold_gain":0,"player_choice":"Fought Bandits","damage_taken":0,"max_hp_gain":0,"max_hp_loss":0,"event_name":"Masked Bandits","floor":19,"gold_loss":0},{"damage_healed":0,"gold_gain":0,"player_choice":"Cursed","damage_taken":0,"max_hp_gain":0,"max_hp_loss":0,"event_name":"Wheel of Change","floor":21,"gold_loss":0,"cards_obtained":["Decay"]}],"is_beta":false,"boss_relics":[{"not_picked":["FrozenCore","Runic Dome"],"picked":"Lizard Tail"}],"items_purged_floors":[3,20],"is_endless":false,"potions_floor_spawned":[1,4,8,16,22],"killed_by":"Book of Stabbing","ascension_level":0}