{"gold_per_floor":[114,114,132,132,132,165,90,123,123,136,147,162,162,182,182,285,285,303,303,218,73,86,117,47,0,0,17,17,17],"floor_reached":29,"playtime":2031,"items_purged":["Strike_G","Defend_G"],"score":266,"play_id":"91f51b5d-8ebc-4051-aaf8-d4f4f4c6462e","local_time":"20190205222804","is_ascension_mode":true,"campfire_choices":[{"data":"1","floor":15,"key":"LIFT"},{"floor":28,"key":"REST"}],"neow_cost":"NONE","seed_source_timestamp":247529292786778,"circlet_count":0,"master_deck":["Defend_G","Defend_G","Defend_G","Defend_G","Strike_G","Strike_G","Survivor","Neutralize","Predator","Infinite Blades","Backstab","Backstab","Prepared","Blur","A Thousand Cuts","Tactician","Prepared+1","Outmaneuver+1","Blur+1","Backflip+1"],"relics":["Ring of the Snake","Girya","Shuriken","Pear","Gremlin Horn","Philosopher\u0027s Stone","Nilry\u0027s Codex","Toxic Egg 2","Pen Nib","Matryoshka"],"potions_floor_usage":[8,8,16,23,29],"damage_taken":[{"damage":0,"enemies":"Cultist","floor":1,"turns":3},{"damage":3,"enemies":"Jaw Worm","floor":3,"turns":3},{"damage":22,"enemies":"3 Sentries","floor":6,"turns":10},{"damage":13,"enemies":"Lagavulin","floor":8,"turns":8},{"damage":0,"enemies":"Small Slimes","floor":10,"turns":2},{"damage":0,"enemies":"Blue Slaver","floor":11,"turns":3},{"damage":0,"enemies":"Exordium Wildlife","floor":12,"turns":3},{"damage":0,"enemies":"Looter","floor":14,"turns":1},{"damage":14,"enemies":"Hexaghost","floor":16,"turns":12},{"damage":11,"enemies":"2 Thieves","floor":18,"turns":5},{"damage":19,"enemies":"3 Byrds","floor":22,"turns":5},{"damage":25,"enemies":"Gremlin Leader","floor":23,"turns":5},{"damage":4,"enemies":"Snecko","floor":27,"turns":6},{"damage":30,"enemies":"Slavers","floor":29,"turns":1}],"seed_played":"5837024119902817379","potions_obtained":[{"floor":1,"key":"SpeedPotion"},{"floor":6,"key":"Ancient Potion"},{"floor":12,"key":"Weak Potion"},{"floor":18,"key":"Explosive Potion"},{"floor":27,"key":"Explosive Potion"}],"is_trial":false,"path_per_floor":["M","?","M","?","?","E","$","E","T","M","M","M","?","M","R","B",null,"M","?","?","$","M","E","$","?","T","M","R","E"],"character_chosen":"THE_SILENT","items_purchased":["Prepared+1","Blur+1"],"campfire_rested":1,"item_purchase_floors":[21,24],"current_hp_per_floor":[70,70,67,64,64,42,42,39,39,39,39,39,39,39,39,25,80,69,53,53,53,34,9,9,9,9,5,29,0],"gold":17,"neow_bonus":"TRANSFORM_CARD","is_prod":false,"is_daily":false,"chose_seed":false,"campfire_upgraded":0,"win_rate":0,"timestamp":1549434484,"path_taken":["M","?","M","?","?","E","?","E","T","M","?","M","?","M","R","BOSS","M","?","?","?","?","E","$","?","T","M","R","E"],"build_version":"2019-01-23","purchased_purges":2,"victory":false,"max_hp_per_floor":[70,70,70,70,70,70,70,80,80,80,80,80,80,80,80,80,80,80,80,80,80,80,80,80,80,80,80,80,80],"card_choices":[{"not_picked":["Escape Plan","Heel Hook"],"picked":"Infinite Blades","floor":1},{"not_picked":["Backflip","Distraction"],"picked":"Backstab","floor":3},{"not_picked":["All Out Attack","Slice"],"picked":"Backstab","floor":6},{"not_picked":["Finisher","Dodge and Roll","Blade Dance"],"picked":"SKIP","floor":8},{"not_picked":["Deadly Poison","Blade Dance"],"picked":"Prepared","floor":10},{"not_picked":["Deadly Poison","Acrobatics","Dodge and Roll"],"picked":"SKIP","floor":11},{"not_picked":["Deflect","Flying Knee","Expertise"],"picked":"SKIP","floor":12},{"not_picked":["Deadly Poison","Prepared"],"picked":"Blur","floor":14},{"not_picked":["Night Terror","Corpse Explosion"],"picked":"A Thousand Cuts","floor":16},{"not_picked":["Slice","Dagger Spray"],"picked":"Tactician","floor":18},{"not_picked":["Caltrops","Slice+1","Catalyst+1"],"picked":"SKIP","floor":22},{"not_picked":["Backflip+1","PiercingWail+1"],"picked":"Outmaneuver+1","floor":23},{"not_picked":["Underhanded Strike","Flying Knee"],"picked":"Backflip+1","floor":27}],"player_experience":28239,"relics_obtained":[{"floor":6,"key":"Shuriken"},{"floor":8,"key":"Pear"},{"floor":9,"key":"Gremlin Horn"},{"floor":19,"key":"Nilry\u0027s Codex"},{"floor":23,"key":"Pen Nib"},{"floor":26,"key":"Matryoshka"}],"event_choices":[{"cards_removed":["Strike_G"],"damage_healed":0,"gold_gain":0,"player_choice":"Forget","damage_taken":0,"max_hp_gain":0,"max_hp_loss":0,"event_name":"Living Wall","floor":2,"gold_loss":0},{"damage_healed":0,"gold_gain":0,"player_choice":"Success","damage_taken":3,"relics_obtained":["Girya"],"max_hp_gain":0,"max_hp_loss":0,"event_name":"Scrap Ooze","floor":4,"gold_loss":0},{"damage_healed":0,"gold_gain":0,"player_choice":"Ignored","damage_taken":0,"max_hp_gain":0,"max_hp_loss":0,"event_name":"Liars Game","floor":5,"gold_loss":0},{"damage_healed":0,"gold_gain":0,"player_choice":"Bought 0 Potions","damage_taken":0,"max_hp_gain":0,"max_hp_loss":0,"event_name":"The Woman in Blue","floor":13,"gold_loss":0},{"damage_healed":0,"gold_gain":0,"player_choice":"Obtained Book","damage_taken":16,"max_hp_gain":0,"max_hp_loss":0,"event_name":"Cursed Tome","floor":19,"gold_loss":0},{"damage_healed":0,"gold_gain":0,"player_choice":"Obtained Relic","damage_taken":0,"relics_obtained":["Toxic Egg 2"],"max_hp_gain":0,"max_hp_loss":0,"event_name":"Addict","floor":20,"gold_loss":85},{"damage_healed":0,"gold_gain":0,"player_choice":"Paid Fearfully","damage_taken":0,"max_hp_gain":0,"max_hp_loss":0,"event_name":"Masked Bandits","floor":25,"gold_loss":47}],"is_beta":false,"boss_relics":[{"not_picked":["White Beast Statue","Cursed Key"],"picked":"Philosopher\u0027s Stone"}],"items_purged_floors":[7,21],"is_endless":false,"potions_floor_spawned":[1,6,12,18,27],"killed_by":"Slavers","ascension_level":1}