{"gold_per_floor":[111,123,135,135,135,135,166,186,186,361,371,53,67,83,83,183,183,183,183,183,138,38,38,38,38,38,38,38,38,38,38,38,38,38,38,38,38,38,38,38,38,38,38,38,38,38],"floor_reached":46,"playtime":3178,"items_purged":["Doubt","Strike_R"],"score":499,"play_id":"4743b654-1e34-4a74-958a-9f4374e4e8c2","local_time":"20180719184412","is_ascension_mode":true,"campfire_choices":[{"data":"Armaments","floor":6,"key":"SMITH"},{"data":"Anger","floor":15,"key":"SMITH"},{"data":"Barricade","floor":23,"key":"SMITH"},{"floor":27,"key":"REST"},{"floor":32,"key":"REST"},{"data":"Demon Form","floor":40,"key":"SMITH"}],"neow_cost":"NONE","seed_source_timestamp":764779025530251,"circlet_count":0,"master_deck":["Strike_R","Strike_R","Defend_R","Defend_R","Defend_R","Bash","Armaments+1","Thunderclap","Reaper","Iron Wave","Metallicize","Heavy Blade+1","Dramatic Entrance","Anger+1","Barricade+1","Second Wind","Spot Weakness","Clash","Iron Wave","Demon Form+1","True Grit+1","Metallicize+1","Blind","Whirlwind+1","Metallicize+1"],"relics":["Burning Blood","NeowsBlessing","Champion Belt","Ornamental Fan","Mercury Hourglass","Art of War","Ectoplasm","Letter Opener","Gremlin Horn","Mark of Pain","Vajra","Calipers"],"potions_floor_usage":[14,28,33,37],"damage_taken":[{"damage":0,"enemies":"Cultist","floor":1,"turns":1},{"damage":0,"enemies":"Small Slimes","floor":2,"turns":1},{"damage":0,"enemies":"Jaw Worm","floor":3,"turns":1},{"damage":24,"enemies":"Gremlin Nob","floor":7,"turns":6},{"damage":20,"enemies":"2 Fungi Beasts","floor":8,"turns":4},{"damage":3,"enemies":"Looter","floor":11,"turns":4},{"damage":0,"enemies":"Exordium Wildlife","floor":13,"turns":4},{"damage":0,"enemies":"3 Louse","floor":14,"turns":1},{"damage":36,"enemies":"Slime Boss","floor":16,"turns":10},{"damage":8,"enemies":"3 Byrds","floor":18,"turns":5},{"damage":23,"enemies":"2 Thieves","floor":21,"turns":3},{"damage":29,"enemies":"Snake Plant","floor":24,"turns":7},{"damage":24,"enemies":"Snecko","floor":25,"turns":6},{"damage":2,"enemies":"Chosen and Byrds","floor":28,"turns":4},{"damage":14,"enemies":"Snake Plant","floor":29,"turns":3},{"damage":52,"enemies":"Champ","floor":33,"turns":10},{"damage":19,"enemies":"3 Shapes","floor":35,"turns":6},{"damage":12,"enemies":"Flame Bruiser 1 Orb","floor":37,"turns":4},{"damage":0,"enemies":"Transient","floor":38,"turns":5},{"damage":57,"enemies":"2 Orb Walkers","floor":41,"turns":5},{"damage":0,"enemies":"3 Darklings","floor":42,"turns":2},{"damage":59,"enemies":"Flame Bruiser 2 Orb","floor":46,"turns":2}],"seed_played":"6792732449723520616","potions_obtained":[{"floor":7,"key":"Dexterity Potion"},{"floor":8,"key":"Explosive Potion"},{"floor":13,"key":"Fire Potion"},{"floor":14,"key":"Dexterity Potion"},{"floor":29,"key":"GamblersBrew"},{"floor":33,"key":"SkillPotion"},{"floor":37,"key":"Strength Potion"},{"floor":41,"key":"Ancient Potion"}],"is_trial":false,"path_per_floor":["M","M","M","?","?","R","E","M","T","?","M","$","M","M","R","B",null,"M","?","?","M","$","R","M","M","T","R","M","M","?","?","R","B",null,"M","?","M","M","?","R","E","M","T","$","?"],"character_chosen":"IRONCLAD","items_purchased":["Art of War","Dramatic Entrance"],"campfire_rested":2,"item_purchase_floors":[12,12],"current_hp_per_floor":[80,80,80,68,61,61,47,43,43,43,51,51,61,67,67,41,80,78,78,78,61,61,61,42,30,30,54,65,57,57,57,80,42,80,67,67,72,78,78,78,37,43,43,43,43,0],"gold":38,"neow_bonus":"THREE_ENEMY_KILL","is_prod":false,"is_daily":false,"chose_seed":false,"campfire_upgraded":4,"win_rate":0,"timestamp":1532022252,"path_taken":["M","M","?","?","?","R","E","M","T","?","M","$","M","M","R","BOSS","M","?","?","M","$","R","M","M","T","R","M","?","?","?","R","BOSS","M","?","M","M","?","R","E","M","T","$","?","M"],"build_version":"2018-07-12","purchased_purges":2,"victory":false,"max_hp_per_floor":[80,80,80,80,80,80,80,80,80,80,80,80,80,80,80,80,80,80,80,80,80,80,80,80,80,80,80,80,80,80,80,80,80,80,80,80,80,80,80,80,80,80,80,80,80,80],"card_choices":[{"not_picked":["Iron Wave","Sword Boomerang"],"picked":"Armaments","floor":1},{"not_picked":["Perfected Strike","Havoc"],"picked":"Thunderclap","floor":2},{"not_picked":["Reaper","True Grit","Armaments"],"picked":"SKIP","floor":3},{"not_picked":["True Grit","Armaments"],"picked":"Reaper","floor":3},{"not_picked":["True Grit","Warcry"],"picked":"Iron Wave","floor":7},{"not_picked":["Searing Blow","Flex"],"picked":"Metallicize","floor":8},{"not_picked":["Feel No Pain","Body Slam"],"picked":"Heavy Blade","floor":11},{"not_picked":["Heavy Blade","Body Slam"],"picked":"Anger","floor":13},{"not_picked":["Searing Blow","Sword Boomerang","Sentinel"],"picked":"SKIP","floor":14},{"not_picked":["Impervious","Offering"],"picked":"Barricade","floor":16},{"not_picked":["Pommel Strike","Flex"],"picked":"Second Wind","floor":18},{"not_picked":["Carnage","Burning Pact","Armaments"],"picked":"SKIP","floor":21},{"not_picked":["Heavy Blade","Rupture","Hemokinesis"],"picked":"SKIP","floor":24},{"not_picked":["Flex","Searing Blow"],"picked":"Spot Weakness","floor":25},{"not_picked":["Perfected Strike","Iron Wave"],"picked":"Clash","floor":28},{"not_picked":["True Grit","Heavy Blade+1"],"picked":"Iron Wave","floor":29},{"not_picked":["Offering","Barricade"],"picked":"Demon Form","floor":33},{"not_picked":["Twin Strike","Headbutt"],"picked":"True Grit+1","floor":35},{"not_picked":["Flex+1","Clash+1"],"picked":"Metallicize+1","floor":37},{"not_picked":["Second Wind+1","Sword Boomerang","Sever Soul+1"],"picked":"SKIP","floor":38},{"not_picked":["Panacea","Flash of Steel"],"picked":"Blind","floor":39},{"not_picked":["Combust","Thunderclap+1"],"picked":"Whirlwind+1","floor":41},{"not_picked":["Iron Wave+1","Armaments"],"picked":"Metallicize+1","floor":42}],"player_experience":406898,"relics_obtained":[{"floor":7,"key":"Ornamental Fan"},{"floor":9,"key":"Mercury Hourglass"},{"floor":26,"key":"Gremlin Horn"},{"floor":41,"key":"Vajra"},{"floor":43,"key":"Calipers"}],"event_choices":[{"event_name":"Scrap Ooze","player_choice":"success","floor":4,"damage_taken":12},{"event_name":"Golden Wing","player_choice":"Card Removal","floor":5,"damage_taken":0},{"event_name":"Liars Game","player_choice":"agreed","floor":10,"damage_taken":0},{"event_name":"Back to Basics","player_choice":"Elegance","floor":19,"damage_taken":0},{"event_name":"The Mausoleum","player_choice":"Yes","floor":20,"damage_taken":0},{"event_name":"Upgrade Shrine","player_choice":"Upgraded","floor":30,"damage_taken":0},{"event_name":"Drug Dealer","player_choice":"Ignored","floor":31,"damage_taken":0},{"event_name":"Falling","player_choice":"Removed Skill","floor":36,"damage_taken":0},{"event_name":"SensoryStone","player_choice":"Memory 1","floor":39,"damage_taken":0},{"event_name":"Accursed Blacksmith","player_choice":"Ignore","floor":45,"damage_taken":0}],"boss_relics":[{"not_picked":["Orrery","Fusion Hammer"],"picked":"Ectoplasm"},{"not_picked":["Astrolabe","Runic Dome"],"picked":"Mark of Pain"}],"items_purged_floors":[12,22],"is_endless":false,"potions_floor_spawned":[7,8,13,14,21,29,33,37,41],"killed_by":"Flame Bruiser 2 Orb","ascension_level":2}