{"path_per_floor":["M","M","$","?","M","?","$","?","T","M","M","M","T","M","R","B",null,"M","?","?","?","M","R","$","M","T","R","M","$","$"],"character_chosen":"THE_SILENT","items_purchased":["Good Instincts","Dash","Envenom"],"gold_per_floor":[109,128,28,28,45,45,10,10,10,25,39,60,60,81,81,206,206,225,225,225,225,239,239,14,27,111,111,135,35,35,35],"floor_reached":31,"campfire_rested":3,"playtime":3987,"current_hp_per_floor":[66,66,66,59,59,59,59,42,42,42,42,42,42,42,63,23,70,42,42,42,42,42,63,63,35,35,56,2,2,2,0],"items_purged":["Writhe","Strike_G"],"gold":35,"score":227,"play_id":"b8f5aa58-f60c-4ae5-ac26-61a3f8008dd5","local_time":"20180509172258","is_prod":false,"is_daily":false,"chose_seed":false,"is_ascension_mode":false,"campfire_upgraded":0,"timestamp":1525882978,"path_taken":["M","?","$","?","M","?","$","?","T","M","M","M","?","?","R","BOSS","M","?","?","?","M","R","$","M","T","R","M","?","$","M"],"build_version":"2018-05-03","seed_source_timestamp":10837890519534,"purchased_purges":2,"victory":false,"master_deck":["Defend_G","Defend_G","Defend_G","Defend_G","Defend_G","Strike_G","Strike_G","Strike_G","Survivor","Neutralize","Tools of the Trade","PiercingWail","Flying Knee","Good Instincts","Endless Agony","Dash","Flying Knee","Poisoned Stab","Well Laid Plans","Endless Agony","Quick Slash","Good Instincts","Outmaneuver+1","Envenom","Sucker Punch"],"max_hp_per_floor":[70,70,70,70,70,70,70,70,70,70,70,70,70,70,70,70,70,70,70,70,70,70,70,70,70,70,70,70,70,70,70],"relics":["Ring of the Snake","Golden Idol","Dodecahedron","Ginger","Anchor","Tiny Chest"],"card_choices":[{"not_picked":["Finisher","Acrobatics"],"picked":"PiercingWail","floor":1},{"not_picked":["Leg Sweep","Slice"],"picked":"Flying Knee","floor":2},{"not_picked":["Flechettes","Underhanded Strike"],"picked":"Endless Agony","floor":5},{"not_picked":["Masterful Stab","Underhanded Strike"],"picked":"Flying Knee","floor":10},{"not_picked":["Quick Slash","Expertise"],"picked":"Poisoned Stab","floor":11},{"not_picked":["Underhanded Strike","Riddle With Holes"],"picked":"Well Laid Plans","floor":12},{"not_picked":["Eviscerate","Catalyst"],"picked":"Endless Agony","floor":14},{"not_picked":["Sucker Punch","Bane"],"picked":"Quick Slash","floor":18},{"not_picked":["Deflect","Skewer"],"picked":"Outmaneuver","floor":22},{"not_picked":["Underhanded Strike","Catalyst"],"picked":"Sucker Punch","floor":25}],"player_experience":56235,"potions_floor_usage":[16,16,25,28],"damage_taken":[{"damage":4,"enemies":"Cultist","floor":1,"turns":5},{"damage":0,"enemies":"Small Slimes","floor":2,"turns":5},{"damage":0,"enemies":"Jaw Worm","floor":5,"turns":5},{"damage":0,"enemies":"Exordium Thugs","floor":10,"turns":8},{"damage":0,"enemies":"Blue Slaver","floor":11,"turns":4},{"damage":0,"enemies":"Large Slime","floor":12,"turns":5},{"damage":0,"enemies":"Red Slaver","floor":14,"turns":5},{"damage":40,"enemies":"The Guardian","floor":16,"turns":16},{"damage":28,"enemies":"Spheric Guardian","floor":18,"turns":6},{"damage":0,"enemies":"Chosen","floor":22,"turns":5},{"damage":28,"enemies":"Snake Plant","floor":25,"turns":6},{"damage":54,"enemies":"Sentry and Sphere","floor":28,"turns":15},{"damage":6,"enemies":"Slaver and Parasite","floor":31,"turns":1}],"event_choices":[{"event_name":"Golden Wing","player_choice":"Card Removal","floor":4,"damage_taken":0},{"event_name":"Accursed Blacksmith","player_choice":"Ignore","floor":6,"damage_taken":0},{"event_name":"Golden Idol","player_choice":"Take Damage","floor":8,"damage_taken":0},{"event_name":"Drug Dealer","player_choice":"Ignored","floor":19,"damage_taken":0},{"event_name":"Duplicator","player_choice":"One dupe","floor":20,"damage_taken":0},{"event_name":"The Mausoleum","player_choice":"Yes","floor":21,"damage_taken":0}],"boss_relics":[{"not_picked":["Snecko Eye","Ectoplasm","Philosopher\u0027s Stone"]}],"potions_floor_spawned":[1,2,10,14,16,18,25],"seed_played":"7124505555719187229","killed_by":"Slaver and Parasite","ascension_level":0,"is_trial":false}