{"gold_per_floor":[213,86,86,86,86,130,142,188,200,237,249,280,322,58,58,189,189,208,83,83,83,103,103,123,123,123,123,162,12,12,27,27,27],"floor_reached":33,"playtime":1173,"items_purged":["Strike_B","Strike_B","Strike_B","Pain"],"score":336,"play_id":"e5c43f18-f892-4857-ba3b-dadaf405e26c","local_time":"20190402170924","is_ascension_mode":true,"campfire_choices":[{"data":"Zap","floor":7,"key":"SMITH"},{"data":"Dualcast","floor":11,"key":"SMITH"},{"floor":15,"key":"REST"},{"data":"Reboot","floor":23,"key":"SMITH"},{"floor":25,"key":"REST"},{"floor":27,"key":"REST"},{"floor":32,"key":"REST"}],"neow_cost":"NONE","seed_source_timestamp":149667532016700,"circlet_count":0,"master_deck":["Strike_B","Defend_B","Defend_B","Defend_B","Defend_B","Zap+1","Dualcast+1","Beam Cell","Gash","FTL","Go for the Eyes","Steam","Reboot+1","Cold Snap","Defragment","Go for the Eyes","Scrape","Regret","Conserve Battery+1"],"relics":["Cracked Core","Golden Idol","MawBank","Boot","Mercury Hourglass","Tiny Chest","Cursed Key","Sundial","Matryoshka","Omamori","Dead Branch"],"potions_floor_usage":[6,33,33],"damage_taken":[{"damage":0,"enemies":"Small Slimes","floor":1,"turns":4},{"damage":5,"enemies":"Lagavulin","floor":6,"turns":3},{"damage":42,"enemies":"Gremlin Nob","floor":8,"turns":4},{"damage":0,"enemies":"2 Louse","floor":10,"turns":1},{"damage":0,"enemies":"Cultist","floor":12,"turns":2},{"damage":28,"enemies":"The Guardian","floor":16,"turns":13},{"damage":10,"enemies":"2 Thieves","floor":18,"turns":4},{"damage":16,"enemies":"Spheric Guardian","floor":22,"turns":4},{"damage":14,"enemies":"Snake Plant","floor":24,"turns":4},{"damage":28,"enemies":"Slavers","floor":28,"turns":7},{"damage":2,"enemies":"3 Cultists","floor":31,"turns":4},{"damage":72,"enemies":"Collector","floor":33,"turns":7}],"seed_played":"1900738924544806175","potions_obtained":[{"floor":1,"key":"AttackPotion"},{"floor":12,"key":"GamblersBrew"},{"floor":31,"key":"Weak Potion"}],"is_trial":false,"path_per_floor":["M","$","?","?","?","E","R","E","T","M","R","M","?","$","R","B",null,"M","$","?","$","M","R","M","R","T","R","E","$","T","M","R","B"],"character_chosen":"DEFECT","items_purchased":["Gash","Reboot","Cold Snap"],"campfire_rested":4,"item_purchase_floors":[2,14,14],"current_hp_per_floor":[75,75,80,74,74,69,69,27,27,27,27,27,9,9,31,3,56,46,46,46,46,30,30,16,38,38,60,32,32,32,30,52,0],"gold":27,"neow_bonus":"HUNDRED_GOLD","is_prod":false,"is_daily":false,"chose_seed":false,"campfire_upgraded":3,"win_rate":0,"timestamp":1554250164,"path_taken":["M","$","?","?","?","E","R","E","T","M","R","M","?","$","R","BOSS","M","$","?","?","M","R","M","R","T","R","E","$","?","M","R","BOSS"],"build_version":"2019-01-23","purchased_purges":4,"victory":false,"max_hp_per_floor":[75,75,80,74,74,74,74,74,74,74,74,74,74,74,74,74,74,74,74,74,74,74,74,74,74,74,74,74,74,74,74,74,74],"card_choices":[{"not_picked":["Lockon","Capacitor"],"picked":"Beam Cell","floor":1},{"not_picked":["Reinforced Body","Hello World"],"picked":"FTL","floor":6},{"not_picked":["Rainbow","Capacitor","Recycle"],"picked":"SKIP","floor":8},{"not_picked":["Rebound","Compile Driver"],"picked":"Go for the Eyes","floor":10},{"not_picked":["Cold Snap","Go for the Eyes"],"picked":"Steam","floor":12},{"not_picked":["Cold Snap","Redo"],"picked":"Defragment","floor":18},{"not_picked":["Leap","Stack","Rebound"],"picked":"SKIP","floor":22},{"not_picked":["Compile Driver","Sunder"],"picked":"Go for the Eyes","floor":24},{"not_picked":["Redo","Rebound"],"picked":"Scrape","floor":28},{"not_picked":["Capacitor","Leap"],"picked":"Conserve Battery+1","floor":31}],"player_experience":289696,"relics_obtained":[{"floor":6,"key":"MawBank"},{"floor":8,"key":"Boot"},{"floor":9,"key":"Mercury Hourglass"},{"floor":26,"key":"Sundial"},{"floor":28,"key":"Matryoshka"},{"floor":30,"key":"Omamori"},{"floor":30,"key":"Dead Branch"}],"event_choices":[{"damage_healed":0,"gold_gain":0,"player_choice":"Donut","damage_taken":0,"max_hp_gain":5,"max_hp_loss":0,"event_name":"Big Fish","floor":3,"gold_loss":0},{"damage_healed":0,"gold_gain":0,"player_choice":"Lose Max HP","damage_taken":0,"relics_obtained":["Golden Idol"],"max_hp_gain":0,"max_hp_loss":6,"event_name":"Golden Idol","floor":4,"gold_loss":0},{"damage_healed":0,"gold_gain":0,"player_choice":"Ignored","damage_taken":0,"max_hp_gain":0,"max_hp_loss":0,"event_name":"Liars Game","floor":5,"gold_loss":0},{"damage_healed":0,"gold_gain":0,"player_choice":"Success","damage_taken":18,"relics_obtained":["Tiny Chest"],"max_hp_gain":0,"max_hp_loss":0,"event_name":"Scrap Ooze","floor":13,"gold_loss":0},{"damage_healed":0,"gold_gain":0,"player_choice":"Bought 0 Potions","damage_taken":0,"max_hp_gain":0,"max_hp_loss":0,"event_name":"The Woman in Blue","floor":20,"gold_loss":0}],"is_beta":false,"boss_relics":[{"not_picked":["Snecko Eye","Sozu"],"picked":"Cursed Key"}],"items_purged_floors":[2,14,19,29],"is_endless":false,"potions_floor_spawned":[1,12,31],"killed_by":"Collector","ascension_level":5}