{"gold_per_floor":[118,136,155,175,175,210,15,15,42,42,42,42,62,41,41,144,144,155,174,200,200,200,200,299,327,380,380,397,397,416,416,416,416],"floor_reached":33,"playtime":2148,"items_purged":[],"score":358,"play_id":"9b35366f-fcac-4ca5-bd89-e553a5cbd632","local_time":"20190616211755","is_ascension_mode":true,"campfire_choices":[{"floor":8,"key":"REST"},{"floor":11,"key":"REST"},{"data":"Noxious Fumes","floor":15,"key":"SMITH"},{"floor":23,"key":"REST"},{"floor":27,"key":"REST"},{"floor":32,"key":"REST"}],"neow_cost":"NONE","seed_source_timestamp":242872316042134,"circlet_count":0,"master_deck":["Defend_G+1","Defend_G","Defend_G","Defend_G","Defend_G","Strike_G","Strike_G","Strike_G","Strike_G","Strike_G","Survivor","Neutralize","Quick Slash","Dagger Spray","Blade Dance","Dagger Spray","Backflip+1","Noxious Fumes+1","Infinite Blades","Unload","Accuracy","Cloak And Dagger","Writhe","Noxious Fumes"],"relics":["Ring of the Snake","NeowsBlessing","Bronze Scales","Vajra","Snake Skull","Ninja Scroll","Eternal Feather","Red Mask","Ancient Tea Set","War Paint","PreservedInsect"],"potions_floor_usage":[6,18,18,19,20,31,33],"damage_taken":[{"damage":0,"enemies":"Jaw Worm","floor":1,"turns":1},{"damage":0,"enemies":"Small Slimes","floor":2,"turns":1},{"damage":0,"enemies":"Cultist","floor":3,"turns":1},{"damage":4,"enemies":"Large Slime","floor":4,"turns":7},{"damage":27,"enemies":"Lagavulin","floor":6,"turns":5},{"damage":8,"enemies":"Exordium Wildlife","floor":13,"turns":2},{"damage":27,"enemies":"Hexaghost","floor":16,"turns":8},{"damage":5,"enemies":"2 Thieves","floor":18,"turns":3},{"damage":0,"enemies":"Chosen","floor":19,"turns":4},{"damage":10,"enemies":"Masked Bandits","floor":20,"turns":3},{"damage":45,"enemies":"Book of Stabbing","floor":25,"turns":5},{"damage":21,"enemies":"Centurion and Healer","floor":28,"turns":4},{"damage":11,"enemies":"Snecko","floor":30,"turns":5},{"damage":16,"enemies":"Shelled Parasite and Fungi","floor":31,"turns":5},{"damage":44,"enemies":"Collector","floor":33,"turns":3}],"seed_played":"-6486568687629677460","potions_obtained":[{"floor":2,"key":"PowerPotion"},{"floor":4,"key":"Explosive Potion"},{"floor":13,"key":"GhostInAJar"},{"floor":16,"key":"PowerPotion"},{"floor":18,"key":"PowerPotion"},{"floor":20,"key":"SmokeBomb"},{"floor":25,"key":"SteroidPotion"}],"is_trial":false,"path_per_floor":["M","M","M","M","?","E","$","R","T","?","R","T","M","?","R","B",null,"M","M","?","?","?","R","?","E","T","R","M","?","M","M","R","B"],"character_chosen":"THE_SILENT","items_purchased":["Vajra","Noxious Fumes"],"campfire_rested":5,"item_purchase_floors":[7,7],"current_hp_per_floor":[63,63,63,59,59,32,32,53,53,53,70,70,62,62,62,35,61,56,56,46,33,33,67,67,22,22,56,35,35,24,8,42,0],"gold":416,"neow_bonus":"THREE_ENEMY_KILL","is_prod":false,"is_daily":false,"chose_seed":false,"campfire_upgraded":1,"win_rate":0,"timestamp":1560734275,"path_taken":["M","M","M","M","?","E","$","R","T","?","R","?","?","?","R","BOSS","M","M","?","?","?","R","?","E","T","R","?","?","M","M","R","BOSS"],"build_version":"2019-01-23","purchased_purges":0,"victory":false,"max_hp_per_floor":[70,70,70,70,70,70,70,70,70,70,70,70,70,70,70,70,70,70,70,70,75,75,75,75,75,75,75,75,75,75,75,75,75],"card_choices":[{"not_picked":["Dodge and Roll","Backflip"],"picked":"Quick Slash","floor":1},{"not_picked":["Poisoned Stab","Accuracy"],"picked":"Dagger Spray","floor":2},{"not_picked":["Flying Knee","Blur"],"picked":"Blade Dance","floor":3},{"not_picked":["Deflect","Flying Knee"],"picked":"Dagger Spray","floor":4},{"not_picked":["Grand Finale","Slice"],"picked":"Backflip","floor":6},{"not_picked":["Dagger Throw","Sucker Punch"],"picked":"Infinite Blades","floor":13},{"not_picked":["Storm of Steel","Wraith Form v2"],"picked":"Unload","floor":16},{"not_picked":["Catalyst","PiercingWail"],"picked":"Accuracy","floor":18},{"not_picked":["Acrobatics","Distraction","Dodge and Roll"],"picked":"SKIP","floor":19},{"not_picked":["All Out Attack","Backflip+1"],"picked":"Cloak And Dagger","floor":20},{"not_picked":["Setup","Outmaneuver","Slice+1"],"picked":"SKIP","floor":25},{"not_picked":["Prepared+1","Slice"],"picked":"Noxious Fumes","floor":28},{"not_picked":["Cloak And Dagger","Well Laid Plans","Choke"],"picked":"SKIP","floor":30}],"player_experience":458757,"relics_obtained":[{"floor":6,"key":"Bronze Scales"},{"floor":9,"key":"Snake Skull"},{"floor":12,"key":"Ninja Scroll"},{"floor":20,"key":"Red Mask"},{"floor":25,"key":"War Paint"},{"floor":26,"key":"PreservedInsect"}],"event_choices":[{"damage_healed":0,"gold_gain":0,"player_choice":"Ignored","damage_taken":0,"max_hp_gain":0,"max_hp_loss":0,"event_name":"Golden Wing","floor":5,"gold_loss":0},{"damage_healed":0,"gold_gain":0,"player_choice":"Ignored","damage_taken":0,"max_hp_gain":0,"max_hp_loss":0,"event_name":"Liars Game","floor":10,"gold_loss":0},{"damage_healed":0,"gold_gain":0,"player_choice":"Left Gold","damage_taken":0,"max_hp_gain":0,"max_hp_loss":0,"event_name":"World of Goop","floor":14,"gold_loss":21},{"damage_healed":0,"gold_gain":0,"player_choice":"Fought Bandits","damage_taken":0,"max_hp_gain":0,"max_hp_loss":0,"event_name":"Masked Bandits","floor":20,"gold_loss":0},{"damage_healed":0,"gold_gain":0,"player_choice":"Shed Blood","damage_taken":18,"max_hp_gain":5,"max_hp_loss":0,"event_name":"Forgotten Altar","floor":21,"gold_loss":0},{"damage_healed":0,"gold_gain":0,"player_choice":"Opened","damage_taken":0,"relics_obtained":["Ancient Tea Set"],"max_hp_gain":0,"max_hp_loss":0,"event_name":"The Mausoleum","floor":22,"gold_loss":0,"cards_obtained":["Writhe"]},{"damage_healed":0,"gold_gain":99,"player_choice":"Stole From Cult","damage_taken":0,"max_hp_gain":0,"max_hp_loss":0,"event_name":"Nest","floor":24,"gold_loss":0},{"damage_healed":0,"gold_gain":0,"player_choice":"Ignored","damage_taken":0,"max_hp_gain":0,"max_hp_loss":0,"event_name":"Vampires","floor":29,"gold_loss":0}],"is_beta":false,"boss_relics":[{"not_picked":["Empty Cage","Snecko Eye"],"picked":"Eternal Feather"}],"items_purged_floors":[],"is_endless":false,"potions_floor_spawned":[2,4,13,16,18,20,25],"killed_by":"Collector","ascension_level":7}