{"gold_per_floor":[119,5,5,25,25,25,51,75,98,98,48,48,83,103,103,228,228,251,115,115,100,120,120,120],"floor_reached":24,"playtime":7018,"items_purged":["Strike_R","Reckless Charge"],"score":194,"play_id":"f87f936d-ffb8-4885-a44e-22730ddb9ac0","local_time":"20190730045033","is_ascension_mode":false,"campfire_choices":[{"data":"Body Slam","floor":6,"key":"SMITH"},{"data":"Shockwave","floor":10,"key":"SMITH"},{"floor":12,"key":"REST"},{"data":"Metallicize","floor":15,"key":"SMITH"},{"floor":23,"key":"REST"}],"neow_cost":"NONE","seed_source_timestamp":82221876107664,"circlet_count":0,"master_deck":["Bash","Body Slam+1","Metallicize+1","True Grit","Cleave","Shockwave+1","Searing Blow","Juggernaut","Pummel","Feel No Pain","Evolve","Spot Weakness","Ghostly Armor","Warcry","Shrug It Off+1"],"relics":["Burning Blood","Golden Idol","Odd Mushroom","Bag of Marbles","Self Forming Clay","Pandora\u0027s Box"],"potions_floor_usage":[16,16,18],"damage_taken":[{"damage":4,"enemies":"2 Louse","floor":1,"turns":4},{"damage":0,"enemies":"Small Slimes","floor":4,"turns":5},{"damage":21,"enemies":"The Mushroom Lair","floor":7,"turns":7},{"damage":0,"enemies":"Cultist","floor":8,"turns":4},{"damage":28,"enemies":"3 Sentries","floor":13,"turns":10},{"damage":2,"enemies":"3 Louse","floor":14,"turns":3},{"damage":30,"enemies":"Hexaghost","floor":16,"turns":12},{"damage":22,"enemies":"Spheric Guardian","floor":18,"turns":6},{"damage":23,"enemies":"2 Thieves","floor":21,"turns":4},{"damage":24,"enemies":"Sentry and Sphere","floor":22,"turns":7},{"damage":12,"enemies":"Centurion and Healer","floor":24,"turns":3}],"seed_played":"-3892726013724688500","potions_obtained":[{"floor":4,"key":"FearPotion"},{"floor":7,"key":"Poison Potion"},{"floor":14,"key":"Strength Potion"},{"floor":22,"key":"Poison Potion"}],"is_trial":false,"path_per_floor":["M","$","?","M","?","R","?","M","T","R","?","R","E","M","R","B",null,"M","$","?","M","M","R","M"],"character_chosen":"IRONCLAD","items_purchased":["Metallicize","Ghostly Armor"],"campfire_rested":2,"item_purchase_floors":[2,19],"current_hp_per_floor":[80,80,73,79,59,59,44,50,50,50,50,74,52,56,56,32,80,64,64,69,52,34,58,46],"gold":120,"neow_bonus":"REMOVE_CARD","is_prod":false,"is_daily":false,"chose_seed":false,"campfire_upgraded":3,"win_rate":0,"timestamp":1564476633,"path_taken":["M","$","?","M","?","R","?","M","T","R","?","R","E","M","R","BOSS","M","$","?","M","?","R","M"],"build_version":"2019-07-17","purchased_purges":2,"victory":false,"max_hp_per_floor":[80,80,80,80,80,80,80,80,80,80,80,80,80,80,80,80,80,80,80,80,80,80,80,80],"card_choices":[{"not_picked":["Armaments","Fire Breathing"],"picked":"Body Slam","floor":1},{"not_picked":["Flame Barrier","Power Through"],"picked":"True Grit","floor":4},{"not_picked":["Anger","Heavy Blade"],"picked":"Cleave","floor":7},{"not_picked":["Wild Strike","Infernal Blade"],"picked":"Shockwave","floor":8},{"not_picked":["Corruption","Body Slam","Carnage"],"picked":"SKIP","floor":13},{"not_picked":["Clothesline","Ghostly Armor"],"picked":"Searing Blow","floor":14},{"not_picked":["Brutality","Immolate"],"picked":"Juggernaut","floor":16},{"not_picked":["Headbutt","Flex"],"picked":"Spot Weakness","floor":18},{"not_picked":["Blood for Blood+1","Clash"],"picked":"Warcry","floor":21},{"not_picked":["Clothesline","Havoc"],"picked":"Shrug It Off+1","floor":22}],"player_experience":283517,"relics_obtained":[{"floor":7,"key":"Odd Mushroom"},{"floor":9,"key":"Bag of Marbles"},{"floor":13,"key":"Self Forming Clay"}],"event_choices":[{"cards_removed":["Strike_R"],"damage_healed":0,"gold_gain":0,"player_choice":"Card Removal","damage_taken":7,"max_hp_gain":0,"max_hp_loss":0,"event_name":"Golden Wing","floor":3,"gold_loss":0},{"damage_healed":0,"gold_gain":0,"player_choice":"Take Damage","damage_taken":20,"relics_obtained":["Golden Idol"],"max_hp_gain":0,"max_hp_loss":0,"event_name":"Golden Idol","floor":5,"gold_loss":0},{"damage_healed":0,"gold_gain":0,"player_choice":"Fought Mushrooms","damage_taken":0,"max_hp_gain":0,"max_hp_loss":0,"event_name":"Mushrooms","floor":7,"gold_loss":0},{"cards_removed":["Defend_R"],"damage_healed":0,"gold_gain":0,"player_choice":"Card Removal","damage_taken":0,"max_hp_gain":0,"max_hp_loss":0,"event_name":"The Cleric","floor":11,"gold_loss":50},{"cards_removed":["Thunderclap"],"damage_healed":5,"gold_gain":0,"player_choice":"Offered Common","damage_taken":0,"max_hp_gain":0,"max_hp_loss":0,"event_name":"Bonfire Elementals","floor":20,"gold_loss":0},{"cards_removed":["Thunderclap"],"damage_healed":5,"gold_gain":0,"player_choice":"Offered Special","damage_taken":0,"max_hp_gain":0,"max_hp_loss":0,"event_name":"Bonfire Elementals","floor":20,"gold_loss":0}],"is_beta":false,"boss_relics":[{"not_picked":["Eternal Feather","Snecko Eye"],"picked":"Pandora\u0027s Box"}],"items_purged_floors":[2,19],"is_endless":false,"potions_floor_spawned":[4,7,14,22],"killed_by":"Centurion and Healer","ascension_level":0}