{"gold_per_floor":[111,386,240,259,279,309,325,325,404,462,462,427,22,33,33,137,137,150,170,170,20,37,37],"floor_reached":23,"playtime":2012,"items_purged":["Regret"],"score":306,"play_id":"084d7a4a-b756-4564-84a6-69204b459e78","local_time":"20181024181323","is_ascension_mode":true,"campfire_choices":[{"floor":8,"key":"REST"},{"floor":15,"key":"REST"}],"neow_cost":"NONE","seed_source_timestamp":430370853095928,"circlet_count":0,"master_deck":["Defend_G","Defend_G","Defend_G","Defend_G","Defend_G","Survivor","Neutralize","Dagger Spray","Footwork","Flying Knee","Skewer","Cloak And Dagger","Corpse Explosion","Noxious Fumes","Bandage Up","Masterful Stab+1","Backflip","Die Die Die+1","Envenom+1","Deadly Poison+1","Expertise+1","Terror","Cloak And Dagger","Bite+1","Bite+1","Bite+1","Bite+1","Bite+1","Well Laid Plans","Blur"],"relics":["Ring of the Snake","Bird Faced Urn","Bottled Lightning","Tiny Chest","Molten Egg 2","Toy Ornithopter","Astrolabe"],"potions_floor_usage":[7,10,16,22],"damage_taken":[{"damage":0,"enemies":"2 Louse","floor":1,"turns":3},{"damage":0,"enemies":"Cultist","floor":4,"turns":4},{"damage":0,"enemies":"Small Slimes","floor":5,"turns":5},{"damage":43,"enemies":"Lagavulin","floor":6,"turns":12},{"damage":17,"enemies":"Exordium Thugs","floor":7,"turns":6},{"damage":28,"enemies":"Gremlin Nob","floor":10,"turns":5},{"damage":0,"enemies":"Exordium Wildlife","floor":14,"turns":2},{"damage":26,"enemies":"The Guardian","floor":16,"turns":17},{"damage":25,"enemies":"2 Thieves","floor":18,"turns":4},{"damage":12,"enemies":"Shell Parasite","floor":19,"turns":8},{"damage":26,"enemies":"Snake Plant","floor":22,"turns":4},{"damage":42,"enemies":"Slavers","floor":23,"turns":3}],"seed_played":"-1632536121261177980","potions_obtained":[{"floor":5,"key":"EssenceOfSteel"},{"floor":6,"key":"Energy Potion"},{"floor":7,"key":"Weak Potion"},{"floor":14,"key":"GamblersBrew"},{"floor":19,"key":"AttackPotion"},{"floor":22,"key":"Fire Potion"}],"is_trial":false,"path_per_floor":["M","?","$","M","M","E","M","R","T","E","?","?","$","M","R","B",null,"M","M","?","$","M"],"character_chosen":"THE_SILENT","items_purchased":["Footwork","Noxious Fumes","Bandage Up","Masterful Stab+1","Toy Ornithopter","Well Laid Plans","Blur"],"campfire_rested":2,"item_purchase_floors":[3,13,13,13,13,21,21],"current_hp_per_floor":[70,70,70,70,70,27,12,35,35,9,9,28,28,32,55,42,68,47,43,43,43,33,0],"gold":37,"neow_bonus":"TEN_PERCENT_HP_BONUS","is_prod":false,"is_daily":false,"chose_seed":false,"campfire_upgraded":0,"win_rate":0,"timestamp":1540401203,"path_taken":["M","?","$","M","M","E","M","R","T","E","?","?","?","M","R","BOSS","M","M","?","$","M","E"],"build_version":"2018-10-18","purchased_purges":1,"victory":false,"max_hp_per_floor":[77,77,77,77,77,77,77,77,77,77,77,77,77,77,77,77,77,77,77,53,53,53,53],"card_choices":[{"not_picked":["Dodge and Roll","Flying Knee"],"picked":"Dagger Spray","floor":1},{"not_picked":["Quick Slash","Flechettes"],"picked":"Flying Knee","floor":4},{"not_picked":["Calculated Gamble","Dagger Spray"],"picked":"Skewer","floor":5},{"not_picked":["Sucker Punch","Bane"],"picked":"Cloak And Dagger","floor":6},{"not_picked":["Flechettes","Outmaneuver","Reflex"],"picked":"SKIP","floor":7},{"not_picked":["Concentrate","Cloak And Dagger"],"picked":"Corpse Explosion","floor":10},{"not_picked":["Eviscerate+1","Deadly Poison"],"picked":"Backflip","floor":14},{"not_picked":["Corpse Explosion","Burst"],"picked":"Die Die Die+1","floor":16},{"not_picked":["Sucker Punch+1","Blade Dance+1"],"picked":"Terror","floor":18},{"not_picked":["Quick Slash+1","Dagger Throw+1"],"picked":"Cloak And Dagger","floor":19},{"not_picked":["Backflip","Acrobatics","Well Laid Plans+1"],"picked":"SKIP","floor":22}],"player_experience":750484,"relics_obtained":[{"floor":6,"key":"Bird Faced Urn"},{"floor":9,"key":"Bottled Lightning"},{"floor":10,"key":"Tiny Chest"}],"event_choices":[{"damage_healed":0,"gold_gain":275,"player_choice":"Desecrate","damage_taken":0,"max_hp_gain":0,"max_hp_loss":0,"event_name":"Golden Shrine","floor":2,"gold_loss":0,"cards_obtained":["Regret"]},{"damage_healed":0,"gold_gain":0,"player_choice":"Searched \u00271\u0027 times","damage_taken":0,"relics_obtained":["Molten Egg 2"],"max_hp_gain":0,"max_hp_loss":0,"event_name":"Dead Adventurer","floor":11,"gold_loss":0},{"damage_healed":19,"gold_gain":0,"player_choice":"Healed","damage_taken":0,"max_hp_gain":0,"max_hp_loss":0,"event_name":"The Cleric","floor":12,"gold_loss":35},{"damage_healed":0,"gold_gain":0,"player_choice":"Became a vampire","damage_taken":0,"max_hp_gain":0,"max_hp_loss":24,"event_name":"Vampires","floor":20,"gold_loss":0,"cards_obtained":["Bite","Bite","Bite","Bite","Bite"]}],"is_beta":false,"boss_relics":[{"not_picked":["Runic Pyramid","Philosopher\u0027s Stone"],"picked":"Astrolabe"}],"items_purged_floors":[3],"is_endless":false,"potions_floor_spawned":[5,6,7,14,19,22],"killed_by":"Slavers","ascension_level":8}