{"gold_per_floor":[113,131,36,47,67,67,86,86,86,118,135,135,147,125,125,228,228,240,15,26,126,146,146,156,176,176,176,188,188,216,233,233,332,332,351,362,362,362,378,378,378],"floor_reached":41,"playtime":1652,"items_purged":[],"score":570,"play_id":"e22fe4bf-b440-4334-9179-23eb59880351","local_time":"20190606125100","is_ascension_mode":true,"campfire_choices":[{"floor":6,"key":"REST"},{"floor":8,"key":"REST"},{"floor":12,"key":"REST"},{"floor":15,"key":"REST"},{"floor":23,"key":"REST"},{"floor":27,"key":"REST"},{"floor":29,"key":"REST"},{"floor":32,"key":"REST"},{"floor":40,"key":"REST"}],"neow_cost":"NONE","seed_source_timestamp":132514340295282,"circlet_count":0,"master_deck":["Defend_G","Defend_G","Defend_G","Defend_G","Defend_G","Strike_G","Strike_G","Strike_G","Strike_G","Strike_G","Survivor","Neutralize","Poisoned Stab","Noxious Fumes","Bane","Deadly Poison","Die Die Die","Die Die Die","Noxious Fumes","Noxious Fumes+1","Venomology","Venomology","Crippling Poison+1"],"relics":["Lizard Tail","Mercury Hourglass","Strawberry","Velvet Choker","Blood Vial","Frozen Egg 2","Mango","Eternal Feather"],"potions_floor_usage":[5,7,24,25,31,33,33,33,35,39,41,41,41,41],"damage_taken":[{"damage":10,"enemies":"Cultist","floor":1,"turns":4},{"damage":4,"enemies":"Jaw Worm","floor":2,"turns":5},{"damage":4,"enemies":"Small Slimes","floor":4,"turns":3},{"damage":17,"enemies":"Exordium Wildlife","floor":5,"turns":5},{"damage":6,"enemies":"Lots of Slimes","floor":7,"turns":5},{"damage":20,"enemies":"Lagavulin","floor":10,"turns":5},{"damage":3,"enemies":"3 Louse","floor":11,"turns":2},{"damage":12,"enemies":"Exordium Thugs","floor":13,"turns":4},{"damage":57,"enemies":"Slime Boss","floor":16,"turns":8},{"damage":19,"enemies":"Spheric Guardian","floor":18,"turns":4},{"damage":22,"enemies":"2 Thieves","floor":20,"turns":3},{"damage":26,"enemies":"Snecko","floor":22,"turns":5},{"damage":8,"enemies":"3 Cultists","floor":24,"turns":3},{"damage":11,"enemies":"Cultist and Chosen","floor":25,"turns":5},{"damage":33,"enemies":"Shelled Parasite and Fungi","floor":28,"turns":4},{"damage":10,"enemies":"Gremlin Leader","floor":30,"turns":5},{"damage":6,"enemies":"3 Cultists","floor":31,"turns":4},{"damage":36,"enemies":"Automaton","floor":33,"turns":10},{"damage":28,"enemies":"3 Shapes","floor":35,"turns":5},{"damage":14,"enemies":"Orb Walker","floor":36,"turns":3},{"damage":27,"enemies":"Jaw Worm Horde","floor":39,"turns":3},{"damage":87,"enemies":"Giant Head","floor":41,"turns":6}],"seed_played":"-4612529982646097071","potions_obtained":[{"floor":4,"key":"SkillPotion"},{"floor":5,"key":"Block Potion"},{"floor":7,"key":"FearPotion"},{"floor":13,"key":"Dexterity Potion"},{"floor":22,"key":"FearPotion"},{"floor":30,"key":"Block Potion"},{"floor":31,"key":"Strength Potion"},{"floor":33,"key":"Ancient Potion"},{"floor":39,"key":"Dexterity Potion"}],"is_trial":false,"path_per_floor":["M","M","$","M","M","R","M","R","T","E","M","R","M","?","R","B",null,"M","$","M","?","M","R","M","M","T","R","M","R","E","M","R","B",null,"M","M","?","?","M","R","E"],"character_chosen":"THE_SILENT","items_purchased":["Noxious Fumes","Bane","Noxious Fumes","Blood Vial"],"campfire_rested":9,"item_purchase_floors":[3,3,19,19],"current_hp_per_floor":[53,49,49,45,28,49,43,64,64,51,48,71,59,59,77,20,63,44,44,24,24,38,61,55,46,46,69,38,61,67,63,90,55,82,56,44,44,44,31,70,0],"gold":378,"neow_bonus":"BOSS_RELIC","is_prod":false,"is_daily":false,"chose_seed":false,"campfire_upgraded":0,"win_rate":0,"timestamp":1559839860,"path_taken":["M","?","$","M","?","R","M","R","T","E","M","R","?","?","R","BOSS","M","$","M","?","M","R","M","M","T","R","M","R","E","M","R","BOSS","M","M","?","?","M","R","E"],"build_version":"2019-01-23","purchased_purges":0,"victory":false,"max_hp_per_floor":[70,70,70,70,70,70,70,70,70,77,77,77,77,77,77,77,77,77,77,77,77,77,77,77,77,77,77,77,77,91,91,91,91,91,91,91,91,91,91,91,91],"card_choices":[{"not_picked":["Sucker Punch","Choke"],"picked":"Poisoned Stab","floor":1},{"not_picked":["Blade Dance","Riddle With Holes","Predator"],"picked":"SKIP","floor":2},{"not_picked":["Dash","Flying Knee"],"picked":"Deadly Poison","floor":4},{"not_picked":["Blade Dance","Underhanded Strike","Predator"],"picked":"SKIP","floor":5},{"not_picked":["Dagger Throw","Slice","Skewer"],"picked":"SKIP","floor":7},{"not_picked":["Setup","Acrobatics","Cloak And Dagger"],"picked":"SKIP","floor":10},{"not_picked":["Quick Slash","Finisher"],"picked":"Die Die Die","floor":11},{"not_picked":["Acrobatics","Eviscerate"],"picked":"Caltrops","floor":13},{"not_picked":["Glass Knife","Grand Finale"],"picked":"Die Die Die","floor":16},{"not_picked":["Backstab","Outmaneuver+1","Backflip"],"picked":"SKIP","floor":18},{"not_picked":["Concentrate+1","Dagger Throw"],"picked":"Noxious Fumes+1","floor":20},{"not_picked":["Acrobatics","Prepared","Terror"],"picked":"SKIP","floor":22},{"not_picked":["Blade Dance","Backflip","Calculated Gamble"],"picked":"SKIP","floor":24},{"not_picked":["Accuracy+1","Outmaneuver","Cloak And Dagger+1"],"picked":"SKIP","floor":25},{"not_picked":["Dash","Setup","Dagger Spray"],"picked":"SKIP","floor":28},{"not_picked":["Cloak And Dagger+1","Flying Knee"],"picked":"Venomology","floor":30},{"not_picked":["Prepared","Predator","Calculated Gamble"],"picked":"SKIP","floor":31},{"not_picked":["Grand Finale","Phantasmal Killer"],"picked":"Venomology","floor":33},{"not_picked":["Poisoned Stab+1","Sucker Punch","Quick Slash"],"picked":"SKIP","floor":35},{"not_picked":["Riddle With Holes+1","Backflip"],"picked":"Crippling Poison+1","floor":36},{"not_picked":["Escape Plan+1","Backflip","Cloak And Dagger"],"picked":"SKIP","floor":39}],"player_experience":390412,"relics_obtained":[{"floor":9,"key":"Mercury Hourglass"},{"floor":10,"key":"Strawberry"},{"floor":26,"key":"Frozen Egg 2"},{"floor":30,"key":"Mango"}],"event_choices":[{"damage_healed":0,"gold_gain":0,"player_choice":"Left Gold","damage_taken":0,"max_hp_gain":0,"max_hp_loss":0,"event_name":"World of Goop","floor":14,"gold_loss":22},{"damage_healed":0,"gold_gain":100,"player_choice":"Pray","damage_taken":0,"max_hp_gain":0,"max_hp_loss":0,"event_name":"Golden Shrine","floor":21,"gold_loss":0},{"damage_healed":0,"gold_gain":0,"player_choice":"Memory 1","damage_taken":0,"max_hp_gain":0,"max_hp_loss":0,"event_name":"SensoryStone","floor":37,"gold_loss":0},{"cards_removed":["Caltrops"],"damage_healed":0,"gold_gain":0,"player_choice":"Removed Power","damage_taken":0,"max_hp_gain":0,"max_hp_loss":0,"event_name":"Falling","floor":38,"gold_loss":0}],"is_beta":false,"boss_relics":[{"not_picked":["Empty Cage","Philosopher\u0027s Stone"],"picked":"Velvet Choker"},{"not_picked":["Calling Bell","Runic Dome"],"picked":"Eternal Feather"}],"items_purged_floors":[],"is_endless":false,"potions_floor_spawned":[4,5,7,13,22,30,31,33,36,39],"killed_by":"Giant Head","ascension_level":6}