{"gold_per_floor":[99,49,49,49,49,49,49,49,49,49,49,49,49,49,49,49,49,49,49,49,49,49,49,49,49,49,49,49,49,49,13,13,13,13,13,0,0,0,0,0],"floor_reached":40,"playtime":1384,"items_purged":[],"score":520,"play_id":"74460356-e72a-4517-a9cf-030885c38f1b","local_time":"20190519073217","is_ascension_mode":true,"campfire_choices":[{"floor":7,"key":"REST"},{"floor":10,"key":"REST"},{"floor":15,"key":"REST"},{"floor":23,"key":"REST"},{"floor":25,"key":"REST"},{"floor":27,"key":"REST"},{"floor":32,"key":"REST"}],"neow_cost":"NONE","seed_source_timestamp":194745759860388,"circlet_count":0,"master_deck":["Defend_G","Defend_G+1","Defend_G","Defend_G","Defend_G","Strike_G","Strike_G","Strike_G+1","Strike_G","Survivor","Neutralize","Noxious Fumes","Skewer","Corpse Explosion","Dagger Spray","Noxious Fumes","Cloak And Dagger","Adrenaline","Crippling Poison+1","Catalyst","Footwork","Venomology","Catalyst"],"relics":["Ectoplasm","Snake Skull","Smiling Mask","Unceasing Top","Mummified Hand","Odd Mushroom","Fusion Hammer","NlothsMask","Bronze Scales","Philosopher\u0027s Stone","Red Mask","MawBank"],"potions_floor_usage":[6,16,24,33,33,40],"damage_taken":[{"damage":0,"enemies":"2 Louse","floor":1,"turns":3},{"damage":41,"enemies":"Gremlin Nob","floor":6,"turns":5},{"damage":15,"enemies":"3 Sentries","floor":8,"turns":6},{"damage":4,"enemies":"Jaw Worm","floor":11,"turns":3},{"damage":0,"enemies":"Cultist","floor":12,"turns":2},{"damage":0,"enemies":"The Mushroom Lair","floor":13,"turns":2},{"damage":11,"enemies":"2 Fungi Beasts","floor":14,"turns":3},{"damage":19,"enemies":"Hexaghost","floor":16,"turns":8},{"damage":14,"enemies":"Shell Parasite","floor":18,"turns":4},{"damage":11,"enemies":"Spheric Guardian","floor":19,"turns":4},{"damage":23,"enemies":"Snake Plant","floor":21,"turns":4},{"damage":5,"enemies":"Gremlin Leader","floor":24,"turns":4},{"damage":12,"enemies":"Snecko","floor":28,"turns":5},{"damage":10,"enemies":"Sentry and Sphere","floor":29,"turns":4},{"damage":3,"enemies":"Cultist and Chosen","floor":30,"turns":3},{"damage":45,"enemies":"Collector","floor":33,"turns":7},{"damage":17,"enemies":"3 Shapes","floor":35,"turns":4},{"damage":6,"enemies":"Orb Walker","floor":37,"turns":3},{"damage":29,"enemies":"Jaw Worm Horde","floor":39,"turns":4},{"damage":19,"enemies":"Sphere and 2 Shapes","floor":40,"turns":3}],"seed_played":"-5788264359502712338","potions_obtained":[{"floor":1,"key":"PowerPotion"},{"floor":6,"key":"Dexterity Potion"},{"floor":14,"key":"Fire Potion"},{"floor":16,"key":"Ancient Potion"},{"floor":21,"key":"SkillPotion"},{"floor":28,"key":"Energy Potion"},{"floor":29,"key":"Regen Potion"}],"is_trial":false,"path_per_floor":["M","?","?","T","?","E","R","E","T","R","M","M","?","M","R","B",null,"M","M","?","M","?","R","E","R","T","R","M","M","M","$","R","B",null,"M","?","M","?","M","M"],"character_chosen":"THE_SILENT","items_purchased":["Footwork"],"campfire_rested":7,"item_purchase_floors":[31],"current_hp_per_floor":[70,70,59,59,45,4,25,10,10,31,27,27,27,16,37,18,57,43,32,32,9,9,30,25,46,46,67,55,45,42,42,63,33,61,44,44,38,38,9,0],"gold":0,"neow_bonus":"BOSS_RELIC","is_prod":false,"is_daily":false,"chose_seed":false,"campfire_upgraded":0,"win_rate":0,"timestamp":1558265537,"path_taken":["M","?","?","?","?","E","R","E","T","R","?","M","?","M","R","BOSS","M","M","?","M","?","R","E","R","T","R","M","?","M","$","R","BOSS","M","?","M","?","?","M"],"build_version":"2019-01-23","purchased_purges":0,"victory":false,"max_hp_per_floor":[70,70,70,70,70,70,70,70,70,70,70,70,70,70,70,70,70,70,70,70,70,70,70,70,70,70,70,70,70,70,70,70,70,70,70,70,70,70,70,70],"card_choices":[{"not_picked":["Bane","Infinite Blades"],"picked":"Noxious Fumes","floor":1},{"not_picked":["Underhanded Strike","Dagger Throw"],"picked":"Skewer","floor":6},{"not_picked":["Adrenaline","Underhanded Strike"],"picked":"Corpse Explosion","floor":8},{"not_picked":["Underhanded Strike","PiercingWail"],"picked":"Dagger Spray","floor":11},{"not_picked":["Heel Hook","Slice"],"picked":"Noxious Fumes","floor":12},{"not_picked":["Outmaneuver","Sucker Punch"],"picked":"Cloak And Dagger","floor":14},{"not_picked":["Envenom","Tools of the Trade"],"picked":"Adrenaline","floor":16},{"not_picked":["Dagger Spray+1","Blur"],"picked":"Crippling Poison+1","floor":18},{"not_picked":["Tactician","Dodge and Roll","Dagger Throw"],"picked":"SKIP","floor":19},{"not_picked":["Dagger Throw","Backflip","Deadly Poison"],"picked":"SKIP","floor":21},{"not_picked":["Predator","PiercingWail+1","Expertise+1"],"picked":"SKIP","floor":24},{"not_picked":["PiercingWail+1","Grand Finale"],"picked":"Catalyst","floor":28},{"not_picked":["Dodge and Roll","Predator","Outmaneuver+1"],"picked":"SKIP","floor":29},{"not_picked":["Setup","Slice+1","Underhanded Strike"],"picked":"SKIP","floor":30},{"not_picked":["Wraith Form v2","Doppelganger"],"picked":"Venomology","floor":33},{"not_picked":["Dodge and Roll+1","Dagger Spray","Blade Dance+1"],"picked":"SKIP","floor":35},{"not_picked":["Blur+1","Dagger Throw"],"picked":"Catalyst","floor":37},{"not_picked":["Blade Dance+1","Dodge and Roll+1","Deflect"],"picked":"SKIP","floor":39}],"player_experience":347049,"relics_obtained":[{"floor":4,"key":"Snake Skull"},{"floor":6,"key":"Smiling Mask"},{"floor":8,"key":"Unceasing Top"},{"floor":9,"key":"Mummified Hand"},{"floor":13,"key":"Odd Mushroom"},{"floor":24,"key":"Bronze Scales"}],"event_choices":[{"cards_removed":["Strike_G"],"damage_healed":0,"gold_gain":0,"player_choice":"Card Removal","damage_taken":0,"max_hp_gain":0,"max_hp_loss":0,"event_name":"The Cleric","floor":2,"gold_loss":50},{"damage_healed":0,"gold_gain":75,"player_choice":"Gather Gold","damage_taken":11,"max_hp_gain":0,"max_hp_loss":0,"event_name":"World of Goop","floor":3,"gold_loss":0},{"damage_healed":0,"gold_gain":0,"player_choice":"Entered Light","damage_taken":14,"max_hp_gain":0,"max_hp_loss":0,"event_name":"Shining Light","floor":5,"gold_loss":0,"cards_upgraded":["Defend_G","Strike_G"]},{"damage_healed":0,"gold_gain":0,"player_choice":"Fought Mushrooms","damage_taken":0,"max_hp_gain":0,"max_hp_loss":0,"event_name":"Mushrooms","floor":13,"gold_loss":0},{"damage_healed":0,"gold_gain":0,"player_choice":"Trade","damage_taken":0,"relics_obtained":["NlothsMask"],"max_hp_gain":0,"max_hp_loss":0,"event_name":"FaceTrader","floor":22,"gold_loss":0},{"damage_healed":0,"gold_gain":0,"player_choice":"Paid","damage_taken":0,"relics_obtained":["Red Mask"],"max_hp_gain":0,"max_hp_loss":0,"event_name":"Tomb of Lord Red Mask","floor":36,"gold_loss":13},{"damage_healed":0,"gold_gain":0,"player_choice":"Gave Potion","damage_taken":0,"relics_obtained":["MawBank"],"max_hp_gain":0,"max_hp_loss":0,"event_name":"WeMeetAgain","floor":38,"gold_loss":0}],"is_beta":false,"boss_relics":[{"not_picked":["White Beast Statue","Velvet Choker"],"picked":"Fusion Hammer"},{"not_picked":["Tiny House","Snecko Eye"],"picked":"Philosopher\u0027s Stone"}],"items_purged_floors":[],"is_endless":false,"potions_floor_spawned":[1,6,14,16,21,28,29,30],"killed_by":"Sphere and 2 Shapes","ascension_level":5}