{"gold_per_floor":[109,124,99,117,91,91,112,124,124,140,140,160,160,160,160,265,265,279,297,182,199,219,219,246,259,259,54,68,68,85,102,102,102],"floor_reached":33,"playtime":4574,"items_purged":[],"score":243,"play_id":"100c622e-a6af-4b59-a0b1-e7c063d5b341","local_time":"20190204132817","is_ascension_mode":false,"campfire_choices":[{"data":"Strike_R","floor":6,"key":"SMITH"},{"floor":11,"key":"REST"},{"floor":15,"key":"REST"},{"floor":23,"key":"REST"},{"floor":32,"key":"REST"}],"neow_cost":"","seed_source_timestamp":126191869306447,"circlet_count":0,"master_deck":["Strike_R","Strike_R+1","Strike_R","Strike_R","Strike_R","Defend_R","Defend_R","Defend_R","Defend_R+1","Bash","Rampage","Perfected Strike","Shrug It Off","Body Slam","Flex","Dual Wield","Warcry","Whirlwind+1","Power Through","Berserk","Flame Barrier","Perfected Strike+1","Swift Strike","Warcry","Headbutt+1","Perfected Strike","Ghostly Armor","Intimidate","Combust","Trip","Rage","Reaper","Warcry","Flame Barrier"],"relics":["Burning Blood","Odd Mushroom","FossilizedHelix","Philosopher\u0027s Stone","Red Mask","Strawberry","NlothsMask"],"potions_floor_usage":[16,16,16,19,33],"damage_taken":[{"damage":15,"enemies":"Jaw Worm","floor":1,"turns":4},{"damage":0,"enemies":"Small Slimes","floor":2,"turns":3},{"damage":0,"enemies":"2 Louse","floor":4,"turns":3},{"damage":32,"enemies":"The Mushroom Lair","floor":7,"turns":5},{"damage":10,"enemies":"Looter","floor":8,"turns":3},{"damage":23,"enemies":"Exordium Thugs","floor":10,"turns":6},{"damage":11,"enemies":"2 Fungi Beasts","floor":12,"turns":4},{"damage":47,"enemies":"The Guardian","floor":16,"turns":7},{"damage":20,"enemies":"Shell Parasite","floor":18,"turns":6},{"damage":39,"enemies":"2 Thieves","floor":19,"turns":4},{"damage":8,"enemies":"Snake Plant","floor":21,"turns":4},{"damage":2,"enemies":"Centurion and Healer","floor":22,"turns":6},{"damage":6,"enemies":"Masked Bandits","floor":24,"turns":2},{"damage":6,"enemies":"Shelled Parasite and Fungi","floor":25,"turns":4},{"damage":32,"enemies":"Snake Plant","floor":28,"turns":4},{"damage":13,"enemies":"Cultist and Chosen","floor":30,"turns":4},{"damage":5,"enemies":"Snecko","floor":31,"turns":5},{"damage":85,"enemies":"Champ","floor":33,"turns":9}],"seed_played":"4197027943247270810","potions_obtained":[{"floor":2,"key":"Energy Potion"},{"floor":7,"key":"FearPotion"},{"floor":10,"key":"LiquidBronze"},{"floor":12,"key":"AttackPotion"},{"floor":18,"key":"Swift Potion"},{"floor":30,"key":"Explosive Potion"}],"is_trial":false,"path_per_floor":["M","M","$","M","$","R","?","M","T","M","R","M","?","?","R","B",null,"M","M","$","M","M","R","?","M","T","$","M","?","M","M","R","B"],"character_chosen":"IRONCLAD","items_purchased":["Shrug It Off","Flex","Swift Strike","Warcry","Combust","Trip","Rage"],"campfire_rested":4,"item_purchase_floors":[3,5,20,20,27,27,27],"current_hp_per_floor":[71,77,77,80,80,80,54,50,50,33,57,52,36,62,80,39,80,66,33,33,31,35,59,59,59,66,66,40,40,41,42,68,0],"gold":102,"neow_bonus":"","is_prod":false,"is_daily":false,"chose_seed":false,"campfire_upgraded":1,"win_rate":0.0,"timestamp":1549315697,"path_taken":["M","M","$","M","$","R","?","M","T","M","R","M","?","?","R","BOSS","M","M","$","M","M","R","?","M","T","?","M","?","M","M","R","BOSS"],"build_version":"2019-01-23","purchased_purges":0,"victory":false,"max_hp_per_floor":[80,80,80,80,80,80,80,80,80,80,80,80,80,80,80,80,80,80,80,80,80,80,80,80,80,87,87,87,87,87,87,87,87],"card_choices":[{"not_picked":["Sword Boomerang","Thunderclap"],"picked":"Rampage","floor":1},{"not_picked":["Second Wind","Intimidate"],"picked":"Perfected Strike","floor":2},{"not_picked":["Reckless Charge","Intimidate"],"picked":"Body Slam","floor":4},{"not_picked":["Warcry","Clothesline"],"picked":"Dual Wield","floor":7},{"not_picked":["Sword Boomerang","Headbutt"],"picked":"Warcry","floor":8},{"not_picked":["Fire Breathing","Cleave"],"picked":"Whirlwind","floor":10},{"not_picked":["Headbutt","Searing Blow"],"picked":"Power Through","floor":12},{"not_picked":["Offering","Juggernaut"],"picked":"Berserk","floor":16},{"not_picked":["Body Slam","Armaments"],"picked":"Flame Barrier","floor":18},{"not_picked":["Combust","Second Wind"],"picked":"Perfected Strike+1","floor":19},{"not_picked":["Clash","Dropkick"],"picked":"Headbutt+1","floor":21},{"not_picked":["Disarm","Metallicize"],"picked":"Perfected Strike","floor":22},{"not_picked":["Clash+1","Sword Boomerang+1"],"picked":"Ghostly Armor","floor":24},{"not_picked":["Iron Wave","Twin Strike"],"picked":"Intimidate","floor":25},{"not_picked":["Sword Boomerang","True Grit"],"picked":"Reaper","floor":28},{"not_picked":["Body Slam","True Grit"],"picked":"Warcry","floor":30},{"not_picked":["Shrug It Off","Reckless Charge"],"picked":"Flame Barrier","floor":31}],"player_experience":0,"relics_obtained":[{"floor":7,"key":"Odd Mushroom"},{"floor":9,"key":"FossilizedHelix"},{"floor":24,"key":"Red Mask"},{"floor":26,"key":"Strawberry"}],"event_choices":[{"damage_healed":0,"gold_gain":0,"player_choice":"Fought Mushrooms","damage_taken":0,"max_hp_gain":0,"max_hp_loss":0,"event_name":"Mushrooms","floor":7,"gold_loss":0},{"damage_healed":0,"gold_gain":0,"player_choice":"Entered Light","damage_taken":16,"max_hp_gain":0,"max_hp_loss":0,"event_name":"Shining Light","floor":13,"gold_loss":0,"cards_upgraded":["Defend_R","Whirlwind"]},{"damage_healed":26,"gold_gain":0,"player_choice":"Banana","damage_taken":0,"max_hp_gain":0,"max_hp_loss":0,"event_name":"Big Fish","floor":14,"gold_loss":0},{"damage_healed":0,"gold_gain":0,"player_choice":"Fought Bandits","damage_taken":0,"max_hp_gain":0,"max_hp_loss":0,"event_name":"Masked Bandits","floor":24,"gold_loss":0},{"damage_healed":0,"gold_gain":0,"player_choice":"Trade","damage_taken":0,"relics_obtained":["NlothsMask"],"max_hp_gain":0,"max_hp_loss":0,"event_name":"FaceTrader","floor":29,"gold_loss":0}],"is_beta":false,"boss_relics":[{"not_picked":["Sozu","Cursed Key"],"picked":"Philosopher\u0027s Stone"}],"items_purged_floors":[],"is_endless":false,"potions_floor_spawned":[2,7,10,12,18,30],"killed_by":"Champ","ascension_level":0}