{"gold_per_floor":[118,133,145,161,10,10,185,216,216,29,29,29,48,58,58,162,162,177,52,70,80,100,100,113,113],"floor_reached":25,"playtime":1092,"items_purged":["Strike_B","Doubt","Strike_B"],"score":269,"play_id":"2f8053ed-be72-497b-9d63-3c97980de5f5","local_time":"20190610012735","is_ascension_mode":true,"campfire_choices":[{"data":"Dualcast","floor":6,"key":"SMITH"},{"data":"Zap","floor":12,"key":"SMITH"},{"floor":15,"key":"REST"},{"data":"Genetic Algorithm","floor":23,"key":"SMITH"}],"neow_cost":"NONE","seed_source_timestamp":571027239224100,"circlet_count":0,"master_deck":["Strike_B","Strike_B","Defend_B","Defend_B","Defend_B","Defend_B","Zap+1","Dualcast+1","Go for the Eyes","Genetic Algorithm+1","Cold Snap","Cold Snap","Scrape","Fission+1","Gash","Scrape","Beam Cell","All For One","Leap+1","Conserve Battery","Gash"],"relics":["Cracked Core","Regal Pillow","Shuriken","Darkstone Periapt","White Beast Statue"],"potions_floor_usage":[8,13,20,21,22,24,24],"damage_taken":[{"damage":6,"enemies":"Cultist","floor":1,"turns":4},{"damage":0,"enemies":"2 Louse","floor":2,"turns":2},{"damage":0,"enemies":"Small Slimes","floor":3,"turns":3},{"damage":1,"enemies":"Exordium Thugs","floor":4,"turns":6},{"damage":23,"enemies":"Lagavulin","floor":8,"turns":8},{"damage":0,"enemies":"3 Louse","floor":13,"turns":2},{"damage":4,"enemies":"Blue Slaver","floor":14,"turns":2},{"damage":17,"enemies":"The Guardian","floor":16,"turns":12},{"damage":0,"enemies":"Spheric Guardian","floor":18,"turns":2},{"damage":0,"enemies":"Chosen","floor":20,"turns":5},{"damage":28,"enemies":"Sentry and Sphere","floor":21,"turns":7},{"damage":26,"enemies":"Snake Plant","floor":22,"turns":5},{"damage":0,"enemies":"3 Cultists","floor":24,"turns":4},{"damage":35,"enemies":"Centurion and Healer","floor":25,"turns":4}],"seed_played":"-1598600163358810953","potions_obtained":[{"floor":3,"key":"Dexterity Potion"},{"floor":8,"key":"Explosive Potion"},{"floor":16,"key":"Weak Potion"},{"floor":18,"key":"SkillPotion"},{"floor":20,"key":"Regen Potion"},{"floor":21,"key":"Energy Potion"},{"floor":22,"key":"FearPotion"},{"floor":24,"key":"PowerPotion"}],"is_trial":false,"path_per_floor":["M","M","M","M","$","R","?","E","T","$","?","R","M","M","R","B",null,"M","$","M","M","M","R","M","M"],"character_chosen":"DEFECT","items_purchased":["Scrape","Gash","Scrape"],"campfire_rested":1,"item_purchase_floors":[5,10,10],"current_hp_per_floor":[62,62,62,61,61,61,61,38,38,38,38,38,38,34,71,54,70,70,70,70,56,30,30,30,0],"gold":113,"neow_bonus":"RANDOM_COMMON_RELIC","is_prod":false,"is_daily":false,"chose_seed":false,"campfire_upgraded":3,"win_rate":0,"timestamp":1560155255,"path_taken":["M","?","M","M","$","R","?","E","T","$","?","R","?","M","R","BOSS","M","$","?","M","M","R","M","M"],"build_version":"2019-01-23","purchased_purges":3,"victory":false,"max_hp_per_floor":[75,75,75,75,75,75,75,75,75,75,75,75,75,75,75,75,75,75,75,75,75,75,75,75,75],"card_choices":[{"not_picked":["Rebound","Auto Shields"],"picked":"Go for the Eyes","floor":1},{"not_picked":["Hologram","Leap"],"picked":"Genetic Algorithm","floor":2},{"not_picked":["Ball Lightning","Rebound"],"picked":"Cold Snap","floor":3},{"not_picked":["Capacitor","Ball Lightning"],"picked":"Cold Snap","floor":4},{"not_picked":["Darkness","Stack"],"picked":"Fission","floor":8},{"not_picked":["Redo","Coolheaded"],"picked":"Beam Cell","floor":13},{"not_picked":["Barrage","Rebound","Sweeping Beam"],"picked":"SKIP","floor":14},{"not_picked":["Reboot","Core Surge"],"picked":"All For One","floor":16},{"not_picked":["Sunder","Ball Lightning","Consume"],"picked":"SKIP","floor":18},{"not_picked":["Hologram+1","Rebound+1"],"picked":"Leap+1","floor":20},{"not_picked":["Compile Driver","Coolheaded"],"picked":"Conserve Battery","floor":21},{"not_picked":["Go for the Eyes","Aggregate+1","Chaos+1"],"picked":"SKIP","floor":22},{"not_picked":["Darkness","Chaos+1"],"picked":"Gash","floor":24}],"player_experience":451709,"relics_obtained":[{"floor":8,"key":"Shuriken"},{"floor":9,"key":"Darkstone Periapt"}],"event_choices":[{"damage_healed":0,"gold_gain":175,"player_choice":"AGREE","damage_taken":0,"max_hp_gain":0,"max_hp_loss":0,"event_name":"Liars Game","floor":7,"gold_loss":0,"cards_obtained":["Doubt"]},{"damage_healed":0,"gold_gain":0,"player_choice":"Forge","damage_taken":0,"max_hp_gain":0,"max_hp_loss":0,"event_name":"Accursed Blacksmith","floor":11,"gold_loss":0,"cards_upgraded":["Fission"]}],"is_beta":false,"boss_relics":[{"not_picked":["Orrery","Velvet Choker"],"picked":"White Beast Statue"}],"items_purged_floors":[5,10,19],"is_endless":false,"potions_floor_spawned":[3,8,16,18,20,21,22,24],"killed_by":"Centurion and Healer","ascension_level":6}