{"gold_per_floor":[212,61,136,156,156,156,156,171,254,270,301,301,313,327,327,432,432,442,160,160,147,161,161,86,114,141,141,141,16,31,48,48,149,149,162,80,80,133,151,151,165,165,165,184,60,60,60,9,9,9],"floor_reached":50,"playtime":3539,"items_purged":["Strike_R","Strike_R","Decay","Clumsy"],"score":552,"play_id":"77c82171-9dd0-45d8-87f5-7c7b6c6077f5","local_time":"20180726190831","is_ascension_mode":true,"campfire_choices":[{"floor":6.0,"key":"REST"},{"data":"Rampage","floor":12.0,"key":"SMITH"},{"floor":15.0,"key":"REST"},{"floor":23.0,"key":"REST"},{"floor":32.0,"key":"REST"},{"floor":40,"key":"REST"},{"floor":42,"key":"DIG"},{"floor":49,"key":"DIG"}],"neow_cost":"NONE","seed_source_timestamp":0,"circlet_count":0,"master_deck":["Strike_R+1","Defend_R","Defend_R+1","Defend_R","Defend_R","Bash","Disarm","Inflame","Metallicize","Headbutt","True Grit","Rampage+1","Rage","Cleave","Armaments+1","Reaper","Metallicize","Master of Strategy","Iron Wave","Clothesline+1","Twin Strike","Necronomicurse","Pommel Strike","Double Tap","Fire Breathing","Inflame","Madness","Madness","Flex","Flame Barrier","Juggernaut","Trip"],"special_seed":0,"relics":["Burning Blood","Tiny Chest","Charon\u0027s Ashes","Cursed Key","Shovel","Bronze Scales","Necronomicon","Busted Crown","Gambling Chip","Smiling Mask","Self Forming Clay","Strawberry"],"potions_floor_usage":[38,50,50],"damage_taken":[{"damage":6.0,"enemies":"Cultist","floor":1.0,"turns":3.0},{"damage":7.0,"enemies":"Jaw Worm","floor":4.0,"turns":5.0},{"damage":9.0,"enemies":"Small Slimes","floor":8.0,"turns":3.0},{"damage":8.0,"enemies":"Looter","floor":10.0,"turns":4.0},{"damage":24.0,"enemies":"Lagavulin","floor":11.0,"turns":8.0},{"damage":18.0,"enemies":"3 Louse","floor":13.0,"turns":6.0},{"damage":0.0,"enemies":"Large Slime","floor":14.0,"turns":5.0},{"damage":37.0,"enemies":"Hexaghost","floor":16.0,"turns":13.0},{"damage":19.0,"enemies":"Chosen","floor":18.0,"turns":5.0},{"damage":23.0,"enemies":"2 Thieves","floor":21.0,"turns":4.0},{"damage":21.0,"enemies":"Slaver and Parasite","floor":22.0,"turns":10.0},{"damage":55.0,"enemies":"Gremlin Leader","floor":25.0,"turns":9.0},{"damage":11.0,"enemies":"Snecko","floor":30.0,"turns":5.0},{"damage":23.0,"enemies":"Snake Plant","floor":31.0,"turns":5.0},{"damage":41.0,"enemies":"Collector","floor":33.0,"turns":8.0},{"damage":26,"enemies":"3 Darklings","floor":35,"turns":4},{"damage":16,"floor":38,"turns":4},{"damage":7,"enemies":"Orb Walker","floor":39,"turns":2},{"damage":13,"enemies":"Flame Bruiser 2 Orb","floor":41,"turns":6},{"damage":8,"enemies":"Spire Growth","floor":44,"turns":4},{"damage":98,"enemies":"Donu and Deca","floor":50,"turns":9}],"seed_played":"-8707660215942857250","potions_obtained":[{"floor":4.0,"key":"SteroidPotion"},{"floor":8.0,"key":"SkillPotion"},{"floor":14.0,"key":"Regen Potion"},{"floor":21.0,"key":"EssenceOfSteel"},{"floor":25.0,"key":"Dexterity Potion"},{"floor":30.0,"key":"LiquidBronze"},{"floor":31.0,"key":"SkillPotion"},{"floor":35,"key":"AttackPotion"},{"floor":44,"key":"Poison Potion"}],"is_trial":false,"path_per_floor":["M","$","?","M","?","R","?","M","T","M","E","R","M","M","R","B",null,"M","$","?","M","M","R","?","E","T","?","?","$","M","M","R","B",null,"M","$","?","?","M","R","M","R","T","M","$","?","?","$","R"],"character_chosen":"IRONCLAD","items_purchased":["Inflame","Master of Strategy","Inflame","Juggernaut","Poison Potion"],"campfire_rested":5,"item_purchase_floors":[2,19,36,45,48],"current_hp_per_floor":[80,80,69,68,52,76,76,73,73,71,53,53,41,47,71,40,80,67,67,67,68,59,80,80,49,49,49,33,33,40,28,52,41,80,60,60,50,40,39,63,72,72,72,70,70,70,70,70,77,0],"gold":9,"neow_bonus":"HUNDRED_GOLD","is_prod":false,"is_daily":false,"chose_seed":false,"campfire_upgraded":1,"win_rate":0,"timestamp":1532628511,"path_taken":["M","$","?","M","?","R","?","M","T","M","E","R","M","?","R","BOSS","M","$","?","M","M","R","?","E","T","?","?","$","M","?","R","BOSS","M","$","?","?","M","R","M","R","T","M","$","?","?","?","R","BOSS"],"build_version":"2018-07-19v2","purchased_purges":4,"victory":false,"max_hp_per_floor":[80,80,80,80,80,80,80,80,80,80,80,80,80,80,80,80,80,80,80,80,80,80,80,80,80,80,80,80,80,80,80,80,80,80,80,80,80,80,80,80,80,80,80,80,80,80,80,80,87,87],"card_choices":[{"not_picked":["Thunderclap","Anger"],"picked":"Disarm","floor":1.0},{"not_picked":["Clothesline","Thunderclap"],"picked":"Metallicize","floor":4.0},{"not_picked":["Headbutt","Offering"],"picked":"True Grit","floor":8.0},{"not_picked":["Entrench","Combust"],"picked":"Rampage","floor":10.0},{"not_picked":["Exhume","Searing Blow"],"picked":"Rage","floor":11.0},{"not_picked":["Fire Breathing","True Grit"],"picked":"Cleave","floor":13.0},{"not_picked":["Cleave","Warcry"],"picked":"Armaments","floor":14.0},{"not_picked":["Offering","Bludgeon"],"picked":"Reaper","floor":16.0},{"not_picked":["Cleave","Pommel Strike"],"picked":"Metallicize","floor":18.0},{"not_picked":["Feel No Pain+1","Power Through+1"],"picked":"Iron Wave","floor":21.0},{"not_picked":["Havoc+1","Wild Strike"],"picked":"Clothesline+1","floor":22.0},{"not_picked":["Anger","Hemokinesis"],"picked":"Twin Strike","floor":25.0},{"not_picked":["Combust+1","Perfected Strike","Rupture"],"picked":"SKIP","floor":30.0},{"not_picked":["Berserk","Burning Pact"],"picked":"Pommel Strike","floor":31.0},{"not_picked":["Bludgeon","Brutality"],"picked":"Double Tap","floor":33.0},{"not_picked":[],"picked":"Fire Breathing","floor":35},{"not_picked":[],"picked":"Flex","floor":38},{"not_picked":[],"picked":"Flame Barrier","floor":39},{"not_picked":["Iron Wave+1"],"picked":"SKIP","floor":41},{"not_picked":["Shrug It Off+1"],"picked":"SKIP","floor":44},{"not_picked":[],"picked":"Trip","floor":46}],"player_experience":509666,"relics_obtained":[{"floor":9.0,"key":"Tiny Chest"},{"floor":11.0,"key":"Charon\u0027s Ashes"},{"floor":25.0,"key":"Shovel"},{"floor":26.0,"key":"Bronze Scales"},{"floor":28.0,"key":"Necronomicon"},{"floor":38,"key":"Gambling Chip"},{"floor":42,"key":"Smiling Mask"},{"floor":43,"key":"Self Forming Clay"},{"floor":49,"key":"Strawberry"}],"event_choices":[{"event_name":"World of Goop","player_choice":"Gather Gold","floor":3.0,"damage_taken":0.0},{"event_name":"Shining Light","player_choice":"Entered Light","floor":5.0,"damage_taken":0.0},{"event_name":"Transmorgrifier","player_choice":"Transform","floor":7.0,"damage_taken":0.0},{"event_name":"Ghosts","player_choice":"Ignored","floor":20.0,"damage_taken":0.0},{"event_name":"Beggar","player_choice":"Gave Gold","floor":24.0,"damage_taken":0.0},{"event_name":"Upgrade Shrine","player_choice":"Upgraded","floor":27.0,"damage_taken":0.0},{"event_name":"Cursed Tome","player_choice":"Obtained Book","floor":28.0,"damage_taken":0.0},{"event_name":"Winding Halls","player_choice":"Embrace Madness","floor":37,"damage_taken":0},{"event_name":"Mysterious Sphere","player_choice":"Fight","floor":38,"damage_taken":0},{"event_name":"SensoryStone","player_choice":"Memory 1","floor":46,"damage_taken":0},{"event_name":"SecretPortal","player_choice":"Rejected Portal.","floor":47,"damage_taken":0}],"is_beta":false,"boss_relics":[{"not_picked":["Astrolabe","Lizard Tail"],"picked":"Cursed Key"},{"not_picked":["Runic Cube","Empty Cage"],"picked":"Busted Crown"}],"items_purged_floors":[2,19,29,45],"is_endless":false,"potions_floor_spawned":[4,8,14,21,25,30,31,35,44],"killed_by":"Donu and Deca","ascension_level":4}