{"gold_per_floor":[118,193,7,7,22,52,52,85,136,151,168,180,33,51,51,151,151,168,168,168,93,105,105,105],"floor_reached":24,"playtime":1121,"items_purged":[],"score":278,"play_id":"2a8a460c-2c19-4cef-a784-4a626c5ee8c1","local_time":"20190622194535","is_ascension_mode":true,"campfire_choices":[{"floor":7,"key":"REST"},{"floor":15,"key":"REST"},{"floor":23,"key":"REST"}],"neow_cost":"NONE","seed_source_timestamp":756757339084343,"circlet_count":0,"master_deck":["Defend_G","Defend_G","Defend_G","Defend_G","Defend_G","Strike_G","Strike_G","Strike_G","Strike_G","Survivor","Neutralize","After Image","Sucker Punch","Quick Slash","Backflip","Doppelganger","Escape Plan","Die Die Die","Footwork","Dash"],"relics":["Runic Dome","CultistMask","Lantern","Ninja Scroll","Bag of Marbles","Regal Pillow","Eternal Feather"],"potions_floor_usage":[6,24,24],"damage_taken":[{"damage":1,"enemies":"Small Slimes","floor":1,"turns":4},{"damage":0,"enemies":"Jaw Worm","floor":5,"turns":4},{"damage":3,"enemies":"Lagavulin","floor":6,"turns":8},{"damage":36,"enemies":"Gremlin Nob","floor":8,"turns":6},{"damage":0,"enemies":"Cultist","floor":10,"turns":2},{"damage":0,"enemies":"Red Slaver","floor":11,"turns":3},{"damage":0,"enemies":"Lots of Slimes","floor":12,"turns":2},{"damage":0,"enemies":"Large Slime","floor":14,"turns":5},{"damage":53,"enemies":"Slime Boss","floor":16,"turns":21},{"damage":0,"enemies":"Chosen","floor":18,"turns":5},{"damage":6,"enemies":"2 Thieves","floor":22,"turns":3},{"damage":85,"enemies":"Gremlin Leader","floor":24,"turns":8}],"seed_played":"1017692565658920955","potions_obtained":[{"floor":1,"key":"Poison Potion"},{"floor":6,"key":"Ancient Potion"},{"floor":11,"key":"Weak Potion"},{"floor":14,"key":"Energy Potion"}],"is_trial":false,"path_per_floor":["M","?","$","?","M","E","R","E","T","M","M","M","$","M","R","B",null,"M","?","?","?","M","R","E"],"character_chosen":"THE_SILENT","items_purchased":["After Image","Sucker Punch","Regal Pillow"],"campfire_rested":3,"item_purchase_floors":[3,3,13],"current_hp_per_floor":[62,51,51,51,51,48,69,33,33,33,33,33,33,33,69,16,57,57,44,44,44,38,75,0],"gold":105,"neow_bonus":"BOSS_RELIC","is_prod":false,"is_daily":false,"chose_seed":false,"campfire_upgraded":0,"win_rate":0,"timestamp":1561247135,"path_taken":["M","?","$","?","M","E","R","E","T","?","M","M","?","?","R","BOSS","M","?","?","?","M","R","E"],"build_version":"2019-01-23","purchased_purges":0,"victory":false,"max_hp_per_floor":[70,70,70,70,70,70,70,70,70,70,70,70,70,70,70,70,70,70,75,75,75,75,75,75],"card_choices":[{"not_picked":["Masterful Stab","Blade Dance","Prepared"],"picked":"SKIP","floor":1},{"not_picked":["Dodge and Roll","Prepared","Riddle With Holes"],"picked":"SKIP","floor":5},{"not_picked":["Concentrate","Bane"],"picked":"Quick Slash","floor":6},{"not_picked":["Sucker Punch","Underhanded Strike"],"picked":"Backflip","floor":8},{"not_picked":["Doppelganger","Flechettes","Outmaneuver"],"picked":"SKIP","floor":10},{"not_picked":["Flechettes","Outmaneuver"],"picked":"Doppelganger","floor":10},{"not_picked":["Outmaneuver","Prepared","Sucker Punch"],"picked":"SKIP","floor":11},{"not_picked":["Skewer","Expertise","Slice"],"picked":"SKIP","floor":12},{"not_picked":["Finisher","Poisoned Stab"],"picked":"Escape Plan","floor":14},{"not_picked":["Doppelganger","Glass Knife"],"picked":"Die Die Die","floor":16},{"not_picked":["Acrobatics","Underhanded Strike+1"],"picked":"Footwork","floor":18},{"not_picked":["Dagger Spray","Poisoned Stab"],"picked":"Dash","floor":22}],"player_experience":489173,"relics_obtained":[{"floor":6,"key":"Lantern"},{"floor":8,"key":"Ninja Scroll"},{"floor":9,"key":"Bag of Marbles"}],"event_choices":[{"damage_healed":0,"gold_gain":75,"player_choice":"Gather Gold","damage_taken":11,"max_hp_gain":0,"max_hp_loss":0,"event_name":"World of Goop","floor":2,"gold_loss":0},{"damage_healed":0,"gold_gain":0,"player_choice":"Trade","damage_taken":0,"relics_obtained":["CultistMask"],"max_hp_gain":0,"max_hp_loss":0,"event_name":"FaceTrader","floor":4,"gold_loss":0},{"damage_healed":0,"gold_gain":0,"player_choice":"Shed Blood","damage_taken":18,"max_hp_gain":5,"max_hp_loss":0,"event_name":"Forgotten Altar","floor":19,"gold_loss":0},{"damage_healed":0,"gold_gain":0,"player_choice":"Ignored","damage_taken":0,"max_hp_gain":0,"max_hp_loss":0,"event_name":"Cursed Tome","floor":20,"gold_loss":0},{"cards_removed":["Strike_G"],"damage_healed":0,"gold_gain":0,"player_choice":"Gave Gold","damage_taken":0,"max_hp_gain":0,"max_hp_loss":0,"event_name":"Beggar","floor":21,"gold_loss":75}],"is_beta":false,"boss_relics":[{"not_picked":["White Beast Statue","Empty Cage"],"picked":"Eternal Feather"}],"items_purged_floors":[],"is_endless":false,"potions_floor_spawned":[1,6,11,14,22],"killed_by":"Gremlin Leader","ascension_level":7}