{"gold_per_floor":[109,109,209,219,34,34,48,48,48,66,66,81,96,134,134,258,258,277,277,298,317,332,332,431,1,1,16,40,61,61,81,81,179,179,191,3,23,35,35,53,73,87,87,87,87,50,64,42,42,42],"floor_reached":51,"playtime":14881,"items_purged":["Injury"],"score":657,"play_id":"7e8ee6ee-6112-461d-827c-7c1b799a8892","local_time":"20190712045446","is_ascension_mode":false,"campfire_choices":[{"floor":6,"key":"REST"},{"data":"Neutralize","floor":8,"key":"SMITH"},{"floor":15,"key":"REST"},{"floor":23,"key":"REST"},{"floor":32,"key":"REST"},{"floor":45,"key":"REST"},{"floor":49,"key":"REST"}],"neow_cost":"NONE","seed_source_timestamp":41289356247323,"circlet_count":0,"master_deck":["Strike_G","Strike_G","Strike_G","Strike_G","Strike_G","Defend_G+1","Defend_G","Defend_G","Defend_G+1","Survivor","Neutralize+1","Caltrops","Riddle With Holes","Infinite Blades","Choke","Caltrops","Underhanded Strike","Outmaneuver","Acrobatics","Burst","Acrobatics+1","Blur","Flying Knee","Crippling Poison+1","Bullet Time","Blur","Caltrops","Quick Slash+1","Deadly Poison","After Image","Finisher+1","Backflip","Quick Slash","Caltrops","Poisoned Stab","PiercingWail+1","Infinite Blades+1","Skewer+1","Riddle With Holes+1","Burst","Finisher","Underhanded Strike+1","Flying Knee"],"relics":["Ring of the Snake","Strawberry","Vajra","War Paint","Bloody Idol","Ice Cream","Fusion Hammer","Blood Vial","Nunchaku","Bird Faced Urn","White Beast Statue","Frozen Egg 2","Bottled Lightning"],"potions_floor_usage":[7,13,14,14,21,22,28,33,33,40,41,41,42,50,50],"damage_taken":[{"damage":5,"enemies":"Jaw Worm","floor":1,"turns":5},{"damage":0,"enemies":"Small Slimes","floor":4,"turns":4},{"damage":0,"enemies":"Cultist","floor":7,"turns":3},{"damage":3,"enemies":"2 Fungi Beasts","floor":10,"turns":4},{"damage":9,"enemies":"3 Louse","floor":12,"turns":3},{"damage":0,"enemies":"Gremlin Gang","floor":13,"turns":4},{"damage":6,"enemies":"3 Sentries","floor":14,"turns":4},{"damage":43,"enemies":"Slime Boss","floor":16,"turns":12},{"damage":17,"enemies":"Shell Parasite","floor":18,"turns":5},{"damage":2,"enemies":"3 Byrds","floor":20,"turns":2},{"damage":12,"enemies":"Shelled Parasite and Fungi","floor":21,"turns":5},{"damage":10,"enemies":"Snake Plant","floor":22,"turns":4},{"damage":22,"enemies":"Centurion and Healer","floor":27,"turns":6},{"damage":16,"enemies":"Sentry and Sphere","floor":28,"turns":6},{"damage":12,"enemies":"Cultist and Chosen","floor":29,"turns":7},{"damage":12,"enemies":"Snake Plant","floor":31,"turns":3},{"damage":43,"enemies":"Collector","floor":33,"turns":8},{"damage":13,"enemies":"3 Darklings","floor":35,"turns":6},{"damage":15,"enemies":"Orb Walker","floor":37,"turns":4},{"damage":12,"enemies":"Jaw Worm Horde","floor":38,"turns":3},{"damage":10,"enemies":"4 Shapes","floor":40,"turns":4},{"damage":12,"enemies":"3 Darklings","floor":41,"turns":8},{"damage":47,"enemies":"Writhing Mass","floor":42,"turns":6},{"damage":27,"enemies":"Transient","floor":47,"turns":5},{"damage":77,"enemies":"Donu and Deca","floor":50,"turns":9}],"seed_played":"8035882548539337559","potions_obtained":[{"floor":0,"key":"PowerPotion"},{"floor":0,"key":"SneckoOil"},{"floor":0,"key":"Weak Potion"},{"floor":1,"key":"Energy Potion"},{"floor":12,"key":"SpeedPotion"},{"floor":13,"key":"AttackPotion"},{"floor":16,"key":"LiquidBronze"},{"floor":18,"key":"GhostInAJar"},{"floor":21,"key":"Swift Potion"},{"floor":28,"key":"Regen Potion"},{"floor":31,"key":"Poison Potion"},{"floor":35,"key":"Dexterity Potion"},{"floor":37,"key":"Block Potion"},{"floor":38,"key":"EssenceOfSteel"},{"floor":40,"key":"FearPotion"},{"floor":41,"key":"Strength Potion"},{"floor":42,"key":"FearPotion"},{"floor":47,"key":"SneckoOil"}],"is_trial":false,"path_per_floor":["M","?","?","M","$","R","M","R","T","M","?","M","M","E","R","B",null,"M","?","M","M","M","R","?","$","T","M","M","M","?","M","R","B",null,"M","$","M","M","?","M","M","M","T","T","R","$","M","$","R","B",null],"character_chosen":"THE_SILENT","items_purchased":["Vajra","Infinite Blades","Bullet Time","Nunchaku","Backflip","Quick Slash","Caltrops","Poisoned Stab","Finisher","Flying Knee"],"campfire_rested":6,"item_purchase_floors":[5,5,25,25,36,36,36,36,46,48],"current_hp_per_floor":[65,65,65,65,65,77,77,77,77,74,74,65,65,59,77,34,77,60,60,60,50,42,65,65,65,65,51,43,39,39,40,63,50,77,75,75,70,71,71,72,74,43,43,43,66,66,54,54,77,10],"gold":42,"neow_bonus":"THREE_SMALL_POTIONS","is_prod":false,"is_daily":false,"chose_seed":false,"campfire_upgraded":1,"win_rate":0.0,"timestamp":1562921686,"path_taken":["M","?","?","?","$","R","M","R","T","M","?","M","M","E","R","BOSS","M","?","M","?","M","R","?","$","T","M","M","M","?","M","R","BOSS","M","$","M","M","?","M","M","?","T","?","R","?","M","$","R","BOSS"],"build_version":"2019-07-05","purchased_purges":1,"victory":true,"max_hp_per_floor":[70,77,77,77,77,77,77,77,77,77,77,77,77,77,77,77,77,77,77,77,77,77,77,77,77,77,77,77,77,77,77,77,77,77,77,77,77,77,77,77,77,77,77,77,77,77,77,77,77,77],"card_choices":[{"not_picked":["Poisoned Stab","Slice"],"picked":"Caltrops","floor":1},{"not_picked":["Prepared","Deflect"],"picked":"Riddle With Holes","floor":4},{"not_picked":["Tactician","Quick Slash"],"picked":"Choke","floor":7},{"not_picked":["Masterful Stab","Dagger Spray"],"picked":"Caltrops","floor":10},{"not_picked":["Flechettes","Reflex"],"picked":"Underhanded Strike","floor":12},{"not_picked":["Underhanded Strike","Deflect"],"picked":"Outmaneuver","floor":13},{"not_picked":["Tactician","Prepared"],"picked":"Acrobatics","floor":14},{"not_picked":["Phantasmal Killer","Wraith Form v2"],"picked":"Burst","floor":16},{"not_picked":["Prepared","Blade Dance"],"picked":"Acrobatics+1","floor":18},{"not_picked":["Deflect","Riddle With Holes"],"picked":"Blur","floor":20},{"not_picked":["Dodge and Roll","Prepared"],"picked":"Flying Knee","floor":21},{"not_picked":["Flying Knee","Prepared"],"picked":"Crippling Poison+1","floor":22},{"not_picked":["Noxious Fumes","Finisher"],"picked":"Blur","floor":27},{"not_picked":["Prepared","PiercingWail"],"picked":"Caltrops","floor":28},{"not_picked":["Predator","Leg Sweep"],"picked":"Quick Slash+1","floor":29},{"not_picked":["Prepared+1","Sucker Punch"],"picked":"Deadly Poison","floor":31},{"not_picked":["Venomology","Wraith Form v2"],"picked":"After Image","floor":33},{"not_picked":["Footwork","Backflip+1"],"picked":"Finisher+1","floor":35},{"not_picked":["Distraction+1","Deflect+1"],"picked":"PiercingWail+1","floor":37},{"not_picked":["Blade Dance","Flying Knee"],"picked":"Infinite Blades+1","floor":38},{"not_picked":["Dodge and Roll+1","Deflect+1"],"picked":"Skewer+1","floor":40},{"not_picked":["Deflect+1","Quick Slash+1"],"picked":"Riddle With Holes+1","floor":41},{"not_picked":["Deadly Poison","Acrobatics"],"picked":"Burst","floor":42},{"not_picked":["Flying Knee","Dodge and Roll"],"picked":"Underhanded Strike+1","floor":47}],"player_experience":24948,"relics_obtained":[{"floor":9,"key":"War Paint"},{"floor":14,"key":"Ice Cream"},{"floor":26,"key":"Bird Faced Urn"},{"floor":43,"key":"Frozen Egg 2"},{"floor":44,"key":"Bottled Lightning"}],"event_choices":[{"damage_healed":0,"gold_gain":0,"player_choice":"Success","damage_taken":7,"relics_obtained":["Strawberry"],"max_hp_gain":0,"max_hp_loss":0,"event_name":"Scrap Ooze","floor":2,"gold_loss":0},{"damage_healed":0,"gold_gain":100,"player_choice":"Pray","damage_taken":0,"max_hp_gain":0,"max_hp_loss":0,"event_name":"Golden Shrine","floor":3,"gold_loss":0},{"damage_healed":0,"gold_gain":0,"player_choice":"Take Wound","damage_taken":0,"relics_obtained":["Golden Idol"],"max_hp_gain":0,"max_hp_loss":0,"event_name":"Golden Idol","floor":11,"gold_loss":0,"cards_obtained":["Injury"]},{"damage_healed":0,"gold_gain":0,"player_choice":"Gave Potion","damage_taken":0,"relics_obtained":["Blood Vial"],"max_hp_gain":0,"max_hp_loss":0,"event_name":"WeMeetAgain","floor":19,"gold_loss":0},{"damage_healed":0,"gold_gain":99,"player_choice":"Stole From Cult","damage_taken":0,"max_hp_gain":0,"max_hp_loss":0,"event_name":"Nest","floor":24,"gold_loss":0},{"damage_healed":0,"gold_gain":0,"player_choice":"Gave Idol","damage_taken":0,"relics_obtained":["Bloody Idol"],"max_hp_gain":0,"max_hp_loss":0,"event_name":"Forgotten Altar","floor":30,"relics_lost":["Golden Idol"],"gold_loss":0},{"cards_removed":["Defend_G"],"damage_healed":0,"gold_gain":0,"player_choice":"Purged","damage_taken":0,"max_hp_gain":0,"max_hp_loss":0,"event_name":"Purifier","floor":39,"gold_loss":0}],"is_beta":false,"boss_relics":[{"not_picked":["Ring of the Serpent","Astrolabe"],"picked":"Fusion Hammer"},{"not_picked":["Coffee Dripper","Philosopher\u0027s Stone"],"picked":"White Beast Statue"}],"items_purged_floors":[25],"is_endless":false,"potions_floor_spawned":[1,12,13,16,18,21,28,31,35,37,38,40,41,42,47],"ascension_level":0}