{"gold_per_floor":[117,117,133,145,95,130,130,130,130,147,147,158,172,189,189,291,291,306,306,306,306,306,306,319,419,444,457,382,382],"floor_reached":29,"playtime":1222,"items_purged":["Regret"],"score":329,"play_id":"942f4b98-819b-479b-ba3f-e5f9962726dc","local_time":"20190304191534","is_ascension_mode":true,"campfire_choices":[{"data":"Dramatic Entrance","floor":7,"key":"SMITH"},{"data":"Exhume","floor":11,"key":"SMITH"},{"floor":15,"key":"REST"},{"data":"Juggernaut","floor":23,"key":"SMITH"}],"neow_cost":"NONE","seed_source_timestamp":167272691740600,"circlet_count":0,"master_deck":["Defend_R+1","Defend_R+1","Defend_R+1","Defend_R+1","Bash","Dramatic Entrance+1","Sword Boomerang","Iron Wave","Ghostly Armor","Parasite","Exhume+1","Flex","Sword Boomerang","Ghostly Armor","Juggernaut+1","Flame Barrier","Bite","Bite","Bite","Bite","Bite","Iron Wave","Infernal Blade+1","True Grit+1"],"relics":["Burning Blood","Dodecahedron","Bronze Scales","Cursed Key","Ginger","Champion Belt","Question Card","Centennial Puzzle"],"potions_floor_usage":[4,10,16,16,25,27],"damage_taken":[{"damage":12,"enemies":"Jaw Worm","floor":1,"turns":2},{"damage":0,"enemies":"2 Louse","floor":3,"turns":2},{"damage":1,"enemies":"Small Slimes","floor":4,"turns":3},{"damage":53,"enemies":"Lagavulin","floor":6,"turns":8},{"damage":2,"enemies":"3 Louse","floor":10,"turns":2},{"damage":6,"enemies":"Looter","floor":12,"turns":3},{"damage":11,"enemies":"Exordium Wildlife","floor":13,"turns":3},{"damage":8,"enemies":"3 Louse","floor":14,"turns":3},{"damage":50,"enemies":"Slime Boss","floor":16,"turns":13},{"damage":21,"enemies":"3 Byrds","floor":18,"turns":3},{"damage":0,"enemies":"Chosen","floor":24,"turns":4},{"damage":19,"enemies":"Colosseum Slavers","floor":25,"turns":3},{"damage":42,"enemies":"Colosseum Nobs","floor":25,"turns":5},{"damage":21,"enemies":"Snake Plant","floor":27,"turns":5},{"damage":44,"enemies":"Gremlin Leader","floor":29,"turns":5}],"seed_played":"-3982844681534155025","potions_obtained":[{"floor":3,"key":"SkillPotion"},{"floor":6,"key":"Strength Potion"},{"floor":12,"key":"PowerPotion"},{"floor":14,"key":"Explosive Potion"},{"floor":18,"key":"Explosive Potion"},{"floor":25,"key":"Regen Potion"},{"floor":27,"key":"SmokeBomb"}],"is_trial":false,"path_per_floor":["M","?","M","M","?","E","R","?","T","M","R","M","M","M","R","B",null,"M","?","?","?","?","R","M","?","T","M","$","E"],"character_chosen":"IRONCLAD","items_purchased":[],"campfire_rested":1,"item_purchase_floors":[],"current_hp_per_floor":[66,59,65,70,70,23,23,43,43,47,47,47,42,40,64,20,65,50,50,50,50,50,50,56,21,21,30,30,0],"gold":382,"neow_bonus":"RANDOM_COLORLESS","is_prod":false,"is_daily":false,"chose_seed":false,"campfire_upgraded":3,"win_rate":0,"timestamp":1551755734,"path_taken":["M","?","M","M","?","E","R","?","T","M","R","M","M","M","R","BOSS","M","?","?","?","?","R","M","?","T","?","$","E"],"build_version":"2019-01-23","purchased_purges":1,"victory":false,"max_hp_per_floor":[80,80,80,80,80,80,80,80,80,80,80,80,80,80,80,80,80,80,80,56,56,56,56,56,56,56,56,56,56],"card_choices":[{"not_picked":["Corruption","Hemokinesis"],"picked":"Sword Boomerang","floor":1},{"not_picked":["Disarm","Sever Soul","Warcry"],"picked":"SKIP","floor":3},{"not_picked":["Perfected Strike","Infernal Blade"],"picked":"Iron Wave","floor":4},{"not_picked":["Cleave","True Grit"],"picked":"Ghostly Armor","floor":6},{"not_picked":["Twin Strike","Seeing Red"],"picked":"Exhume","floor":10},{"not_picked":["Reckless Charge","Spot Weakness"],"picked":"Flex","floor":12},{"not_picked":["Metallicize","Combust"],"picked":"Sword Boomerang","floor":13},{"not_picked":["Sword Boomerang","Armaments"],"picked":"Ghostly Armor","floor":14},{"not_picked":["Double Tap","Dark Embrace"],"picked":"Juggernaut","floor":16},{"not_picked":["Clash","Perfected Strike"],"picked":"Flame Barrier","floor":18},{"not_picked":["Heavy Blade","Clothesline"],"picked":"Iron Wave","floor":24},{"not_picked":["Anger+1","Shrug It Off"],"picked":"Infernal Blade+1","floor":25},{"not_picked":["Rupture+1","Flex","Carnage"],"picked":"True Grit+1","floor":27}],"player_experience":273392,"relics_obtained":[{"floor":6,"key":"Dodecahedron"},{"floor":9,"key":"Bronze Scales"},{"floor":25,"key":"Champion Belt"},{"floor":25,"key":"Question Card"},{"floor":26,"key":"Centennial Puzzle"}],"event_choices":[{"cards_removed":["Strike_R"],"damage_healed":0,"gold_gain":0,"player_choice":"Card Removal","damage_taken":7,"max_hp_gain":0,"max_hp_loss":0,"event_name":"Golden Wing","floor":2,"gold_loss":0},{"cards_removed":["Strike_R"],"damage_healed":0,"gold_gain":0,"player_choice":"Card Removal","damage_taken":0,"max_hp_gain":0,"max_hp_loss":0,"event_name":"The Cleric","floor":5,"gold_loss":50},{"damage_healed":20,"gold_gain":0,"player_choice":"Healed and dodged fight","damage_taken":0,"max_hp_gain":0,"max_hp_loss":0,"event_name":"Mushrooms","floor":8,"gold_loss":0,"cards_obtained":["Parasite"]},{"damage_healed":0,"gold_gain":0,"player_choice":"Ignored","damage_taken":0,"max_hp_gain":0,"max_hp_loss":0,"event_name":"Ghosts","floor":19,"gold_loss":0},{"damage_healed":0,"gold_gain":0,"player_choice":"Became a vampire","damage_taken":0,"max_hp_gain":0,"max_hp_loss":24,"event_name":"Vampires","floor":20,"gold_loss":0,"cards_obtained":["Bite","Bite","Bite","Bite","Bite"]},{"damage_healed":0,"gold_gain":0,"player_choice":"Simplicity","damage_taken":0,"max_hp_gain":0,"max_hp_loss":0,"event_name":"Back to Basics","floor":21,"gold_loss":0,"cards_upgraded":["Defend_R","Defend_R","Defend_R","Defend_R"]},{"damage_healed":0,"gold_gain":0,"player_choice":"Opened","damage_taken":0,"relics_obtained":["Ginger"],"max_hp_gain":0,"max_hp_loss":0,"event_name":"The Mausoleum","floor":22,"gold_loss":0},{"damage_healed":0,"gold_gain":0,"player_choice":"Fight","damage_taken":0,"max_hp_gain":0,"max_hp_loss":0,"event_name":"Colosseum","floor":25,"gold_loss":0},{"damage_healed":0,"gold_gain":0,"player_choice":"Fought Nobs","damage_taken":0,"max_hp_gain":0,"max_hp_loss":0,"event_name":"Colosseum","floor":25,"gold_loss":0}],"is_beta":false,"boss_relics":[{"not_picked":["Astrolabe","White Beast Statue"],"picked":"Cursed Key"}],"items_purged_floors":[28],"is_endless":false,"potions_floor_spawned":[3,6,12,14,18,25,25,27],"killed_by":"Gremlin Leader","ascension_level":7}