{"gold_per_floor":[114,127,143,1,13,13,45,45,69,104,104,137,102,117,117,219,219,233,233,249,259,276,276,375,386,386,386,403,13,13,0,0,0],"floor_reached":33,"playtime":2921,"items_purged":["Strike_R"],"score":367,"play_id":"918a8b3a-8848-4f2f-845e-b92d17d6c200","local_time":"20180807183939","is_ascension_mode":false,"campfire_choices":[{"data":"True Grit","floor":6,"key":"SMITH"},{"floor":11,"key":"REST"},{"data":"Double Tap","floor":15,"key":"SMITH"},{"data":"Barricade","floor":23,"key":"SMITH"},{"floor":27,"key":"REST"},{"floor":32,"key":"REST"}],"neow_cost":"","seed_source_timestamp":0,"circlet_count":0,"master_deck":["Strike_R","Strike_R","Strike_R","Defend_R+1","Defend_R","Defend_R","Defend_R","Bash","Shrug It Off","Headbutt","Spot Weakness+1","Double Tap+1","True Grit+1","Heavy Blade+1","Dual Wield","Clothesline","Pommel Strike","Barricade+1","Rage","Cleave","Clash","Body Slam","Whirlwind","Dramatic Entrance"],"relics":["Burning Blood","Regal Pillow","Happy Flower","War Paint","Lantern","Pen Nib","Nunchaku"],"potions_floor_usage":[18,25,33],"damage_taken":[{"damage":5,"enemies":"Jaw Worm","floor":1,"turns":5},{"damage":6,"enemies":"Cultist","floor":2,"turns":3},{"damage":3,"enemies":"Small Slimes","floor":3,"turns":3},{"damage":15,"enemies":"Looter","floor":5,"turns":3},{"damage":22,"enemies":"3 Sentries","floor":7,"turns":10},{"damage":28,"enemies":"Gremlin Nob","floor":10,"turns":4},{"damage":14,"enemies":"Lagavulin","floor":12,"turns":6},{"damage":8,"enemies":"Lots of Slimes","floor":14,"turns":4},{"damage":42,"enemies":"The Guardian","floor":16,"turns":10},{"damage":11,"enemies":"2 Thieves","floor":18,"turns":4},{"damage":10,"enemies":"Shell Parasite","floor":20,"turns":6},{"damage":11,"enemies":"Chosen and Byrds","floor":21,"turns":7},{"damage":6,"enemies":"Snake Plant","floor":22,"turns":4},{"damage":33,"enemies":"Snecko","floor":25,"turns":6},{"damage":12,"enemies":"Centurion and Healer","floor":28,"turns":10},{"damage":92,"enemies":"Collector","floor":33,"turns":7}],"seed_played":"-6194035588325431187","potions_obtained":[{"floor":3,"key":"Swift Potion"},{"floor":5,"key":"SmokeBomb"},{"floor":12,"key":"Swift Potion"},{"floor":14,"key":"SkillPotion"},{"floor":16,"key":"BloodPotion"},{"floor":18,"key":"LiquidBronze"}],"is_trial":true,"path_per_floor":["M","M","M","$","M","R","E","?","T","E","R","E","?","M","R","B",null,"M","?","M","M","M","R","?","M","T","R","M","$","?","?","R"],"character_chosen":"IRONCLAD","items_purchased":["Double Tap","Nunchaku","Whirlwind"],"campfire_rested":3,"item_purchase_floors":[4,29,29],"current_hp_per_floor":[80,80,80,80,71,71,55,55,55,33,72,64,80,78,78,42,80,75,75,71,66,66,66,66,47,47,80,74,74,58,58,80,0],"gold":0,"neow_bonus":"","is_prod":false,"is_daily":false,"chose_seed":false,"campfire_upgraded":3,"win_rate":0,"timestamp":1533663579,"path_taken":["M","M","M","$","M","R","E","?","T","E","R","E","?","M","R","BOSS","M","?","M","?","M","R","?","M","T","R","M","$","?","?","R","BOSS"],"build_version":"2018-08-02","purchased_purges":1,"victory":false,"max_hp_per_floor":[80,80,80,80,80,80,80,80,80,80,80,80,80,80,80,80,80,80,80,80,80,80,80,80,80,80,80,80,80,80,80,80,80],"card_choices":[{"not_picked":["Warcry","Anger"],"picked":"Shrug It Off","floor":1},{"not_picked":["Blood for Blood","Body Slam"],"picked":"Headbutt","floor":2},{"not_picked":["Clothesline","Combust"],"picked":"Spot Weakness","floor":3},{"not_picked":["Pummel","Immolate"],"picked":"True Grit","floor":5},{"not_picked":["Anger","Iron Wave"],"picked":"Heavy Blade","floor":7},{"not_picked":["Anger","Reckless Charge"],"picked":"Dual Wield","floor":10},{"not_picked":["Clash","Shockwave"],"picked":"Clothesline","floor":12},{"not_picked":["Uppercut","Shrug It Off"],"picked":"Pommel Strike","floor":14},{"not_picked":["Brutality","Exhume"],"picked":"Barricade","floor":16},{"not_picked":["Twin Strike","Combust"],"picked":"Rage","floor":18},{"not_picked":["Clothesline","Rupture"],"picked":"Cleave","floor":20},{"not_picked":["Second Wind","True Grit"],"picked":"Clash","floor":21},{"not_picked":["Headbutt","True Grit","Clothesline"],"picked":"SKIP","floor":22},{"not_picked":["Second Wind","Rupture+1"],"picked":"Body Slam","floor":25},{"not_picked":["Seeing Red","Blood for Blood+1","Dropkick"],"picked":"SKIP","floor":28}],"player_experience":587048,"relics_obtained":[{"floor":7,"key":"Regal Pillow"},{"floor":9,"key":"Happy Flower"},{"floor":10,"key":"War Paint"},{"floor":12,"key":"Lantern"},{"floor":26,"key":"Pen Nib"}],"event_choices":[{"event_name":"Accursed Blacksmith","player_choice":"Forge","floor":8,"damage_taken":0},{"event_name":"The Cleric","player_choice":"Healed","floor":13,"damage_taken":0},{"event_name":"Wheel of Change","player_choice":"Card Removal","floor":19,"damage_taken":0},{"event_name":"Nest","player_choice":"Stole From Cult","floor":24,"damage_taken":0},{"event_name":"Knowing Skull","player_choice":"CARD ","floor":30,"damage_taken":0},{"event_name":"Masked Bandits","player_choice":"Paid Bandits 13 gold","floor":31,"damage_taken":0}],"is_beta":false,"boss_relics":[{"not_picked":["Runic Pyramid","Snecko Eye","Calling Bell"]}],"items_purged_floors":[4],"is_endless":true,"potions_floor_spawned":[3,5,12,14,16,18,20],"killed_by":"Collector","ascension_level":0}