{"gold_per_floor":[114,114,14,30,40,40,58,77,102,102,118,71,91,91,91,192,192,205,120,120,120,92,111,124,141,165,165,183,79,79,95,95,95],"floor_reached":33,"playtime":4431,"items_purged":["Strike_G"],"score":243,"play_id":"531b3cae-ea2f-4efd-9dde-5cac577a7b83","local_time":"20180721013411","is_ascension_mode":false,"campfire_choices":[{"data":"Footwork","floor":6,"key":"SMITH"},{"floor":10,"key":"REST"},{"data":"Outmaneuver","floor":15,"key":"SMITH"},{"floor":32,"key":"REST"}],"neow_cost":"","seed_source_timestamp":874550359233213,"circlet_count":0,"master_deck":["Defend_G+1","Defend_G+1","Defend_G+1","Defend_G+1","Defend_G+1","Strike_G+1","Strike_G+1","Survivor","Neutralize+1","Poisoned Stab","Acrobatics","Footwork+1","Footwork","Blur","Cloak And Dagger","Outmaneuver+1","Deadly Poison","Bullet Time","Catalyst","Poisoned Stab","Cloak And Dagger+1","Tools of the Trade","Heel Hook+1","Accuracy","Catalyst","Bane","Caltrops","Bane"],"relics":["Ring of the Snake","Potion Belt","Lizard Tail","Vajra","Oddly Smooth Stone","Boot"],"potions_floor_usage":[18,22,25,31,31],"damage_taken":[{"damage":2,"enemies":"Jaw Worm","floor":1,"turns":6},{"damage":0,"enemies":"2 Louse","floor":4,"turns":3},{"damage":0,"enemies":"Cultist","floor":5,"turns":4},{"damage":15,"enemies":"Gremlin Gang","floor":7,"turns":8},{"damage":0,"enemies":"Exordium Wildlife","floor":8,"turns":12},{"damage":1,"enemies":"Blue Slaver","floor":11,"turns":5},{"damage":1,"enemies":"Exordium Thugs","floor":13,"turns":9},{"damage":16,"enemies":"Hexaghost","floor":16,"turns":13},{"damage":12,"enemies":"3 Byrds","floor":18,"turns":9},{"damage":20,"enemies":"2 Thieves","floor":22,"turns":5},{"damage":12,"enemies":"Snake Plant","floor":23,"turns":8},{"damage":17,"enemies":"Sentry and Sphere","floor":24,"turns":12},{"damage":27,"enemies":"Chosen and Byrds","floor":25,"turns":12},{"damage":0,"enemies":"Centurion and Healer","floor":28,"turns":9},{"damage":6,"enemies":"3 Cultists","floor":31,"turns":10},{"damage":54,"enemies":"Automaton","floor":33,"turns":12}],"seed_played":"3133040354622483286","potions_obtained":[{"floor":1,"key":"GhostInAJar"},{"floor":4,"key":"Weak Potion"},{"floor":8,"key":"SkillPotion"},{"floor":16,"key":"AttackPotion"},{"floor":23,"key":"Strength Potion"},{"floor":25,"key":"Ancient Potion"},{"floor":28,"key":"EssenceOfSteel"}],"is_trial":false,"path_per_floor":["M","?","$","M","M","R","M","M","T","R","M","$","M","?","R","B",null,"M","?","?","?","M","M","M","M","T","?","M","$","?","M","R"],"character_chosen":"THE_SILENT","items_purchased":["Acrobatics","Outmaneuver","Bane","Caltrops"],"campfire_rested":2,"item_purchase_floors":[3,12,29,29],"current_hp_per_floor":[68,68,68,68,68,68,53,53,53,70,69,69,68,68,68,52,70,58,58,58,58,38,26,9,27,27,27,27,27,27,21,42,0],"gold":95,"neow_bonus":"","is_prod":false,"is_daily":false,"chose_seed":false,"campfire_upgraded":2,"win_rate":0,"timestamp":1532133251,"path_taken":["M","?","$","M","M","R","M","M","T","R","M","$","M","?","R","BOSS","M","?","?","?","M","M","M","M","T","?","?","$","?","M","R","BOSS"],"build_version":"2018-07-19v2","purchased_purges":1,"victory":false,"max_hp_per_floor":[70,70,70,70,70,70,70,70,70,70,70,70,70,70,70,70,70,70,70,70,70,70,70,70,70,70,70,70,70,70,70,70,70],"card_choices":[{"not_picked":["Endless Agony","Expertise"],"picked":"Poisoned Stab","floor":1},{"not_picked":["Poisoned Stab","Accuracy"],"picked":"Footwork","floor":4},{"not_picked":["Dagger Spray","Dodge and Roll"],"picked":"Footwork","floor":5},{"not_picked":["Well Laid Plans","Outmaneuver"],"picked":"Blur","floor":7},{"not_picked":["PiercingWail","Sucker Punch"],"picked":"Cloak And Dagger","floor":8},{"not_picked":["Dagger Spray","Masterful Stab","PiercingWail"],"picked":"SKIP","floor":11},{"not_picked":["Quick Slash","PiercingWail"],"picked":"Deadly Poison","floor":13},{"not_picked":["Phantasmal Killer","Burst"],"picked":"Bullet Time","floor":16},{"not_picked":["Deflect","Endless Agony"],"picked":"Catalyst","floor":18},{"not_picked":["Dagger Spray+1","PiercingWail"],"picked":"Cloak And Dagger+1","floor":22},{"not_picked":["Acrobatics","Endless Agony"],"picked":"Tools of the Trade","floor":23},{"not_picked":["Acrobatics","Setup"],"picked":"Heel Hook+1","floor":24},{"not_picked":["Predator","Crippling Poison"],"picked":"Accuracy","floor":25},{"not_picked":["Sucker Punch+1","Prepared+1"],"picked":"Catalyst","floor":28},{"not_picked":["Slice","Quick Slash"],"picked":"Bane","floor":31}],"player_experience":418832,"relics_obtained":[{"floor":9,"key":"Potion Belt"},{"floor":26,"key":"Oddly Smooth Stone"}],"event_choices":[{"event_name":"Living Wall","player_choice":"Grow","floor":2,"damage_taken":0},{"event_name":"Bonfire Elementals","player_choice":"BASIC","floor":14,"damage_taken":0},{"event_name":"Addict","player_choice":"Obtained Relic","floor":19,"damage_taken":0},{"event_name":"Transmorgrifier","player_choice":"Transform","floor":20,"damage_taken":0},{"event_name":"The Woman in Blue","player_choice":"Bought 0 Potions","floor":21,"damage_taken":0},{"event_name":"Back to Basics","player_choice":"Simplicity","floor":27,"damage_taken":0},{"event_name":"Wheel of Change","player_choice":"Relic","floor":30,"damage_taken":0}],"is_beta":false,"boss_relics":[{"not_picked":["Busted Crown","Coffee Dripper"],"picked":"Lizard Tail"}],"items_purged_floors":[3],"is_endless":false,"potions_floor_spawned":[1,4,8,16,23,25,28],"killed_by":"Automaton","ascension_level":0}