{"gold_per_floor":[119,84,159,175,175,204,204,216,240,274,287,351,351,90,90,90],"floor_reached":16,"playtime":1040,"items_purged":[],"score":193,"play_id":"3ad3276f-5002-4f25-a5a1-30b26079d07b","local_time":"20181113184514","is_ascension_mode":true,"campfire_choices":[{"data":"Survivor","floor":7,"key":"SMITH"},{"floor":13,"key":"REST"},{"floor":15,"key":"REST"}],"neow_cost":"NONE","seed_source_timestamp":331694372936334,"circlet_count":0,"master_deck":["Defend_G","Defend_G","Defend_G","Defend_G","Defend_G","Strike_G","Strike_G","Strike_G","Strike_G","Strike_G","Survivor+1","Neutralize+1","Accuracy","Acrobatics","Bane","Night Terror","Flying Knee","Sucker Punch+1","Backstab","Footwork","Dash+1"],"relics":["Ring of the Snake","NeowsBlessing","Anchor","Lantern","PreservedInsect","Calipers","Whetstone"],"potions_floor_usage":[8,10,16],"damage_taken":[{"damage":0,"enemies":"2 Louse","floor":1,"turns":1},{"damage":0,"enemies":"Jaw Worm","floor":4,"turns":1},{"damage":0,"enemies":"Gremlin Nob","floor":6,"turns":1},{"damage":4,"enemies":"Small Slimes","floor":8,"turns":5},{"damage":46,"enemies":"3 Sentries","floor":10,"turns":18},{"damage":0,"enemies":"Looter","floor":11,"turns":3},{"damage":14,"enemies":"Gremlin Nob","floor":12,"turns":5},{"damage":55,"enemies":"Hexaghost","floor":16,"turns":16}],"seed_played":"1908747399316737269","potions_obtained":[{"floor":1,"key":"Regen Potion"},{"floor":8,"key":"EssenceOfSteel"},{"floor":12,"key":"Poison Potion"}],"is_trial":false,"path_per_floor":["M","?","?","M","?","E","R","M","T","E","M","?","R","$","R","B"],"character_chosen":"THE_SILENT","items_purchased":["Footwork","Dash","Whetstone"],"campfire_rested":2,"item_purchase_floors":[14,14,14],"current_hp_per_floor":[63,70,59,59,59,59,59,69,69,23,23,9,30,30,51,0],"gold":90,"neow_bonus":"THREE_ENEMY_KILL","is_prod":false,"is_daily":false,"chose_seed":false,"campfire_upgraded":1,"win_rate":0,"timestamp":1542134714,"path_taken":["M","?","?","M","?","E","R","M","T","E","M","?","R","?","R","BOSS"],"build_version":"2018-11-08","purchased_purges":0,"victory":false,"max_hp_per_floor":[70,70,70,70,70,70,70,70,70,70,70,70,70,70,70,70],"card_choices":[{"not_picked":["Bouncing Flask","Blade Dance"],"picked":"Accuracy","floor":1},{"not_picked":["Deadly Poison","Distraction"],"picked":"Acrobatics","floor":4},{"not_picked":["Acrobatics","Eviscerate"],"picked":"Bane","floor":6},{"not_picked":["Poisoned Stab","Backflip"],"picked":"Night Terror","floor":8},{"not_picked":["Deadly Poison","Prepared"],"picked":"Flying Knee","floor":10},{"not_picked":["Dagger Throw","Prepared"],"picked":"Sucker Punch","floor":11},{"not_picked":["Cloak And Dagger","Phantasmal Killer"],"picked":"Backstab","floor":12}],"player_experience":826567,"relics_obtained":[{"floor":6,"key":"Anchor"},{"floor":9,"key":"Lantern"},{"floor":10,"key":"PreservedInsect"},{"floor":12,"key":"Calipers"}],"event_choices":[{"damage_healed":17,"gold_gain":0,"player_choice":"Healed","damage_taken":0,"max_hp_gain":0,"max_hp_loss":0,"event_name":"The Cleric","floor":2,"gold_loss":35},{"damage_healed":0,"gold_gain":75,"player_choice":"Gather Gold","damage_taken":11,"max_hp_gain":0,"max_hp_loss":0,"event_name":"World of Goop","floor":3,"gold_loss":0},{"damage_healed":0,"gold_gain":0,"player_choice":"Grow","damage_taken":0,"max_hp_gain":0,"max_hp_loss":0,"event_name":"Living Wall","floor":5,"gold_loss":0,"cards_upgraded":["Neutralize"]},{"damage_healed":0,"gold_gain":0,"player_choice":"Searched \u00272\u0027 times","damage_taken":0,"max_hp_gain":0,"max_hp_loss":0,"event_name":"Dead Adventurer","floor":12,"gold_loss":0}],"is_beta":false,"boss_relics":[],"items_purged_floors":[],"is_endless":false,"potions_floor_spawned":[1,8,12],"killed_by":"Hexaghost","ascension_level":9}