{"gold_per_floor":[109,120,120,120,45,45,62,73,151,164,198,198,216,227,227,227],"floor_reached":16,"playtime":598,"items_purged":["Defend_R"],"score":166,"play_id":"77db358f-ac66-4341-a6e4-48e03c68167d","local_time":"20190502014213","is_ascension_mode":true,"campfire_choices":[{"data":"Exhume","floor":6,"key":"SMITH"},{"data":"Thunderclap","floor":12,"key":"SMITH"},{"floor":15,"key":"REST"}],"neow_cost":"NONE","seed_source_timestamp":223767078079200,"circlet_count":0,"master_deck":["AscendersBane","Strike_R+1","Strike_R","Strike_R","Strike_R","Defend_R","Defend_R","Defend_R","Bash+1","Exhume+1","Thunderclap+1","Battle Trance"],"relics":["Burning Blood","Tiny Chest","Strawberry"],"potions_floor_usage":[8,11,11,16,16],"damage_taken":[{"damage":6,"enemies":"2 Louse","floor":1,"turns":2},{"damage":0,"enemies":"Small Slimes","floor":2,"turns":3},{"damage":1,"enemies":"Cultist","floor":7,"turns":3},{"damage":25,"enemies":"Gremlin Gang","floor":8,"turns":5},{"damage":14,"enemies":"2 Fungi Beasts","floor":10,"turns":3},{"damage":30,"enemies":"Lagavulin","floor":11,"turns":5},{"damage":5,"enemies":"Exordium Wildlife","floor":13,"turns":3},{"damage":10,"enemies":"Lots of Slimes","floor":14,"turns":3},{"damage":54,"enemies":"Hexaghost","floor":16,"turns":9}],"seed_played":"6006545471818644269","potions_obtained":[{"floor":1,"key":"BloodPotion"},{"floor":7,"key":"SkillPotion"},{"floor":8,"key":"Weak Potion"},{"floor":13,"key":"Block Potion"},{"floor":14,"key":"Poison Potion"}],"is_trial":false,"path_per_floor":["M","M","?","?","$","R","M","M","T","M","E","R","M","M","R","B"],"character_chosen":"IRONCLAD","items_purchased":[],"campfire_rested":1,"item_purchase_floors":[],"current_hp_per_floor":[72,78,62,62,62,62,67,56,56,48,31,31,32,28,54,0],"gold":227,"neow_bonus":"ONE_RANDOM_RARE_CARD","is_prod":false,"is_daily":false,"chose_seed":false,"campfire_upgraded":2,"win_rate":0,"timestamp":1556786533,"path_taken":["M","M","?","?","$","R","M","?","T","M","E","R","?","?","R","BOSS"],"build_version":"2019-01-23","purchased_purges":1,"victory":false,"max_hp_per_floor":[80,80,80,80,80,80,80,80,80,80,87,87,87,87,87,87],"card_choices":[{"not_picked":["Reckless Charge","Intimidate","Pommel Strike"],"picked":"SKIP","floor":1},{"not_picked":["Iron Wave","Hemokinesis","Searing Blow"],"picked":"SKIP","floor":2},{"not_picked":["True Grit","Searing Blow"],"picked":"Thunderclap","floor":7},{"not_picked":["Thunderclap","Perfected Strike","Shockwave"],"picked":"SKIP","floor":8},{"not_picked":["Thunderclap","Clash"],"picked":"Battle Trance","floor":10},{"not_picked":["Perfected Strike","Wild Strike","Rage"],"picked":"SKIP","floor":11},{"not_picked":["Wild Strike","Havoc","Pommel Strike"],"picked":"SKIP","floor":13},{"not_picked":["Iron Wave","Inflame","Battle Trance"],"picked":"SKIP","floor":14}],"player_experience":353303,"relics_obtained":[{"floor":9,"key":"Tiny Chest"},{"floor":11,"key":"Strawberry"}],"event_choices":[{"damage_healed":0,"gold_gain":0,"player_choice":"Entered Light","damage_taken":16,"max_hp_gain":0,"max_hp_loss":0,"event_name":"Shining Light","floor":3,"gold_loss":0,"cards_upgraded":["Strike_R","Bash"]},{"cards_removed":["Strike_R"],"damage_healed":0,"gold_gain":0,"player_choice":"Offered Basic","damage_taken":0,"max_hp_gain":0,"max_hp_loss":0,"event_name":"Bonfire Elementals","floor":4,"gold_loss":0}],"is_beta":false,"boss_relics":[],"items_purged_floors":[5],"is_endless":false,"potions_floor_spawned":[1,7,8,13,14],"killed_by":"Hexaghost","ascension_level":12}