{"gold_per_floor":[112,112,187,71,71,71,21,34,34,52,52,67,67,78,78,156,156,174,192,26,37,37,37,37],"floor_reached":24,"playtime":624,"items_purged":["Strike_R"],"score":353,"play_id":"3963aca7-816e-42b3-b044-1e19e8ff4df2","local_time":"20190520184810","is_ascension_mode":true,"campfire_choices":[{"floor":6,"key":"REST"},{"data":"Metallicize","floor":11,"key":"SMITH"},{"data":"Havoc","floor":13,"key":"SMITH"},{"floor":15,"key":"REST"},{"floor":23,"key":"REST"}],"neow_cost":"NONE","seed_source_timestamp":232134700419600,"circlet_count":0,"master_deck":["AscendersBane","Strike_R","Strike_R","Strike_R","Defend_R","Defend_R","Defend_R","Defend_R+1","Bash+1","Offering+1","Iron Wave","Metallicize+1","Cleave","Iron Wave","Clash+1","Havoc+1","Iron Wave+1","Bludgeon+1","Whirlwind+1","Clash+1","Decay"],"relics":["Burning Blood","Molten Egg 2","Philosopher\u0027s Stone","Bronze Scales"],"potions_floor_usage":[10,16,16],"damage_taken":[{"damage":17,"enemies":"Jaw Worm","floor":1,"turns":7},{"damage":4,"enemies":"2 Louse","floor":8,"turns":3},{"damage":6,"enemies":"Cultist","floor":10,"turns":3},{"damage":6,"enemies":"3 Louse","floor":12,"turns":3},{"damage":6,"enemies":"Exordium Thugs","floor":14,"turns":3},{"damage":23,"enemies":"Hexaghost","floor":16,"turns":7},{"damage":6,"enemies":"Chosen","floor":18,"turns":3},{"damage":21,"enemies":"2 Thieves","floor":19,"turns":3},{"damage":47,"enemies":"Centurion and Healer","floor":21,"turns":4},{"damage":48,"enemies":"Cultist and Chosen","floor":24,"turns":5}],"seed_played":"-6771329809200844798","potions_obtained":[{"floor":1,"key":"SneckoOil"},{"floor":8,"key":"PowerPotion"},{"floor":10,"key":"Swift Potion"},{"floor":19,"key":"LiquidBronze"}],"is_trial":false,"path_per_floor":["M","?","?","$","?","R","$","M","T","M","R","M","R","M","R","B",null,"M","M","$","M","?","R","M"],"character_chosen":"IRONCLAD","items_purchased":["Metallicize","Cleave","Bronze Scales"],"campfire_rested":3,"item_purchase_floors":[4,7,20],"current_hp_per_floor":[57,57,46,46,23,45,45,47,47,47,47,47,47,47,69,52,69,69,54,54,13,13,35,0],"gold":37,"neow_bonus":"TRANSFORM_CARD","is_prod":false,"is_daily":false,"chose_seed":false,"campfire_upgraded":2,"win_rate":0,"timestamp":1558403290,"path_taken":["M","?","?","$","?","R","?","M","T","?","R","M","R","M","R","BOSS","M","M","$","M","?","R","M"],"build_version":"2019-01-23","purchased_purges":1,"victory":false,"max_hp_per_floor":[75,75,75,75,75,75,75,75,75,75,75,75,75,75,75,75,75,75,75,75,75,75,75,75],"card_choices":[{"not_picked":["Second Wind","Uppercut"],"picked":"Iron Wave","floor":1},{"not_picked":["Fire Breathing","True Grit"],"picked":"Iron Wave","floor":8},{"not_picked":["Armaments","Sever Soul+1"],"picked":"Clash+1","floor":10},{"not_picked":["Power Through","Corruption"],"picked":"Havoc","floor":12},{"not_picked":["Clothesline+1","Brutality"],"picked":"Iron Wave+1","floor":14},{"not_picked":["Dark Embrace","Impervious"],"picked":"Bludgeon+1","floor":16},{"not_picked":["Bloodletting","Perfected Strike+1"],"picked":"Whirlwind+1","floor":18},{"not_picked":["Twin Strike+1","True Grit"],"picked":"Clash+1","floor":19},{"not_picked":["Rage","Corruption","Blood for Blood+1"],"picked":"SKIP","floor":21}],"player_experience":398248,"relics_obtained":[{"floor":9,"key":"Molten Egg 2"}],"event_choices":[{"damage_healed":0,"gold_gain":0,"player_choice":"Grow","damage_taken":0,"max_hp_gain":0,"max_hp_loss":0,"event_name":"Living Wall","floor":2,"gold_loss":0,"cards_upgraded":["Offering"]},{"damage_healed":0,"gold_gain":75,"player_choice":"Gather Gold","damage_taken":11,"max_hp_gain":0,"max_hp_loss":0,"event_name":"World of Goop","floor":3,"gold_loss":0},{"damage_healed":0,"gold_gain":0,"player_choice":"Entered Light","damage_taken":23,"max_hp_gain":0,"max_hp_loss":0,"event_name":"Shining Light","floor":5,"gold_loss":0,"cards_upgraded":["Defend_R","Bash"]},{"damage_healed":0,"gold_gain":0,"player_choice":"Smashed Altar","damage_taken":0,"max_hp_gain":0,"max_hp_loss":0,"event_name":"Forgotten Altar","floor":22,"gold_loss":0,"cards_obtained":["Decay"]}],"is_beta":false,"boss_relics":[{"not_picked":["Astrolabe","Velvet Choker"],"picked":"Philosopher\u0027s Stone"}],"items_purged_floors":[4],"is_endless":false,"potions_floor_spawned":[1,8,10,19],"killed_by":"Cultist and Chosen","ascension_level":18}