{"gold_per_floor":[117,137,137,115,134,134,134,134,134,134,147,182,105,129,129,260,260,273,198,217,217,217],"floor_reached":22,"playtime":991,"items_purged":["Normality"],"score":209,"play_id":"200b3800-220c-4d34-be26-f13f3879d3fa","local_time":"20190319163613","is_ascension_mode":false,"campfire_choices":[{"data":"Cloak And Dagger","floor":6,"key":"SMITH"},{"data":"Sucker Punch","floor":8,"key":"SMITH"},{"data":"Neutralize","floor":10,"key":"SMITH"},{"floor":15,"key":"REST"}],"neow_cost":"NONE","seed_source_timestamp":231080966125213,"circlet_count":0,"master_deck":["Defend_G","Defend_G","Defend_G","Defend_G","Defend_G","Strike_G","Strike_G","Strike_G","Strike_G","Strike_G","Survivor","Neutralize+1","Sucker Punch+1","Cloak And Dagger+1","Injury","Poisoned Stab","Dash","Cloak And Dagger","Pain","Injury","Sucker Punch+1","PiercingWail+1"],"relics":["Ring of the Snake","Singing Bowl","Golden Idol","Darkstone Periapt","Matryoshka","Calling Bell","Juzu Bracelet","Question Card","Girya"],"potions_floor_usage":[11,14,22],"damage_taken":[{"damage":1,"enemies":"Jaw Worm","floor":1,"turns":4},{"damage":0,"enemies":"2 Louse","floor":2,"turns":4},{"damage":0,"enemies":"Small Slimes","floor":5,"turns":3},{"damage":0,"enemies":"2 Fungi Beasts","floor":11,"turns":3},{"damage":15,"enemies":"Lagavulin","floor":12,"turns":7},{"damage":9,"enemies":"Exordium Wildlife","floor":14,"turns":5},{"damage":67,"enemies":"The Guardian","floor":16,"turns":19},{"damage":23,"enemies":"3 Byrds","floor":18,"turns":9},{"damage":32,"enemies":"Shell Parasite","floor":20,"turns":11},{"damage":52,"enemies":"3 Cultists","floor":22,"turns":5}],"seed_played":"6284839947852538038","potions_obtained":[{"floor":2,"key":"Explosive Potion"},{"floor":12,"key":"Explosive Potion"},{"floor":14,"key":"Ancient Potion"},{"floor":20,"key":"Energy Potion"}],"is_trial":false,"path_per_floor":["M","M","?","?","M","R","?","R","T","R","M","E","$","M","R","B",null,"M","$","M","?","M"],"character_chosen":"THE_SILENT","items_purchased":["Dash"],"campfire_rested":1,"item_purchase_floors":[13],"current_hp_per_floor":[76,76,69,69,69,69,69,69,69,69,69,56,56,47,70,5,99,76,76,44,44,0],"gold":217,"neow_bonus":"TEN_PERCENT_HP_BONUS","is_prod":false,"is_daily":false,"chose_seed":false,"campfire_upgraded":3,"win_rate":0,"timestamp":1553027773,"path_taken":["M","M","?","?","M","R","?","R","T","R","M","E","$","M","R","BOSS","M","$","M","?","M"],"build_version":"2019-01-23","purchased_purges":1,"victory":false,"max_hp_per_floor":[77,77,77,77,77,77,77,77,77,77,77,79,79,79,79,81,99,99,99,99,99,99],"card_choices":[{"not_picked":["Deflect","Masterful Stab"],"picked":"Sucker Punch","floor":1},{"not_picked":["Backflip","Prepared","Flying Knee"],"picked":"SKIP","floor":2},{"not_picked":["PiercingWail","Escape Plan"],"picked":"Cloak And Dagger","floor":5},{"not_picked":["Cloak And Dagger","Caltrops"],"picked":"Poisoned Stab","floor":11},{"not_picked":["Deflect","Quick Slash","Concentrate"],"picked":"Singing Bowl","floor":12},{"not_picked":["Escape Plan","PiercingWail"],"picked":"Cloak And Dagger","floor":14},{"not_picked":["Bullet Time","Venomology","Corpse Explosion"],"picked":"Singing Bowl","floor":16},{"not_picked":["Flechettes","Dagger Throw+1","Tactician+1"],"picked":"Sucker Punch+1","floor":18},{"not_picked":["Night Terror","Endless Agony","Acrobatics+1"],"picked":"PiercingWail+1","floor":20}],"player_experience":269688,"relics_obtained":[{"floor":9,"key":"Darkstone Periapt"},{"floor":12,"key":"Matryoshka"},{"floor":17,"key":"Juzu Bracelet"},{"floor":17,"key":"Question Card"},{"floor":17,"key":"Girya"}],"event_choices":[{"damage_healed":0,"gold_gain":0,"player_choice":"Success","damage_taken":7,"relics_obtained":["Singing Bowl"],"max_hp_gain":0,"max_hp_loss":0,"event_name":"Scrap Ooze","floor":3,"gold_loss":0},{"damage_healed":0,"gold_gain":0,"player_choice":"Left Gold","damage_taken":0,"max_hp_gain":0,"max_hp_loss":0,"event_name":"World of Goop","floor":4,"gold_loss":22},{"damage_healed":0,"gold_gain":0,"player_choice":"Take Wound","damage_taken":0,"relics_obtained":["Golden Idol"],"max_hp_gain":0,"max_hp_loss":0,"event_name":"Golden Idol","floor":7,"gold_loss":0,"cards_obtained":["Injury"]},{"damage_healed":0,"gold_gain":0,"player_choice":"Ignored","damage_taken":0,"max_hp_gain":0,"max_hp_loss":0,"event_name":"Ghosts","floor":21,"gold_loss":0}],"is_beta":false,"boss_relics":[{"not_picked":["HoveringKite","Lizard Tail"],"picked":"Calling Bell"}],"items_purged_floors":[19],"is_endless":false,"potions_floor_spawned":[2,12,14,20],"killed_by":"3 Cultists","ascension_level":0}