{"gold_per_floor":[119,130,130,55,68,101,1,13,13,39,58,75,75,94,94,193,193,206,206,81,81,31,31,65,20],"floor_reached":25,"playtime":584,"items_purged":["Strike_R","Strike_R","Strike_R"],"score":312,"play_id":"2281b41f-cb88-46b5-a132-e2f0cefc563a","local_time":"20190304160612","is_ascension_mode":true,"campfire_choices":[{"data":"1","floor":13,"key":"LIFT"},{"floor":15,"key":"REST"},{"floor":23,"key":"REST"}],"neow_cost":"NONE","seed_source_timestamp":156547872499000,"circlet_count":0,"master_deck":["Strike_R","Strike_R","Defend_R","Defend_R","Defend_R","Defend_R","Bash","Sword Boomerang","Bludgeon","Juggernaut","Pummel","Thunderclap","Flex","Flex","Limit Break"],"relics":["Burning Blood","NeowsBlessing","Mercury Hourglass","Dead Branch","Girya","Busted Crown","GremlinMask","Nilry\u0027s Codex","Bag of Preparation"],"potions_floor_usage":[8,10,11,16,16,18],"damage_taken":[{"damage":0,"enemies":"Jaw Worm","floor":1,"turns":1},{"damage":0,"enemies":"Cultist","floor":2,"turns":1},{"damage":0,"enemies":"2 Louse","floor":5,"turns":2},{"damage":32,"enemies":"Gremlin Nob","floor":6,"turns":4},{"damage":3,"enemies":"Exordium Thugs","floor":8,"turns":3},{"damage":10,"enemies":"3 Sentries","floor":10,"turns":5},{"damage":0,"enemies":"Large Slime","floor":11,"turns":3},{"damage":0,"enemies":"2 Fungi Beasts","floor":12,"turns":2},{"damage":14,"enemies":"Red Slaver","floor":14,"turns":2},{"damage":56,"enemies":"The Guardian","floor":16,"turns":9},{"damage":9,"enemies":"Shell Parasite","floor":18,"turns":2},{"damage":54,"enemies":"Book of Stabbing","floor":24,"turns":4},{"damage":25,"enemies":"2 Thieves","floor":25,"turns":2}],"seed_played":"-3355202453045888326","potions_obtained":[{"floor":5,"key":"SpeedPotion"},{"floor":6,"key":"SteroidPotion"},{"floor":8,"key":"SpeedPotion"},{"floor":12,"key":"Fire Potion"},{"floor":14,"key":"Poison Potion"},{"floor":16,"key":"Fire Potion"}],"is_trial":false,"path_per_floor":["M","M","?","$","M","E","$","M","T","E","M","M","R","M","R","B",null,"M","?","$","?","?","R","E","M"],"character_chosen":"IRONCLAD","items_purchased":[],"campfire_rested":2,"item_purchase_floors":[],"current_hp_per_floor":[78,80,72,72,78,52,52,55,55,51,57,63,63,55,79,29,67,64,64,64,48,48,72,24,0],"gold":20,"neow_bonus":"THREE_ENEMY_KILL","is_prod":false,"is_daily":false,"chose_seed":false,"campfire_upgraded":0,"win_rate":0,"timestamp":1551744372,"path_taken":["M","M","?","?","?","E","?","M","T","E","?","M","R","M","R","BOSS","M","?","?","?","?","R","E","M"],"build_version":"2019-01-23","purchased_purges":3,"victory":false,"max_hp_per_floor":[80,80,80,80,80,80,80,80,80,80,80,80,80,80,80,80,80,80,80,80,80,80,80,80,80],"card_choices":[{"not_picked":["Perfected Strike","True Grit"],"picked":"Sword Boomerang","floor":1},{"not_picked":["Ghostly Armor","Rupture","Blood for Blood"],"picked":"SKIP","floor":2},{"not_picked":["Sword Boomerang","Clash"],"picked":"Bludgeon","floor":5},{"not_picked":["Seeing Red","Carnage"],"picked":"Juggernaut","floor":6},{"not_picked":["Clothesline","Cleave","Sentinel"],"picked":"SKIP","floor":8},{"not_picked":["Searing Blow","Intimidate"],"picked":"Pummel","floor":10},{"not_picked":["Sword Boomerang","Body Slam"],"picked":"Thunderclap","floor":11},{"not_picked":["Thunderclap","Second Wind"],"picked":"Flex","floor":12},{"not_picked":["Bloodletting","Reckless Charge"],"picked":"Flex","floor":14},{"not_picked":["Juggernaut","Impervious"],"picked":"Limit Break","floor":16},{"not_picked":["Evolve"],"picked":"SKIP","floor":18},{"not_picked":["Second Wind"],"picked":"SKIP","floor":24}],"player_experience":267722,"relics_obtained":[{"floor":6,"key":"Mercury Hourglass"},{"floor":9,"key":"Dead Branch"},{"floor":10,"key":"Girya"},{"floor":21,"key":"Nilry\u0027s Codex"},{"floor":24,"key":"Bag of Preparation"}],"event_choices":[{"damage_healed":0,"gold_gain":0,"player_choice":"Damaged","damage_taken":8,"max_hp_gain":0,"max_hp_loss":0,"event_name":"Wheel of Change","floor":3,"gold_loss":0},{"damage_healed":0,"gold_gain":0,"player_choice":"Trade","damage_taken":0,"relics_obtained":["GremlinMask"],"max_hp_gain":0,"max_hp_loss":0,"event_name":"FaceTrader","floor":19,"gold_loss":0},{"damage_healed":0,"gold_gain":0,"player_choice":"Obtained Book","damage_taken":16,"max_hp_gain":0,"max_hp_loss":0,"event_name":"Cursed Tome","floor":21,"gold_loss":0},{"damage_healed":0,"gold_gain":0,"player_choice":"Bet on Owner","damage_taken":0,"max_hp_gain":0,"max_hp_loss":0,"event_name":"The Joust","floor":22,"gold_loss":50}],"is_beta":false,"boss_relics":[{"not_picked":["Empty Cage","Cursed Key"],"picked":"Busted Crown"}],"items_purged_floors":[4,7,20],"is_endless":false,"potions_floor_spawned":[5,6,8,12,14,16],"killed_by":"2 Thieves","ascension_level":7}