{"path_per_floor":["M","?","$","M","M","R","E","R","T","R","?","?","M","M","R","B",null,"M","$","M","M","?","R","?","M","T","M","M","?","R","M","R"],"character_chosen":"THE_SILENT","items_purchased":["Sadistic Nature"],"gold_per_floor":[117,117,42,56,74,74,107,107,107,107,107,168,178,196,196,292,292,312,26,43,60,60,60,60,80,128,147,160,75,75,88,88,88],"floor_reached":33,"campfire_rested":5,"playtime":3900,"current_hp_per_floor":[70,63,63,62,62,62,44,65,65,65,70,50,45,44,66,50,75,60,60,44,35,35,57,43,33,33,3,13,13,52,49,80,0],"items_purged":["Strike_G","Strike_G"],"gold":88,"score":249,"play_id":"b0ced10e-cfe6-4f41-af55-cd27635d3c57","local_time":"20180510224404","is_prod":false,"is_daily":false,"chose_seed":false,"is_ascension_mode":false,"campfire_upgraded":2,"timestamp":1525988644,"path_taken":["M","?","$","M","?","R","E","R","T","R","?","?","M","M","R","BOSS","M","$","M","M","?","R","?","M","T","M","M","?","R","?","R","BOSS"],"build_version":"2018-05-03","seed_source_timestamp":106578560958166,"purchased_purges":2,"victory":false,"master_deck":["Defend_G","Defend_G","Defend_G","Defend_G","Defend_G","Strike_G","Strike_G","Survivor","Neutralize","Deadly Poison","Outmaneuver","Poisoned Stab+1","Crippling Poison","Tools of the Trade+1","Backstab","Poisoned Stab","Die Die Die","Poisoned Stab+1","Sadistic Nature","Bane+1","Backstab"],"max_hp_per_floor":[70,70,70,70,70,70,70,70,70,70,75,75,75,75,75,75,75,75,75,75,75,75,75,80,80,80,80,80,80,80,80,80,80],"relics":["Ring of the Snake","Gremlin Horn","Snake Skull","Bag of Marbles","Runic Pyramid","Anchor","Regal Pillow"],"card_choices":[{"not_picked":["Sucker Punch","Slice"],"picked":"Deadly Poison","floor":0},{"not_picked":["Infinite Blades","Leg Sweep"],"picked":"Outmaneuver","floor":1},{"not_picked":["Heel Hook","Slice"],"picked":"Poisoned Stab","floor":4},{"not_picked":["Leg Sweep","Cloak And Dagger"],"picked":"Crippling Poison","floor":5},{"not_picked":["Dagger Throw","Acrobatics"],"picked":"Tools of the Trade","floor":7},{"not_picked":["Sucker Punch","Deflect"],"picked":"Backstab","floor":13},{"not_picked":["Underhanded Strike","Crippling Poison"],"picked":"Poisoned Stab","floor":14},{"not_picked":["Wraith Form v2","Doppelganger"],"picked":"Die Die Die","floor":16},{"not_picked":["Deflect","Quick Slash"],"picked":"Poisoned Stab","floor":18},{"not_picked":["Acrobatics","Flying Knee"],"picked":"Bane","floor":21},{"not_picked":["Glass Knife","Terror"],"picked":"Backstab","floor":25}],"player_experience":88432,"potions_floor_usage":[12,20,25,27,28,31,33,33],"damage_taken":[{"damage":0,"enemies":"2 Louse","floor":1,"turns":3},{"damage":1,"enemies":"Jaw Worm","floor":4,"turns":5},{"damage":0,"enemies":"Small Slimes","floor":5,"turns":4},{"damage":18,"enemies":"Gremlin Nob","floor":7,"turns":4},{"damage":20,"enemies":"Gremlin Nob","floor":12,"turns":5},{"damage":5,"enemies":"2 Fungi Beasts","floor":13,"turns":4},{"damage":1,"enemies":"Lots of Slimes","floor":14,"turns":3},{"damage":16,"enemies":"The Guardian","floor":16,"turns":11},{"damage":15,"enemies":"Spheric Guardian","floor":18,"turns":5},{"damage":16,"enemies":"Shell Parasite","floor":20,"turns":3},{"damage":9,"enemies":"Snake Plant","floor":21,"turns":3},{"damage":10,"enemies":"Chosen and Byrds","floor":25,"turns":4},{"damage":30,"enemies":"Cultist and Chosen","floor":27,"turns":7},{"damage":5,"enemies":"3 Cultists","floor":28,"turns":6},{"damage":3,"enemies":"Snecko","floor":31,"turns":5},{"damage":95,"enemies":"Champ","floor":33,"turns":11}],"event_choices":[{"event_name":"Golden Wing","player_choice":"Card Removal","floor":2,"damage_taken":0},{"event_name":"Big Fish","player_choice":"Donut","floor":11,"damage_taken":0},{"event_name":"Dead Adventurer","player_choice":"Searched \u00272\u0027 times","floor":12,"damage_taken":0},{"event_name":"Vampires","player_choice":"Ignored","floor":22,"damage_taken":0},{"event_name":"Forgotten Altar","player_choice":"Shed Blood","floor":24,"damage_taken":0},{"event_name":"Addict","player_choice":"Obtained Relic","floor":29,"damage_taken":0}],"boss_relics":[{"not_picked":["Philosopher\u0027s Stone","Astrolabe"],"picked":"Runic Pyramid"}],"potions_floor_spawned":[4,7,13,16,21,27,28,31],"seed_played":"6471430772912941830","killed_by":"Champ","ascension_level":0,"is_trial":false}