{"gold_per_floor":[113,38,54,54,54,87,87,103,152,152,152,152,180,200,200,295,295,309,74,87,12,12,12,28,28,28,28,28,39,39,51,51,150,150,163,181,181,198,215,215,242,72,126,126,136,136,151,151,151,151,151,151,21,56,56],"floor_reached":56,"playtime":16689,"items_purged":["Strike_R","Bash"],"score":1185,"play_id":"49d17692-fcb5-4ec0-876f-f838b1b32038","local_time":"20190731042847","is_ascension_mode":false,"campfire_choices":[{"data":"Whirlwind","floor":7.0,"key":"SMITH"},{"data":"Body Slam","floor":10.0,"key":"SMITH"},{"data":"Offering","floor":15.0,"key":"SMITH"},{"data":"Armaments","floor":23.0,"key":"SMITH"},{"data":"Berserk","floor":25.0,"key":"SMITH"},{"data":"Barricade","floor":28.0,"key":"SMITH"},{"floor":32.0,"key":"REST"},{"floor":40.0,"key":"REST"},{"floor":46,"key":"RECALL"},{"floor":49,"key":"REST"},{"data":"Entrench","floor":52,"key":"SMITH"}],"neow_cost":"NONE","seed_source_timestamp":0,"circlet_count":0,"master_deck":["Defend_R","Defend_R","Defend_R","Defend_R","Whirlwind+1","Body Slam+1","Pommel Strike","Armaments+1","Offering+1","Inflame","Barricade+1","Shrug It Off","Berserk+1","True Grit+1","Carnage+1","Exhume","Iron Wave+1","Berserk","Entrench+1","Power Through+1","Metallicize","Shrug It Off+1"],"special_seed":0,"relics":["Burning Blood","NeowsBlessing","Blood Vial","Mercury Hourglass","Juzu Bracelet","Empty Cage","MutagenicStrength","Red Skull","Nilry\u0027s Codex","Runic Dome","PreservedInsect","Bronze Scales","FaceOfCleric","Charon\u0027s Ashes"],"potions_floor_usage":[41,50,54,54,55],"damage_taken":[{"damage":0.0,"enemies":"Small Slimes","floor":1.0,"turns":1.0},{"damage":0.0,"enemies":"2 Louse","floor":3.0,"turns":1.0},{"damage":0.0,"enemies":"Gremlin Nob","floor":6.0,"turns":1.0},{"damage":6.0,"enemies":"Jaw Worm","floor":8.0,"turns":4.0},{"damage":20.0,"enemies":"Lagavulin","floor":13.0,"turns":7.0},{"damage":6.0,"enemies":"Looter","floor":14.0,"turns":2.0},{"damage":15.0,"enemies":"Slime Boss","floor":16.0,"turns":9.0},{"damage":44.0,"enemies":"Spheric Guardian","floor":18.0,"turns":8.0},{"damage":17.0,"enemies":"Shell Parasite","floor":20.0,"turns":7.0},{"damage":21.0,"enemies":"3 Cultists","floor":24.0,"turns":7.0},{"damage":9.0,"enemies":"Centurion and Healer","floor":29.0,"turns":4.0},{"damage":18.0,"enemies":"Snake Plant","floor":31.0,"turns":3.0},{"damage":43.0,"enemies":"Collector","floor":33.0,"turns":10.0},{"damage":6.0,"enemies":"3 Shapes","floor":35.0,"turns":5.0},{"damage":26.0,"enemies":"3 Darklings","floor":36.0,"turns":5.0},{"damage":12.0,"enemies":"Maw","floor":38.0,"turns":7.0},{"damage":34.0,"enemies":"Writhing Mass","floor":39.0,"turns":7.0},{"damage":48,"enemies":"Nemesis","floor":41,"turns":9},{"damage":9,"enemies":"3 Darklings","floor":45,"turns":3},{"damage":0,"enemies":"4 Shapes","floor":47,"turns":3},{"damage":40,"enemies":"Awakened One","floor":50,"turns":13},{"damage":14,"enemies":"Shield and Spear","floor":54,"turns":5},{"damage":78,"enemies":"The Heart","floor":55,"turns":16}],"seed_played":"2674979438746385582","potions_obtained":[{"floor":1.0,"key":"SpeedPotion"},{"floor":13.0,"key":"BloodPotion"},{"floor":16.0,"key":"Dexterity Potion"},{"floor":18.0,"key":"Fruit Juice"},{"floor":24.0,"key":"Strength Potion"},{"floor":30.0,"key":"Fruit Juice"},{"floor":30.0,"key":"Regen Potion"},{"floor":33.0,"key":"SkillPotion"},{"floor":35.0,"key":"SpeedPotion"},{"floor":36.0,"key":"SkillPotion"},{"floor":39.0,"key":"PowerPotion"},{"floor":41,"key":"FearPotion"}],"is_trial":false,"path_per_floor":["M","$","M","$","?","E","R","M","T","R","?","?","E","M","R","B",null,"M","$","M","?","?","R","M","R","T","?","R","M","?","M","R","B",null,"M","M","?","M","M","R","E","$","T","?","M","R","M","?","R","B",null,"R","$","E","B",null],"character_chosen":"IRONCLAD","items_purchased":["Whirlwind","Berserk","Metallicize","SpeedPotion","EssenceOfSteel"],"campfire_rested":3,"item_purchase_floors":[2,19,42,53,53],"current_hp_per_floor":[80,80,80,80,85,85,85,85,85,85,78,75,63,65,65,58,85,47,47,65,65,65,65,52,52,52,36,36,35,40,39,67,32,95,95,75,75,71,45,73,33,33,33,33,33,33,42,42,71,40,98,98,98,91,22],"gold":56,"neow_bonus":"THREE_ENEMY_KILL","is_prod":false,"is_daily":false,"chose_seed":false,"campfire_upgraded":7,"win_rate":0,"timestamp":1564561727,"path_taken":["M","$","M","$","?","E","R","M","T","R","?","?","E","M","R","BOSS","BOSS","M","$","M","?","?","R","M","R","T","?","R","M","?","M","R","BOSS","M","M","?","M","M","R","E","$","T","?","M","R","M","?","R","BOSS","R","$","E","BOSS"],"build_version":"2019-07-17","purchased_purges":2,"victory":true,"max_hp_per_floor":[80,80,80,80,85,85,85,85,85,85,85,85,85,85,85,85,85,85,85,90,90,90,90,90,90,90,90,90,90,95,95,95,95,95,95,95,95,95,95,95,95,95,95,95,96,96,97,97,97,98,98,98,98,99,100],"card_choices":[{"not_picked":["Corruption","Second Wind","Havoc"],"picked":"SKIP","floor":1.0},{"not_picked":["Clothesline","Armaments"],"picked":"Body Slam","floor":3.0},{"not_picked":["Combust","Inflame"],"picked":"Pommel Strike","floor":6.0},{"not_picked":["Infernal Blade","Warcry"],"picked":"Armaments","floor":8.0},{"not_picked":["Wild Strike","Clash"],"picked":"Offering","floor":13.0},{"not_picked":["Carnage","Rampage"],"picked":"Inflame","floor":14.0},{"not_picked":["Bludgeon","Dark Embrace"],"picked":"Barricade","floor":16.0},{"not_picked":["Iron Wave","Fire Breathing"],"picked":"Shrug It Off","floor":18.0},{"not_picked":["Infernal Blade","Flex","Corruption"],"picked":"SKIP","floor":20.0},{"not_picked":["Twin Strike","Headbutt","Perfected Strike"],"picked":"SKIP","floor":24.0},{"not_picked":["Clothesline","Flex"],"picked":"True Grit+1","floor":29.0},{"not_picked":["Cleave","Anger+1"],"picked":"Carnage+1","floor":31.0},{"not_picked":["Berserk","Fiend Fire"],"picked":"Exhume","floor":33.0},{"not_picked":["Hemokinesis","Havoc","Anger+1"],"picked":"SKIP","floor":35.0},{"not_picked":["Twin Strike","Spot Weakness+1"],"picked":"Iron Wave+1","floor":36.0},{"not_picked":["Flex+1","Clash+1"],"picked":"Berserk","floor":38.0},{"not_picked":["Dual Wield+1","Clash"],"picked":"Entrench","floor":39.0},{"not_picked":["Rupture+1","Evolve"],"picked":"Power Through+1","floor":41},{"not_picked":["Thunderclap","Clothesline"],"picked":"Shrug It Off+1","floor":45},{"not_picked":["Body Slam","Disarm","Shrug It Off"],"picked":"SKIP","floor":47},{"not_picked":["Dual Wield","Wild Strike","Demon Form"],"picked":"SKIP","floor":54}],"player_experience":290535,"relics_obtained":[{"floor":6.0,"key":"Blood Vial"},{"floor":13.0,"key":"Juzu Bracelet"},{"floor":26.0,"key":"Red Skull"},{"floor":27.0,"key":"Nilry\u0027s Codex"},{"floor":41,"key":"PreservedInsect"},{"floor":43,"key":"Bronze Scales"},{"floor":54,"key":"Charon\u0027s Ashes"}],"event_choices":[{"damage_healed":0.0,"max_hp_gain":5.0,"max_hp_loss":0.0,"gold_gain":0.0,"event_name":"Big Fish","player_choice":"Donut","floor":5.0,"gold_loss":0.0,"damage_taken":0.0},{"cards_removed":["Strike_R"],"damage_healed":0.0,"max_hp_gain":0.0,"max_hp_loss":0.0,"gold_gain":0.0,"event_name":"Golden Wing","player_choice":"Card Removal","floor":11.0,"gold_loss":0.0,"damage_taken":7.0},{"damage_healed":0.0,"max_hp_gain":0.0,"max_hp_loss":0.0,"gold_gain":0.0,"event_name":"Scrap Ooze","player_choice":"Success","floor":12.0,"gold_loss":0.0,"damage_taken":3.0,"relics_obtained":["Mercury Hourglass"]},{"cards_removed":["Strike_R"],"damage_healed":0.0,"max_hp_gain":0.0,"max_hp_loss":0.0,"gold_gain":0.0,"event_name":"Beggar","player_choice":"Gave Gold","floor":21.0,"gold_loss":75.0,"damage_taken":0.0},{"damage_healed":0.0,"max_hp_gain":0.0,"max_hp_loss":0.0,"gold_gain":0.0,"event_name":"Drug Dealer","player_choice":"Inject Mutagens","floor":22.0,"gold_loss":0.0,"damage_taken":0.0,"relics_obtained":["MutagenicStrength"]},{"damage_healed":0.0,"max_hp_gain":0.0,"max_hp_loss":0.0,"gold_gain":0.0,"event_name":"Cursed Tome","player_choice":"Obtained Book","floor":27.0,"gold_loss":0.0,"damage_taken":16.0},{"damage_healed":0.0,"max_hp_gain":0.0,"max_hp_loss":0.0,"gold_gain":0.0,"event_name":"Lab","player_choice":"Got Potions","floor":30.0,"gold_loss":0.0,"damage_taken":0.0},{"damage_healed":0.0,"max_hp_gain":0.0,"max_hp_loss":0.0,"gold_gain":0.0,"event_name":"Tomb of Lord Red Mask","player_choice":"Ignored","floor":37.0,"gold_loss":0.0,"damage_taken":0.0},{"damage_healed":0,"gold_gain":0,"player_choice":"Trade","damage_taken":0,"relics_obtained":["FaceOfCleric"],"max_hp_gain":0,"max_hp_loss":0,"event_name":"FaceTrader","floor":44,"gold_loss":0},{"damage_healed":0,"gold_gain":0,"player_choice":"Ignored","damage_taken":0,"max_hp_gain":0,"max_hp_loss":0,"event_name":"SecretPortal","floor":48,"gold_loss":0}],"is_beta":false,"boss_relics":[{"not_picked":["Fusion Hammer","Pandora\u0027s Box"],"picked":"Empty Cage"},{"not_picked":["Tiny House","Orrery"],"picked":"Runic Dome"}],"items_purged_floors":[19,42],"is_endless":false,"potions_floor_spawned":[1,13,16,18,24,33,35,36,39,41],"ascension_level":0}