{"gold_per_floor":[118,133,151,151,21,51,65,93,140,140,11,11,24,40,40,135,135,153,153,173,173,192,252,11,11,11,11],"floor_reached":27,"playtime":2035,"items_purged":["Strike_R"],"score":353,"play_id":"da4ed4af-5173-44a7-865a-c7bee1b27462","local_time":"20181215013016","is_ascension_mode":true,"campfire_choices":[{"data":"Armaments","floor":12,"key":"SMITH"},{"floor":15,"key":"REST"},{"data":"Barricade","floor":25,"key":"SMITH"}],"neow_cost":"NONE","seed_source_timestamp":234614036263567,"circlet_count":0,"master_deck":["Defend_R","Defend_R","Defend_R","Defend_R","Bash","Heavy Blade","Armaments+1","Battle Trance","Seeing Red","Inflame","Shrug It Off","Rage","Flex","Fiend Fire","Iron Wave","Cleave","Barricade+1","Whirlwind+1","Bite","Bite","Bite","Bite","Bite","Impervious","Enlightenment"],"relics":["Burning Blood","Centennial Puzzle","Blue Candle","Art of War","Busted Crown","Tiny Chest","Dream Catcher","Question Card"],"potions_floor_usage":[8,16,21,23],"damage_taken":[{"damage":18,"enemies":"Jaw Worm","floor":1,"turns":4},{"damage":2,"enemies":"2 Louse","floor":2,"turns":4},{"damage":0,"enemies":"Small Slimes","floor":3,"turns":4},{"damage":21,"enemies":"3 Sentries","floor":6,"turns":10},{"damage":7,"enemies":"Looter","floor":7,"turns":5},{"damage":16,"enemies":"Gremlin Nob","floor":8,"turns":3},{"damage":5,"enemies":"2 Fungi Beasts","floor":13,"turns":3},{"damage":0,"enemies":"Large Slime","floor":14,"turns":4},{"damage":40,"enemies":"Hexaghost","floor":16,"turns":12},{"damage":14,"enemies":"Spheric Guardian","floor":18,"turns":5},{"damage":30,"enemies":"Shell Parasite","floor":20,"turns":6},{"damage":3,"enemies":"Colosseum Slavers","floor":21,"turns":4},{"damage":18,"enemies":"Snecko","floor":22,"turns":4},{"damage":29,"enemies":"Slavers","floor":23,"turns":7},{"damage":62,"enemies":"Gremlin Leader","floor":27,"turns":6}],"seed_played":"-6123034211301275664","potions_obtained":[{"floor":7,"key":"SteroidPotion"},{"floor":8,"key":"SkillPotion"},{"floor":13,"key":"Ancient Potion"},{"floor":18,"key":"Fire Potion"},{"floor":22,"key":"PowerPotion"}],"is_trial":false,"path_per_floor":["M","M","M","?","$","E","M","E","T","?","$","R","M","M","R","B",null,"M","?","M","?","M","E","$","R","T","E"],"character_chosen":"IRONCLAD","items_purchased":["Inflame","Shrug It Off","Iron Wave","Enlightenment","Dream Catcher"],"campfire_rested":1,"item_purchase_floors":[5,5,11,24,24],"current_hp_per_floor":[60,64,70,70,70,55,54,44,44,37,37,37,38,44,68,34,69,61,56,42,56,50,42,42,42,42,0],"gold":11,"neow_bonus":"THREE_CARDS","is_prod":false,"is_daily":false,"chose_seed":false,"campfire_upgraded":2,"win_rate":0,"timestamp":1544837416,"path_taken":["M","M","M","?","$","E","M","E","T","?","$","R","M","M","R","BOSS","M","?","M","?","M","E","$","R","T","E"],"build_version":"2018-12-13","purchased_purges":1,"victory":false,"max_hp_per_floor":[80,80,80,80,80,80,80,80,80,80,80,80,80,80,80,80,80,80,56,56,56,56,56,56,56,56,56],"card_choices":[{"not_picked":["Twin Strike","Evolve"],"picked":"Heavy Blade","floor":0},{"not_picked":["Clothesline","Flex"],"picked":"Armaments","floor":1},{"not_picked":["Evolve","True Grit"],"picked":"Battle Trance","floor":2},{"not_picked":["Wild Strike","Sword Boomerang"],"picked":"Seeing Red","floor":3},{"not_picked":["Iron Wave","Dropkick"],"picked":"Rage","floor":6},{"not_picked":["Impervious","Iron Wave"],"picked":"Flex","floor":7},{"not_picked":["Blood for Blood","Pummel"],"picked":"Fiend Fire","floor":8},{"not_picked":["Iron Wave","Flex"],"picked":"Cleave","floor":13},{"not_picked":["Heavy Blade","True Grit","Combust"],"picked":"SKIP","floor":14},{"not_picked":["Fiend Fire","Offering"],"picked":"Barricade","floor":16},{"not_picked":[],"picked":"Whirlwind+1","floor":18},{"not_picked":["Iron Wave"],"picked":"SKIP","floor":20},{"not_picked":["Sentinel"],"picked":"SKIP","floor":22},{"not_picked":[],"picked":"Impervious","floor":23}],"player_experience":862845,"relics_obtained":[{"floor":6,"key":"Centennial Puzzle"},{"floor":8,"key":"Blue Candle"},{"floor":9,"key":"Art of War"},{"floor":23,"key":"Tiny Chest"},{"floor":26,"key":"Question Card"}],"event_choices":[{"damage_healed":0,"gold_gain":0,"player_choice":"Leave","damage_taken":0,"max_hp_gain":0,"max_hp_loss":0,"event_name":"The Cleric","floor":4,"gold_loss":0},{"cards_removed":["Strike_R"],"damage_healed":0,"gold_gain":0,"player_choice":"Card Removal","damage_taken":7,"max_hp_gain":0,"max_hp_loss":0,"event_name":"Golden Wing","floor":10,"gold_loss":0},{"damage_healed":0,"gold_gain":0,"player_choice":"Became a vampire","damage_taken":0,"max_hp_gain":0,"max_hp_loss":24,"event_name":"Vampires","floor":19,"gold_loss":0,"cards_obtained":["Bite","Bite","Bite","Bite","Bite"]},{"damage_healed":0,"gold_gain":0,"player_choice":"Fight","damage_taken":0,"max_hp_gain":0,"max_hp_loss":0,"event_name":"Colosseum","floor":21,"gold_loss":0},{"damage_healed":0,"gold_gain":0,"player_choice":"Fled From Nobs","damage_taken":0,"max_hp_gain":0,"max_hp_loss":0,"event_name":"Colosseum","floor":21,"gold_loss":0}],"is_beta":false,"boss_relics":[{"not_picked":["White Beast Statue","Tiny House"],"picked":"Busted Crown"}],"items_purged_floors":[11],"is_endless":false,"potions_floor_spawned":[7,8,13,18,22],"killed_by":"Gremlin Leader","ascension_level":7}