{"gold_per_floor":[113,123,138,138,148,148,148,97,123,123,73,101,101,112,112,217,217,233,63,81,43,43,43,60,72,72,72,100,100,100,117,117,215,215,225,150,165,165,185,185],"floor_reached":40,"playtime":5691,"items_purged":["Strike_R"],"score":548,"play_id":"ecb0228d-138a-41fc-8235-5bb349e95ebe","local_time":"20190116190717","is_ascension_mode":true,"campfire_choices":[{"floor":6.0,"key":"REST"},{"data":"True Grit","floor":10.0,"key":"SMITH"},{"data":"Pommel Strike","floor":13.0,"key":"SMITH"},{"data":"Spot Weakness","floor":15.0,"key":"SMITH"},{"floor":23.0,"key":"REST"},{"data":"Bludgeon","floor":27.0,"key":"SMITH"},{"floor":30.0,"key":"REST"},{"floor":32.0,"key":"REST"}],"neow_cost":"NONE","seed_source_timestamp":0,"circlet_count":0,"master_deck":["Strike_R","Strike_R","Strike_R","Defend_R","Defend_R","Defend_R","Defend_R","Bash+1","Pommel Strike+1","Cleave","True Grit+1","Spot Weakness+1","Bludgeon+1","Metamorphosis","Shockwave","Evolve+1","Barricade","Demon Form","Whirlwind+1","Flame Barrier+1","The Bomb"],"special_seed":0,"relics":["Burning Blood","Orichalcum","Potion Belt","Regal Pillow","Snecko Eye","Enchiridion","Question Card","Art of War","Fusion Hammer"],"potions_floor_usage":[],"damage_taken":[{"damage":0.0,"enemies":"Small Slimes","floor":1.0,"turns":3.0},{"damage":4.0,"enemies":"Jaw Worm","floor":2.0,"turns":3.0},{"damage":4.0,"enemies":"2 Louse","floor":3.0,"turns":3.0},{"damage":3.0,"enemies":"Exordium Wildlife","floor":5.0,"turns":4.0},{"damage":12.0,"enemies":"Gremlin Nob","floor":12.0,"turns":4.0},{"damage":11.0,"enemies":"Lots of Slimes","floor":14.0,"turns":3.0},{"damage":70.0,"enemies":"Hexaghost","floor":16.0,"turns":11.0},{"damage":2.0,"enemies":"2 Thieves","floor":18.0,"turns":3.0},{"damage":6.0,"enemies":"Spheric Guardian","floor":20.0,"turns":3.0},{"damage":10.0,"enemies":"Centurion and Healer","floor":24.0,"turns":4.0},{"damage":5.0,"enemies":"Snecko","floor":25.0,"turns":4.0},{"damage":19.0,"enemies":"Slavers","floor":28.0,"turns":3.0},{"damage":22.0,"enemies":"Snake Plant","floor":31.0,"turns":3.0},{"damage":63.0,"enemies":"Automaton","floor":33.0,"turns":7.0},{"damage":25,"enemies":"3 Darklings","floor":35,"turns":4},{"damage":2,"enemies":"Orb Walker","floor":37,"turns":2},{"damage":15,"enemies":"Maw","floor":39,"turns":5},{"damage":47,"enemies":"Nemesis","floor":40,"turns":3}],"seed_played":"-6088786888183215937","potions_obtained":[{"floor":5.0,"key":"Weak Potion"},{"floor":12.0,"key":"AttackPotion"},{"floor":16.0,"key":"PowerPotion"},{"floor":20.0,"key":"Strength Potion"},{"floor":25.0,"key":"FearPotion"},{"floor":31.0,"key":"Weak Potion"},{"floor":37,"key":"Weak Potion"}],"is_trial":false,"path_per_floor":["M","M","M","?","M","R","?","$","T","R","?","E","R","M","R","B",null,"M","$","M","$","?","R","M","M","T","R","E","?","R","M","R","B",null,"M","$","M","?","M","E"],"character_chosen":"IRONCLAD","items_purchased":["True Grit","Metamorphosis","Shockwave"],"campfire_rested":4,"item_purchase_floors":[8,19,21],"current_hp_per_floor":[78,80,80,55,58,80,85,85,85,85,85,79,79,74,74,10,66,70,70,70,70,54,85,81,82,82,82,69,69,85,69,85,28,71,52,52,56,56,47,0],"gold":185,"neow_bonus":"UPGRADE_CARD","is_prod":false,"is_daily":false,"chose_seed":false,"campfire_upgraded":4,"win_rate":0,"timestamp":1547665637,"path_taken":["M","M","M","?","M","R","?","$","T","R","?","E","R","M","R","BOSS","M","$","M","$","?","R","M","M","T","R","E","?","R","M","R","BOSS","M","?","M","?","M","E"],"build_version":"2019-01-10","purchased_purges":1,"victory":false,"max_hp_per_floor":[80,80,80,80,80,80,85,85,85,85,85,85,85,85,85,85,85,85,85,85,85,85,85,85,85,85,85,85,85,85,85,85,85,85,85,85,85,85,85,85],"card_choices":[{"not_picked":["Twin Strike","Ghostly Armor"],"picked":"Pommel Strike","floor":1.0},{"not_picked":["Sword Boomerang","Second Wind","Perfected Strike"],"picked":"SKIP","floor":2.0},{"not_picked":["Twin Strike","Sentinel","Havoc"],"picked":"SKIP","floor":3.0},{"not_picked":["Searing Blow","Twin Strike"],"picked":"Cleave","floor":5.0},{"not_picked":["Havoc","Pommel Strike"],"picked":"Spot Weakness","floor":12.0},{"not_picked":["Thunderclap","Clash","Cleave"],"picked":"SKIP","floor":14.0},{"not_picked":["Limit Break","Impervious"],"picked":"Bludgeon","floor":16.0},{"not_picked":["Burning Pact","Body Slam","Sentinel"],"picked":"SKIP","floor":18.0},{"not_picked":["Clash","Wild Strike","Fire Breathing"],"picked":"SKIP","floor":20.0},{"not_picked":["Second Wind","Sword Boomerang+1","Flex+1"],"picked":"SKIP","floor":24.0},{"not_picked":["Searing Blow","True Grit"],"picked":"Evolve","floor":25.0},{"not_picked":["Offering","Flex+1","Warcry+1"],"picked":"Barricade","floor":28.0},{"not_picked":["Evolve","Warcry","Wild Strike","Seeing Red"],"picked":"SKIP","floor":31.0},{"not_picked":["Exhume","Limit Break","Brutality"],"picked":"Demon Form","floor":33.0},{"not_picked":["Burning Pact+1","Headbutt","Clash+1"],"picked":"Whirlwind+1","floor":35},{"not_picked":["Headbutt","Perfected Strike","Thunderclap+1"],"picked":"Flame Barrier+1","floor":37},{"not_picked":["Good Instincts","Purity","Bandage Up"],"picked":"The Bomb","floor":38},{"not_picked":["Body Slam+1","Anger","Cleave+1","Second Wind+1"],"picked":"SKIP","floor":39}],"player_experience":998047,"relics_obtained":[{"floor":9.0,"key":"Potion Belt"},{"floor":12.0,"key":"Regal Pillow"},{"floor":22.0,"key":"Enchiridion"},{"floor":26.0,"key":"Question Card"},{"floor":28.0,"key":"Art of War"}],"event_choices":[{"damage_healed":0.0,"max_hp_gain":0.0,"max_hp_loss":0.0,"gold_gain":0.0,"event_name":"Scrap Ooze","player_choice":"Success","floor":4.0,"gold_loss":0.0,"damage_taken":25.0,"relics_obtained":["Orichalcum"]},{"damage_healed":0.0,"max_hp_gain":5.0,"max_hp_loss":0.0,"gold_gain":0.0,"event_name":"Big Fish","player_choice":"Donut","floor":7.0,"gold_loss":0.0,"damage_taken":0.0},{"cards_removed":["Strike_R"],"damage_healed":0.0,"max_hp_gain":0.0,"max_hp_loss":0.0,"gold_gain":0.0,"event_name":"The Cleric","player_choice":"Card Removal","floor":11.0,"gold_loss":50.0,"damage_taken":0.0},{"damage_healed":0.0,"max_hp_gain":0.0,"max_hp_loss":0.0,"gold_gain":0.0,"event_name":"Cursed Tome","player_choice":"Obtained Book","floor":22.0,"gold_loss":0.0,"damage_taken":16.0},{"damage_healed":0.0,"max_hp_gain":0.0,"max_hp_loss":0.0,"gold_gain":0.0,"event_name":"Upgrade Shrine","player_choice":"Upgraded","floor":29.0,"gold_loss":0.0,"damage_taken":0.0,"cards_upgraded":["Evolve"]},{"damage_healed":0,"gold_gain":0,"player_choice":"Memory 1","damage_taken":0,"max_hp_gain":0,"max_hp_loss":0,"event_name":"SensoryStone","floor":38,"gold_loss":0}],"is_beta":false,"boss_relics":[{"not_picked":["Runic Dome","Empty Cage"],"picked":"Snecko Eye"},{"not_picked":["Black Blood","Lizard Tail"],"picked":"Fusion Hammer"}],"items_purged_floors":[36],"is_endless":false,"potions_floor_spawned":[5,12,16,20,25,31,37],"killed_by":"Nemesis","ascension_level":7}