{"gold_per_floor":[119,132,142,142,30,30,91,106,129,129,142,142,217,299,299,394,394,406,321,389,389],"floor_reached":21,"playtime":569,"items_purged":["Pain"],"score":248,"play_id":"6fb2aef5-3c0f-40f0-903e-1e737675c969","local_time":"20190626200027","is_ascension_mode":true,"campfire_choices":[{"floor":6,"key":"REST"},{"floor":10,"key":"REST"},{"floor":12,"key":"REST"},{"floor":15,"key":"REST"}],"neow_cost":"NONE","seed_source_timestamp":9136267822870,"circlet_count":0,"master_deck":["Defend_G","Defend_G","Defend_G","Defend_G","Defend_G","Strike_G","Strike_G","Strike_G","Strike_G","Strike_G","Survivor","Neutralize","Shame","Decay","Riddle With Holes","Catalyst+1","Footwork","All Out Attack","Dagger Spray","Adrenaline","Caltrops"],"relics":["Calling Bell","Centennial Puzzle","Singing Bowl","Peace Pipe","Tiny Chest","Omamori","Molten Egg 2","Cursed Key","Pen Nib","Frozen Egg 2"],"potions_floor_usage":[7,16,16],"damage_taken":[{"damage":10,"enemies":"Cultist","floor":1,"turns":5},{"damage":8,"enemies":"2 Louse","floor":2,"turns":3},{"damage":10,"enemies":"Jaw Worm","floor":3,"turns":6},{"damage":35,"enemies":"Lagavulin","floor":7,"turns":6},{"damage":11,"enemies":"Blue Slaver","floor":8,"turns":5},{"damage":14,"enemies":"Exordium Wildlife","floor":11,"turns":6},{"damage":37,"enemies":"Slime Boss","floor":16,"turns":8},{"damage":28,"enemies":"Spheric Guardian","floor":18,"turns":7},{"damage":33,"enemies":"Shell Parasite","floor":21,"turns":6}],"seed_played":"8299463784658225622","potions_obtained":[{"floor":1,"key":"FearPotion"},{"floor":2,"key":"PowerPotion"},{"floor":7,"key":"Fire Potion"},{"floor":11,"key":"Fire Potion"}],"is_trial":false,"path_per_floor":["M","M","M","?","$","R","E","M","T","R","M","R","?","T","R","B",null,"M","?","T","M"],"character_chosen":"THE_SILENT","items_purchased":["Footwork"],"campfire_rested":4,"item_purchase_floors":[5],"current_hp_per_floor":[55,47,37,37,37,58,23,14,14,36,22,44,33,33,55,18,60,32,32,32,0],"gold":389,"neow_bonus":"BOSS_RELIC","is_prod":false,"is_daily":false,"chose_seed":false,"campfire_upgraded":0,"win_rate":0,"timestamp":1561593627,"path_taken":["M","M","M","?","$","R","E","?","T","R","M","R","?","?","R","BOSS","M","?","?","M"],"build_version":"2019-01-23","purchased_purges":1,"victory":false,"max_hp_per_floor":[72,72,72,72,72,72,72,74,74,74,74,74,74,74,74,74,74,74,74,74,74],"card_choices":[{"not_picked":["Underhanded Strike","Tactician","Crippling Poison"],"picked":"Singing Bowl","floor":1},{"not_picked":["Prepared","Well Laid Plans"],"picked":"Riddle With Holes","floor":2},{"not_picked":["Setup","Heel Hook"],"picked":"Catalyst","floor":3},{"not_picked":["Acrobatics","Underhanded Strike"],"picked":"All Out Attack","floor":7},{"not_picked":["Prepared","Concentrate","Expertise"],"picked":"Singing Bowl","floor":8},{"not_picked":["Quick Slash","Outmaneuver"],"picked":"Dagger Spray","floor":11},{"not_picked":["Die Die Die+1","Unload+1"],"picked":"Adrenaline","floor":16},{"not_picked":["Calculated Gamble","Dodge and Roll"],"picked":"Caltrops","floor":18}],"player_experience":496182,"relics_obtained":[{"floor":0,"key":"Centennial Puzzle"},{"floor":0,"key":"Singing Bowl"},{"floor":0,"key":"Peace Pipe"},{"floor":7,"key":"Tiny Chest"},{"floor":9,"key":"Omamori"},{"floor":14,"key":"Molten Egg 2"},{"floor":20,"key":"Frozen Egg 2"}],"event_choices":[{"damage_healed":0,"gold_gain":0,"player_choice":"Upgraded","damage_taken":0,"max_hp_gain":0,"max_hp_loss":0,"event_name":"Upgrade Shrine","floor":4,"gold_loss":0,"cards_upgraded":["Catalyst"]},{"damage_healed":0,"gold_gain":75,"player_choice":"Gather Gold","damage_taken":11,"max_hp_gain":0,"max_hp_loss":0,"event_name":"World of Goop","floor":13,"gold_loss":0},{"damage_healed":0,"gold_gain":0,"player_choice":"Obtained Relic","damage_taken":0,"relics_obtained":["Pen Nib"],"max_hp_gain":0,"max_hp_loss":0,"event_name":"Addict","floor":19,"gold_loss":85}],"is_beta":false,"boss_relics":[{"not_picked":["White Beast Statue","HoveringKite"],"picked":"Cursed Key"}],"items_purged_floors":[5],"is_endless":false,"potions_floor_spawned":[1,2,7,11],"killed_by":"Shell Parasite","ascension_level":8}