{"gold_per_floor":[112,212,222,233,158,158,171,171,171,71,81,81,81,81,81,182,182,193,68,79,79,79,109,122,122,122,150,170,189,202,202],"floor_reached":31,"playtime":1382,"items_purged":["Strike_R","Strike_R","Strike_R"],"score":307,"play_id":"dd8d33b8-1416-4a13-a7bd-64309d23e61a","local_time":"20190210004426","is_ascension_mode":true,"campfire_choices":[{"data":"Bash","floor":6,"key":"SMITH"},{"data":"Whirlwind","floor":8,"key":"SMITH"},{"data":"Shrug It Off","floor":12,"key":"SMITH"},{"data":"Iron Wave","floor":15,"key":"SMITH"},{"data":"1","floor":25,"key":"LIFT"}],"neow_cost":"NONE","seed_source_timestamp":56165280850300,"circlet_count":0,"master_deck":["Strike_R","Defend_R","Defend_R","Defend_R","Defend_R","Bash+1","Iron Wave+1","Shrug It Off+1","Whirlwind+1","Thunderclap","Swift Strike","Juggernaut","Seeing Red","Pommel Strike+1","Rampage+1","Disarm+1"],"relics":["Burning Blood","Self Forming Clay","StoneCalendar","Velvet Choker","Nilry\u0027s Codex","Girya","Ornamental Fan","Vajra"],"potions_floor_usage":[16,16,27,27,28,31],"damage_taken":[{"damage":0,"enemies":"2 Louse","floor":1,"turns":3},{"damage":6,"enemies":"Cultist","floor":3,"turns":3},{"damage":7,"enemies":"Jaw Worm","floor":4,"turns":3},{"damage":2,"enemies":"3 Louse","floor":7,"turns":5},{"damage":6,"enemies":"Red Slaver","floor":11,"turns":3},{"damage":47,"enemies":"Hexaghost","floor":16,"turns":11},{"damage":1,"enemies":"3 Byrds","floor":18,"turns":3},{"damage":16,"enemies":"Shell Parasite","floor":20,"turns":5},{"damage":35,"enemies":"Book of Stabbing","floor":23,"turns":5},{"damage":14,"enemies":"Snake Plant","floor":24,"turns":4},{"damage":17,"enemies":"Slavers","floor":27,"turns":3},{"damage":7,"enemies":"Chosen and Byrds","floor":28,"turns":3},{"damage":2,"enemies":"Cultist and Chosen","floor":29,"turns":5},{"damage":12,"enemies":"Snecko","floor":30,"turns":4},{"damage":14,"enemies":"Centurion and Healer","floor":31,"turns":1}],"seed_played":"-1780542650734430895","potions_obtained":[{"floor":3,"key":"Dexterity Potion"},{"floor":4,"key":"EssenceOfSteel"},{"floor":16,"key":"Regen Potion"},{"floor":20,"key":"Energy Potion"},{"floor":23,"key":"Fire Potion"},{"floor":28,"key":"Fire Potion"},{"floor":29,"key":"AttackPotion"}],"is_trial":false,"path_per_floor":["M","?","M","M","$","R","M","R","T","$","M","R","T","?","R","B",null,"M","$","M","$","?","E","M","R","T","E","M","M","M","M"],"character_chosen":"IRONCLAD","items_purchased":[],"campfire_rested":0,"item_purchase_floors":[],"current_hp_per_floor":[80,80,80,79,79,79,80,80,80,80,80,80,80,80,80,39,80,80,80,70,70,54,25,17,17,17,15,14,18,12,0],"gold":202,"neow_bonus":"REMOVE_CARD","is_prod":false,"is_daily":false,"chose_seed":false,"campfire_upgraded":4,"win_rate":0,"timestamp":1549788266,"path_taken":["M","?","M","?","$","R","M","R","T","?","M","R","?","?","R","BOSS","M","$","M","$","?","E","M","R","T","E","M","M","M","M"],"build_version":"2019-01-23","purchased_purges":3,"victory":false,"max_hp_per_floor":[80,80,80,80,80,80,80,80,80,80,80,80,80,80,80,80,80,80,80,80,80,80,80,80,80,80,80,80,80,80,80],"card_choices":[{"not_picked":["Metallicize","Entrench"],"picked":"Iron Wave","floor":1},{"not_picked":["Perfected Strike","Wild Strike","Reckless Charge"],"picked":"SKIP","floor":3},{"not_picked":["Flame Barrier","Armaments"],"picked":"Shrug It Off","floor":4},{"not_picked":["Clash","Searing Blow"],"picked":"Whirlwind","floor":7},{"not_picked":["Clothesline","Sever Soul"],"picked":"Thunderclap","floor":11},{"not_picked":["Exhume","Immolate"],"picked":"Juggernaut","floor":16},{"not_picked":["Clash+1","Pommel Strike+1"],"picked":"Seeing Red","floor":18},{"not_picked":["Warcry+1","Sword Boomerang"],"picked":"Pommel Strike+1","floor":20},{"not_picked":["Shockwave+1","Burning Pact"],"picked":"Rampage+1","floor":23},{"not_picked":["Iron Wave","Spot Weakness"],"picked":"Disarm+1","floor":24},{"not_picked":["Flex","True Grit","Bloodletting"],"picked":"SKIP","floor":27},{"not_picked":["Flame Barrier","Armaments","Seeing Red"],"picked":"SKIP","floor":28},{"not_picked":["Anger+1","Heavy Blade+1","Searing Blow"],"picked":"SKIP","floor":29},{"not_picked":["Anger","Sword Boomerang","Clothesline"],"picked":"SKIP","floor":30}],"player_experience":102984,"relics_obtained":[{"floor":9,"key":"Self Forming Clay"},{"floor":13,"key":"StoneCalendar"},{"floor":22,"key":"Nilry\u0027s Codex"},{"floor":23,"key":"Girya"},{"floor":26,"key":"Ornamental Fan"},{"floor":27,"key":"Vajra"}],"event_choices":[{"damage_healed":0,"gold_gain":100,"player_choice":"Pray","damage_taken":0,"max_hp_gain":0,"max_hp_loss":0,"event_name":"Golden Shrine","floor":2,"gold_loss":0},{"damage_healed":0,"gold_gain":0,"player_choice":"1 cards matched","damage_taken":0,"max_hp_gain":0,"max_hp_loss":0,"event_name":"Match and Keep!","floor":14,"gold_loss":0,"cards_obtained":["Swift Strike"]},{"damage_healed":0,"gold_gain":0,"player_choice":"1 cards matched","damage_taken":0,"max_hp_gain":0,"max_hp_loss":0,"event_name":"Match and Keep!","floor":14,"gold_loss":0,"cards_obtained":["Swift Strike"]},{"damage_healed":0,"gold_gain":0,"player_choice":"Obtained Book","damage_taken":16,"max_hp_gain":0,"max_hp_loss":0,"event_name":"Cursed Tome","floor":22,"gold_loss":0}],"is_beta":false,"boss_relics":[{"not_picked":["Calling Bell","Pandora\u0027s Box"],"picked":"Velvet Choker"}],"items_purged_floors":[5,10,19],"is_endless":false,"potions_floor_spawned":[3,4,16,20,23,28,29],"killed_by":"Centurion and Healer","ascension_level":3}