{"gold_per_floor":[118,133,133,133,146,146,181,181,181,181,195,195,52,52,52,52],"floor_reached":16,"playtime":476,"items_purged":["Rupture"],"score":132,"play_id":"b7e81d2f-7c7a-4c94-a236-755a31af6c5e","local_time":"20190403002128","is_ascension_mode":true,"campfire_choices":[{"data":"Clash","floor":6,"key":"SMITH"},{"data":"Whirlwind","floor":8,"key":"SMITH"},{"data":"Bash","floor":10,"key":"SMITH"},{"data":"Thunderclap","floor":12,"key":"SMITH"},{"floor":15,"key":"REST"}],"neow_cost":"NONE","seed_source_timestamp":176291589691700,"circlet_count":0,"master_deck":["Strike_R","Strike_R","Strike_R","Strike_R","Defend_R","Defend_R","Defend_R","Defend_R","Bash+1","Clash+1","Iron Wave","Thunderclap+1","Whirlwind+1","Feed"],"relics":["Burning Blood","Meat on the Bone","Pantograph"],"potions_floor_usage":[],"damage_taken":[{"damage":0,"enemies":"Cultist","floor":1,"turns":3},{"damage":2,"enemies":"Jaw Worm","floor":2,"turns":4},{"damage":4,"enemies":"2 Louse","floor":5,"turns":4},{"damage":40,"enemies":"3 Sentries","floor":7,"turns":9},{"damage":8,"enemies":"Blue Slaver","floor":11,"turns":4},{"damage":91,"enemies":"Hexaghost","floor":16,"turns":12}],"seed_played":"-6885517952013421257","potions_obtained":[{"floor":2,"key":"Dexterity Potion"},{"floor":11,"key":"Strength Potion"}],"is_trial":false,"path_per_floor":["M","M","?","?","M","R","E","R","T","R","M","R","$","?","R","B"],"character_chosen":"IRONCLAD","items_purchased":["Feed"],"campfire_rested":1,"item_purchase_floors":[13],"current_hp_per_floor":[78,80,85,85,85,85,51,51,51,51,49,49,49,49,74,0],"gold":52,"neow_bonus":"THREE_CARDS","is_prod":false,"is_daily":false,"chose_seed":false,"campfire_upgraded":4,"win_rate":0,"timestamp":1554276088,"path_taken":["M","?","?","?","?","R","E","R","T","R","M","R","$","?","R","BOSS"],"build_version":"2019-01-23","purchased_purges":1,"victory":false,"max_hp_per_floor":[80,80,85,85,85,85,85,85,85,85,85,85,85,85,85,85],"card_choices":[{"not_picked":["Power Through","Shockwave"],"picked":"Clash","floor":0},{"not_picked":["Second Wind","Sword Boomerang"],"picked":"Iron Wave","floor":1},{"not_picked":["True Grit","Havoc"],"picked":"Thunderclap","floor":2},{"not_picked":["Clothesline","Armaments"],"picked":"Whirlwind","floor":5},{"not_picked":["Berserk","Wild Strike"],"picked":"Cleave","floor":7},{"not_picked":["Thunderclap","Havoc","Cleave"],"picked":"SKIP","floor":11}],"player_experience":297508,"relics_obtained":[{"floor":7,"key":"Meat on the Bone"},{"floor":9,"key":"Pantograph"}],"event_choices":[{"damage_healed":0,"gold_gain":0,"player_choice":"Donut","damage_taken":0,"max_hp_gain":5,"max_hp_loss":0,"event_name":"Big Fish","floor":3,"gold_loss":0},{"damage_healed":0,"gold_gain":0,"cards_transformed":["Strike_R"],"player_choice":"Transformed","damage_taken":0,"max_hp_gain":0,"max_hp_loss":0,"event_name":"Transmorgrifier","floor":4,"gold_loss":0,"cards_obtained":["Rupture"]},{"cards_removed":["Cleave"],"damage_healed":0,"gold_gain":0,"player_choice":"Card Removal","damage_taken":0,"max_hp_gain":0,"max_hp_loss":0,"event_name":"Wheel of Change","floor":14,"gold_loss":0}],"is_beta":false,"boss_relics":[],"items_purged_floors":[13],"is_endless":false,"potions_floor_spawned":[2,11],"killed_by":"Hexaghost","ascension_level":7}