{"gold_per_floor":[118,118,118,131,147,175,194,194,249,349,359,51,51,68,68,172,172,186,196,196,10,10,10,27,40,40,40,56,56,56,91,91,91],"floor_reached":33,"playtime":1065,"items_purged":[],"score":345,"play_id":"cd122d91-e71b-4e53-ab26-7373dab19b8f","local_time":"20190413171525","is_ascension_mode":true,"campfire_choices":[{"floor":8,"key":"REST"},{"floor":13,"key":"REST"},{"data":"Bane","floor":15,"key":"SMITH"},{"floor":23,"key":"REST"},{"floor":27,"key":"REST"},{"floor":30,"key":"REST"},{"floor":32,"key":"REST"}],"neow_cost":"CURSE","seed_source_timestamp":56906758052240,"circlet_count":0,"master_deck":["Defend_G","Defend_G","Defend_G","Defend_G","Defend_G","Strike_G","Strike_G","Strike_G+1","Strike_G","Strike_G","Survivor","Neutralize+1","Corpse Explosion","Poisoned Stab","Bane+1","Quick Slash","Crippling Poison","Well Laid Plans","After Image","Deadly Poison","Dash"],"relics":["Ring of the Snake","The Courier","Whetstone","Boot","Sling","Philosopher\u0027s Stone","Juzu Bracelet","MutagenicStrength","Paper Crane","Lantern"],"potions_floor_usage":[1,6,31,31,33],"damage_taken":[{"damage":1,"enemies":"2 Louse","floor":1,"turns":2},{"damage":0,"enemies":"Cultist","floor":4,"turns":3},{"damage":1,"enemies":"Small Slimes","floor":5,"turns":4},{"damage":27,"enemies":"Gremlin Nob","floor":6,"turns":4},{"damage":7,"enemies":"2 Fungi Beasts","floor":7,"turns":3},{"damage":3,"enemies":"Blue Slaver","floor":11,"turns":4},{"damage":11,"enemies":"Looter","floor":14,"turns":3},{"damage":28,"enemies":"The Guardian","floor":16,"turns":11},{"damage":28,"enemies":"Spheric Guardian","floor":18,"turns":6},{"damage":0,"enemies":"Chosen","floor":19,"turns":4},{"damage":10,"enemies":"Snake Plant","floor":24,"turns":4},{"damage":30,"enemies":"Snecko","floor":25,"turns":6},{"damage":24,"enemies":"Shelled Parasite and Fungi","floor":28,"turns":6},{"damage":20,"enemies":"Book of Stabbing","floor":31,"turns":6},{"damage":79,"enemies":"Champ","floor":33,"turns":10}],"seed_played":"-5097339739450909091","potions_obtained":[{"floor":1,"key":"Fruit Juice"},{"floor":4,"key":"SpeedPotion"},{"floor":5,"key":"PowerPotion"},{"floor":16,"key":"Strength Potion"},{"floor":18,"key":"Explosive Potion"}],"is_trial":false,"path_per_floor":["M","?","?","M","M","E","M","R","T","?","M","$","R","M","R","B",null,"M","M","?","$","?","R","M","M","T","R","M","?","R","E","R","B"],"character_chosen":"THE_SILENT","items_purchased":["Boot","Sling","Crippling Poison","Juzu Bracelet","Dash"],"campfire_rested":6,"item_purchase_floors":[12,12,12,21,21],"current_hp_per_floor":[74,79,79,79,78,51,44,68,68,68,65,65,80,69,69,41,80,52,52,37,37,37,62,52,22,22,47,23,23,48,28,53,0],"gold":91,"neow_bonus":"THREE_RARE_CARDS","is_prod":false,"is_daily":false,"chose_seed":false,"campfire_upgraded":1,"win_rate":0,"timestamp":1555190125,"path_taken":["M","?","?","M","M","E","M","R","T","?","M","$","R","?","R","BOSS","M","M","?","$","?","R","M","M","T","R","M","?","R","E","R","BOSS"],"build_version":"2019-01-23","purchased_purges":0,"victory":false,"max_hp_per_floor":[75,80,80,80,80,80,80,80,80,80,80,80,80,80,80,80,80,80,80,85,85,85,85,85,85,85,85,85,85,85,85,85,85],"card_choices":[{"not_picked":["A Thousand Cuts","Doppelganger"],"picked":"Corpse Explosion","floor":0},{"not_picked":["Cloak And Dagger","Underhanded Strike"],"picked":"Poisoned Stab","floor":1},{"not_picked":["Tactician","Flying Knee"],"picked":"Bane","floor":4},{"not_picked":["Cloak And Dagger","Malaise","PiercingWail"],"picked":"SKIP","floor":5},{"not_picked":["Flechettes","Outmaneuver","Masterful Stab"],"picked":"SKIP","floor":6},{"not_picked":["Deflect","Flying Knee","Outmaneuver"],"picked":"SKIP","floor":7},{"not_picked":["Slice","Backflip"],"picked":"Quick Slash","floor":11},{"not_picked":["Sucker Punch","Dagger Throw"],"picked":"Well Laid Plans","floor":14},{"not_picked":["Venomology","Malaise"],"picked":"After Image","floor":16},{"not_picked":["Skewer","Flying Knee","Deflect+1"],"picked":"SKIP","floor":18},{"not_picked":["Endless Agony","Bane"],"picked":"Deadly Poison","floor":19},{"not_picked":["Prepared+1","Acrobatics","Cloak And Dagger"],"picked":"SKIP","floor":24},{"not_picked":["Poisoned Stab","All Out Attack+1","Distraction"],"picked":"SKIP","floor":25},{"not_picked":["Sucker Punch","Bane","Eviscerate"],"picked":"SKIP","floor":28},{"not_picked":["Prepared","Escape Plan","Sucker Punch"],"picked":"SKIP","floor":31}],"player_experience":313106,"relics_obtained":[{"floor":6,"key":"The Courier"},{"floor":9,"key":"Whetstone"},{"floor":26,"key":"Paper Crane"},{"floor":31,"key":"Lantern"}],"event_choices":[{"damage_healed":0,"gold_gain":0,"player_choice":"Donut","damage_taken":0,"max_hp_gain":5,"max_hp_loss":0,"event_name":"Big Fish","floor":2,"gold_loss":0},{"cards_removed":["Pain"],"damage_healed":0,"gold_gain":0,"player_choice":"Forget","damage_taken":0,"max_hp_gain":0,"max_hp_loss":0,"event_name":"Living Wall","floor":3,"gold_loss":0},{"damage_healed":0,"gold_gain":100,"player_choice":"Pray","damage_taken":0,"max_hp_gain":0,"max_hp_loss":0,"event_name":"Golden Shrine","floor":10,"gold_loss":0},{"damage_healed":0,"gold_gain":0,"player_choice":"Shed Blood","damage_taken":20,"max_hp_gain":5,"max_hp_loss":0,"event_name":"Forgotten Altar","floor":20,"gold_loss":0},{"damage_healed":0,"gold_gain":0,"player_choice":"Inject Mutagens","damage_taken":0,"relics_obtained":["MutagenicStrength"],"max_hp_gain":0,"max_hp_loss":0,"event_name":"Drug Dealer","floor":22,"gold_loss":0}],"is_beta":false,"boss_relics":[{"not_picked":["Orrery","Astrolabe"],"picked":"Philosopher\u0027s Stone"}],"items_purged_floors":[],"is_endless":false,"potions_floor_spawned":[1,4,5,16,18,28],"killed_by":"Champ","ascension_level":4}