{"gold_per_floor":[116,133,133,145,70,70,100,118,118,118,137,37,66,77,77,174,174,194,194,212,230,230,230,250,250,301,301],"floor_reached":27,"playtime":3009,"items_purged":["Defend_B","Strike_B"],"score":265,"play_id":"6920c064-10af-4425-a04d-d4a6829102bb","local_time":"20190207114058","is_ascension_mode":false,"campfire_choices":[{"data":"Conserve Battery","floor":6,"key":"SMITH"},{"data":"Coolheaded","floor":10,"key":"SMITH"},{"floor":15,"key":"REST"},{"data":"Defragment","floor":23,"key":"SMITH"}],"neow_cost":"TEN_PERCENT_HP_LOSS","seed_source_timestamp":783232462467,"circlet_count":0,"master_deck":["Defend_B","Defend_B","Defend_B","Zap","Dualcast","White Noise","Coolheaded+1","Conserve Battery+1","Double Energy","Defragment+1","Barrage","Melter","Seek","Glacier","Cold Snap+1","Streamline"],"relics":["Cracked Core","Bag of Marbles","Orichalcum","Odd Mushroom","Busted Crown","Pantograph","Ancient Tea Set"],"potions_floor_usage":[7,16,19,19,24,27],"damage_taken":[{"damage":0,"enemies":"Small Slimes","floor":1,"turns":3},{"damage":1,"enemies":"Cultist","floor":2,"turns":5},{"damage":3,"enemies":"2 Louse","floor":4,"turns":2},{"damage":5,"enemies":"3 Sentries","floor":7,"turns":13},{"damage":19,"enemies":"Gremlin Gang","floor":8,"turns":6},{"damage":1,"enemies":"Large Slime","floor":11,"turns":7},{"damage":0,"enemies":"The Mushroom Lair","floor":13,"turns":2},{"damage":7,"enemies":"Blue Slaver","floor":14,"turns":4},{"damage":0,"enemies":"Slime Boss","floor":16,"turns":7},{"damage":12,"enemies":"2 Thieves","floor":18,"turns":4},{"damage":6,"enemies":"Colosseum Slavers","floor":19,"turns":4},{"damage":40,"enemies":"Colosseum Nobs","floor":19,"turns":5},{"damage":2,"enemies":"Shell Parasite","floor":20,"turns":5},{"damage":2,"enemies":"Shelled Parasite and Fungi","floor":21,"turns":8},{"damage":5,"enemies":"Centurion and Healer","floor":24,"turns":7},{"damage":2,"enemies":"Cultist and Chosen","floor":27,"turns":6}],"seed_played":"-4305432705689942122","potions_obtained":[{"floor":1,"key":"SmokeBomb"},{"floor":4,"key":"SkillPotion"},{"floor":7,"key":"Strength Potion"},{"floor":16,"key":"SpeedPotion"},{"floor":18,"key":"PowerPotion"},{"floor":21,"key":"Regen Potion"},{"floor":24,"key":"Weak Potion"}],"is_trial":false,"path_per_floor":["M","M","?","M","$","R","E","M","T","R","M","$","?","M","R","B",null,"M","?","M","M","?","R","M","?","T","M"],"character_chosen":"DEFECT","items_purchased":[],"campfire_rested":1,"item_purchase_floors":[],"current_hp_per_floor":[68,67,61,58,58,58,53,34,34,34,33,33,33,26,46,46,68,56,10,8,6,6,6,1,1,1,0],"gold":301,"neow_bonus":"REMOVE_TWO","is_prod":false,"is_daily":false,"chose_seed":false,"campfire_upgraded":3,"win_rate":0.0,"timestamp":1549568458,"path_taken":["M","M","?","M","$","R","E","?","T","R","M","$","?","M","R","BOSS","M","?","M","M","?","R","?","?","T","M"],"build_version":"2019-01-23","purchased_purges":2,"victory":false,"max_hp_per_floor":[68,68,68,68,68,68,68,68,68,68,68,68,68,68,68,68,68,68,68,68,68,68,68,68,68,68,68],"card_choices":[{"not_picked":["Conserve Battery","Sweeping Beam"],"picked":"White Noise","floor":1},{"not_picked":["Blizzard","Sweeping Beam"],"picked":"Coolheaded","floor":2},{"not_picked":["Go for the Eyes","Sweeping Beam"],"picked":"Conserve Battery","floor":4},{"not_picked":["Storm","Doom and Gloom"],"picked":"Double Energy","floor":7},{"not_picked":["Force Field","Coolheaded","Double Energy"],"picked":"SKIP","floor":8},{"not_picked":["Chill","Rainbow"],"picked":"Defragment","floor":11},{"not_picked":["Beam Cell","BootSequence"],"picked":"Barrage","floor":13},{"not_picked":["Sweeping Beam","Consume"],"picked":"Melter","floor":14},{"not_picked":["All For One","Thunder Strike"],"picked":"Seek","floor":16},{"not_picked":["BootSequence"],"picked":"SKIP","floor":18},{"not_picked":[],"picked":"Glacier","floor":20},{"not_picked":[],"picked":"Cold Snap+1","floor":21},{"not_picked":[],"picked":"Streamline","floor":24}],"player_experience":68595,"relics_obtained":[{"floor":7,"key":"Bag of Marbles"},{"floor":9,"key":"Orichalcum"},{"floor":13,"key":"Odd Mushroom"},{"floor":26,"key":"Ancient Tea Set"}],"event_choices":[{"damage_healed":0,"gold_gain":0,"player_choice":"Damaged","damage_taken":6,"max_hp_gain":0,"max_hp_loss":0,"event_name":"Wheel of Change","floor":3,"gold_loss":0},{"damage_healed":0,"gold_gain":0,"player_choice":"Fought Mushrooms","damage_taken":0,"max_hp_gain":0,"max_hp_loss":0,"event_name":"Mushrooms","floor":13,"gold_loss":0},{"damage_healed":0,"gold_gain":0,"player_choice":"Fight","damage_taken":0,"max_hp_gain":0,"max_hp_loss":0,"event_name":"Colosseum","floor":19,"gold_loss":0},{"damage_healed":0,"gold_gain":0,"player_choice":"Fought Nobs","damage_taken":0,"max_hp_gain":0,"max_hp_loss":0,"event_name":"Colosseum","floor":19,"gold_loss":0},{"damage_healed":0,"gold_gain":0,"player_choice":"Gave Potion","damage_taken":0,"relics_obtained":["Pantograph"],"max_hp_gain":0,"max_hp_loss":0,"event_name":"WeMeetAgain","floor":22,"gold_loss":0},{"cards_removed":["Strike_B"],"damage_healed":0,"gold_gain":0,"player_choice":"Elegance","damage_taken":0,"max_hp_gain":0,"max_hp_loss":0,"event_name":"Back to Basics","floor":25,"gold_loss":0}],"is_beta":false,"boss_relics":[{"not_picked":["Ectoplasm","Snecko Eye"],"picked":"Busted Crown"}],"items_purged_floors":[5,12],"is_endless":false,"potions_floor_spawned":[1,4,7,16,18,21,24],"killed_by":"Cultist and Chosen","ascension_level":0}