{"gold_per_floor":[119,139,139,149,149,149,214,214,214,227,14,31,31,63,63,166,166,186,286,297,37,48,48,59,59,59,79,97,0,0,14,14,119,119,133,146,71,71,91,91,103,103,103,115,115,132,146,164,164,164],"floor_reached":50,"playtime":4565,"items_purged":["Strike_R"],"score":525,"play_id":"fde92757-aa54-426e-b6eb-04ba8ba6c2ec","local_time":"20190706171513","is_ascension_mode":false,"campfire_choices":[{"data":"Anger","floor":6.0,"key":"SMITH"},{"data":"Bash","floor":8.0,"key":"SMITH"},{"floor":15.0,"key":"REST"},{"data":"Apotheosis","floor":23.0,"key":"SMITH"},{"floor":25.0,"key":"REST"},{"floor":30.0,"key":"REST"},{"floor":32.0,"key":"REST"},{"floor":40,"key":"REST"},{"floor":42,"key":"REST"},{"floor":49,"key":"REST"}],"neow_cost":"NONE","seed_source_timestamp":0,"circlet_count":0,"master_deck":["Strike_R","Strike_R","Strike_R","Strike_R","Defend_R","Defend_R","Defend_R","Defend_R","Bash+1","Perfected Strike","Rampage+1","Anger+1","Headbutt","Flame Barrier","Metallicize","Apotheosis+1","Iron Wave","Anger","Feed","Rampage","Anger","Anger+1","Anger","Feed","Iron Wave","Barricade","Perfected Strike+1","Metallicize","Shrug It Off+1","Headbutt+1","Blood for Blood+1"],"special_seed":0,"relics":["Black Blood","Happy Flower","Red Skull","Pen Nib","Runic Pyramid","Question Card","Self Forming Clay","Bottled Tornado","Sundial"],"potions_floor_usage":[50,50,50],"damage_taken":[{"damage":2.0,"enemies":"Small Slimes","floor":1.0,"turns":4.0},{"damage":6.0,"enemies":"Jaw Worm","floor":2.0,"turns":3.0},{"damage":9.0,"enemies":"2 Louse","floor":4.0,"turns":4.0},{"damage":22.0,"enemies":"3 Sentries","floor":7.0,"turns":6.0},{"damage":12.0,"enemies":"Blue Slaver","floor":10.0,"turns":2.0},{"damage":14.0,"enemies":"Red Slaver","floor":12.0,"turns":4.0},{"damage":15.0,"enemies":"3 Sentries","floor":14.0,"turns":8.0},{"damage":34.0,"enemies":"Hexaghost","floor":16.0,"turns":9.0},{"damage":18.0,"enemies":"Spheric Guardian","floor":18.0,"turns":4.0},{"damage":9.0,"enemies":"3 Byrds","floor":20.0,"turns":3.0},{"damage":12.0,"enemies":"Centurion and Healer","floor":22.0,"turns":6.0},{"damage":27.0,"enemies":"Shelled Parasite and Fungi","floor":24.0,"turns":7.0},{"damage":22.0,"enemies":"Sentry and Sphere","floor":27.0,"turns":7.0},{"damage":14.0,"enemies":"3 Cultists","floor":28.0,"turns":6.0},{"damage":24.0,"enemies":"Centurion and Healer","floor":31.0,"turns":7.0},{"damage":42.0,"enemies":"Collector","floor":33.0,"turns":15.0},{"damage":39.0,"enemies":"3 Darklings","floor":35.0,"turns":9.0},{"damage":32,"enemies":"Orb Walker","floor":36,"turns":5},{"damage":47,"enemies":"Writhing Mass","floor":39,"turns":7},{"damage":39,"enemies":"Transient","floor":41,"turns":5},{"damage":25,"enemies":"3 Darklings","floor":44,"turns":7},{"damage":28,"enemies":"Maw","floor":46,"turns":9},{"damage":15,"enemies":"4 Shapes","floor":47,"turns":4},{"damage":25,"enemies":"Jaw Worm Horde","floor":48,"turns":5},{"damage":64,"enemies":"Awakened One","floor":50,"turns":5}],"seed_played":"2972800997441716890","potions_obtained":[{"floor":1.0,"key":"Poison Potion"},{"floor":4.0,"key":"Weak Potion"},{"floor":10.0,"key":"SpeedPotion"},{"floor":14.0,"key":"EssenceOfSteel"},{"floor":20.0,"key":"Block Potion"},{"floor":46,"key":"LiquidBronze"}],"is_trial":false,"path_per_floor":["M","M","?","M","?","R","?","R","T","M","$","M","$","E","R","B",null,"M","?","M","$","M","R","M","R","T","M","M","?","R","M","R","B",null,"M","M","$","?","M","R","M","R","T","M","?","M","M","M","R","B"],"character_chosen":"IRONCLAD","items_purchased":["Metallicize","Apotheosis","Question Card"],"campfire_rested":7,"item_purchase_floors":[11,11,21],"current_hp_per_floor":[88,88,88,85,90,90,74,74,74,68,68,60,60,51,78,50,93,81,81,78,78,76,76,58,88,88,72,68,68,99,88,111,75,111,86,64,64,64,27,61,32,66,66,55,55,41,39,24,61,0],"gold":164,"neow_bonus":"TEN_PERCENT_HP_BONUS","is_prod":false,"is_daily":false,"chose_seed":false,"campfire_upgraded":3,"win_rate":0.0,"timestamp":1562454913,"path_taken":["M","M","?","M","?","R","?","R","T","M","?","M","$","E","R","BOSS","M","?","M","$","M","R","?","R","T","M","M","?","R","M","R","BOSS","M","M","$","?","M","R","M","R","T","M","?","?","M","M","R","BOSS"],"build_version":"2019-07-05","purchased_purges":1,"victory":false,"max_hp_per_floor":[88,88,88,88,93,93,93,93,93,93,93,93,93,93,93,93,93,93,93,93,93,97,97,100,100,100,100,104,104,104,111,111,111,111,115,115,115,115,115,115,115,115,115,119,119,123,126,126,126,129],"card_choices":[{"not_picked":["Entrench","Armaments"],"picked":"Perfected Strike","floor":1.0},{"not_picked":["True Grit","Shrug It Off"],"picked":"Rampage","floor":2.0},{"not_picked":["Fire Breathing","Sever Soul"],"picked":"Anger","floor":4.0},{"not_picked":["Bloodletting","Body Slam"],"picked":"Headbutt","floor":7.0},{"not_picked":["Twin Strike","Flex"],"picked":"Flame Barrier","floor":10.0},{"not_picked":["Cleave","True Grit"],"picked":"Iron Wave","floor":12.0},{"not_picked":["Clash","Intimidate"],"picked":"Anger","floor":14.0},{"not_picked":["Bludgeon","Impervious"],"picked":"Feed","floor":16.0},{"not_picked":["True Grit","Rupture"],"picked":"Rampage","floor":18.0},{"not_picked":["Dual Wield","Feel No Pain"],"picked":"Anger","floor":20.0},{"not_picked":["Body Slam+1","Pommel Strike","Pummel+1","Cleave"],"picked":"SKIP","floor":22.0},{"not_picked":["Reckless Charge","Dropkick","Spot Weakness"],"picked":"Anger+1","floor":24.0},{"not_picked":["Shockwave+1","Shrug It Off","Infernal Blade+1"],"picked":"Anger","floor":27.0},{"not_picked":["Disarm","True Grit","Hemokinesis"],"picked":"Feed","floor":28.0},{"not_picked":["Shrug It Off","Body Slam","Cleave"],"picked":"Iron Wave","floor":31.0},{"not_picked":["Fiend Fire","Offering","Reaper"],"picked":"Barricade","floor":33.0},{"not_picked":["Body Slam+1","Cleave","Burning Pact"],"picked":"Perfected Strike+1","floor":35},{"not_picked":["Thunderclap+1","Armaments","True Grit"],"picked":"Metallicize","floor":36},{"not_picked":["Body Slam+1","Anger+1","Sword Boomerang+1"],"picked":"Shrug It Off+1","floor":39},{"not_picked":["Limit Break","Clash+1","Carnage","Body Slam"],"picked":"SKIP","floor":41},{"not_picked":["True Grit+1","Flex","Perfected Strike+1"],"picked":"Headbutt+1","floor":44},{"not_picked":["Pummel+1","Seeing Red","Clash"],"picked":"Blood for Blood+1","floor":46},{"not_picked":["Armaments","Rupture","Hemokinesis","Headbutt+1"],"picked":"SKIP","floor":47},{"not_picked":["Twin Strike+1","True Grit","Warcry+1","Brutality"],"picked":"SKIP","floor":48}],"player_experience":20565,"relics_obtained":[{"floor":7.0,"key":"Happy Flower"},{"floor":9.0,"key":"Red Skull"},{"floor":14.0,"key":"Pen Nib"},{"floor":26.0,"key":"Self Forming Clay"},{"floor":43,"key":"Bottled Tornado"}],"event_choices":[{"damage_healed":0.0,"max_hp_gain":0.0,"max_hp_loss":0.0,"gold_gain":0.0,"event_name":"Living Wall","player_choice":"Grow","floor":3.0,"gold_loss":0.0,"damage_taken":0.0,"cards_upgraded":["Rampage"]},{"damage_healed":0.0,"max_hp_gain":5.0,"max_hp_loss":0.0,"gold_gain":0.0,"event_name":"Big Fish","player_choice":"Donut","floor":5.0,"gold_loss":0.0,"damage_taken":0.0},{"damage_healed":0.0,"max_hp_gain":0.0,"max_hp_loss":0.0,"gold_gain":30.0,"event_name":"Dead Adventurer","player_choice":"Searched \u00273\u0027 times","floor":7.0,"gold_loss":0.0,"damage_taken":0.0},{"damage_healed":0.0,"max_hp_gain":0.0,"max_hp_loss":0.0,"gold_gain":100.0,"event_name":"Golden Shrine","player_choice":"Pray","floor":19.0,"gold_loss":0.0,"damage_taken":0.0},{"damage_healed":0.0,"max_hp_gain":0.0,"max_hp_loss":0.0,"gold_gain":0.0,"event_name":"Masked Bandits","player_choice":"Paid Fearfully","floor":29.0,"gold_loss":97.0,"damage_taken":0.0},{"damage_healed":0,"gold_gain":0,"player_choice":"Ignored","damage_taken":0,"max_hp_gain":0,"max_hp_loss":0,"event_name":"Mysterious Sphere","floor":38,"gold_loss":0},{"damage_healed":0,"gold_gain":0,"player_choice":"Gave Potion","damage_taken":0,"relics_obtained":["Sundial"],"max_hp_gain":0,"max_hp_loss":0,"event_name":"WeMeetAgain","floor":45,"gold_loss":0}],"is_beta":false,"boss_relics":[{"not_picked":["Philosopher\u0027s Stone","Snecko Eye"],"picked":"Runic Pyramid"},{"not_picked":["Astrolabe","Tiny House"],"picked":"Black Blood"}],"items_purged_floors":[37],"is_endless":false,"potions_floor_spawned":[1,4,10,14,20,22,28,31,39,46],"killed_by":"Awakened One","ascension_level":0}