{"gold_per_floor":[112,112,112,191,203,203,221,221,221,158,170,182,209,239,251,337,349,375,257,275,175,175,201,201,201,201,201,48,48,58,58,58,58],"floor_reached":33,"playtime":1089,"items_purged":["Strike_R","Strike_R","Strike_R"],"score":502,"play_id":"492fe43c-fd17-4a83-80ce-8b3018e2c8ef","local_time":"20190801172739","is_ascension_mode":true,"campfire_choices":[{"data":"Body Slam","floor":6.0,"key":"SMITH"},{"data":"Immolate","floor":8.0,"key":"SMITH"},{"data":"Bash","floor":11.0,"key":"SMITH"},{"data":"Flex","floor":15.0,"key":"SMITH"},{"floor":24.0,"key":"REST"},{"data":"Flex","floor":27.0,"key":"SMITH"},{"data":"Sword Boomerang","floor":29.0,"key":"SMITH"},{"data":"Sword Boomerang","floor":32.0,"key":"SMITH"}],"neow_cost":"NONE","seed_source_timestamp":0,"circlet_count":0,"master_deck":["AscendersBane","Defend_R","Defend_R","Defend_R","Defend_R","Bash+1","Immolate+1","Flex+1","Whirlwind","Feed","Sword Boomerang+1","Flex+1","Sword Boomerang+1"],"special_seed":0,"relics":["Burning Blood","Mercury Hourglass","MawBank","Busted Crown","Pen Nib","Pantograph"],"potions_floor_usage":[33],"damage_taken":[{"damage":7.0,"enemies":"Jaw Worm","floor":1.0,"turns":2.0},{"damage":5.0,"enemies":"Small Slimes","floor":5.0,"turns":2.0},{"damage":0.0,"enemies":"2 Louse","floor":7.0,"turns":1.0},{"damage":0.0,"enemies":"Looter","floor":13.0,"turns":2.0},{"damage":0.0,"enemies":"Exordium Wildlife","floor":14.0,"turns":1.0},{"damage":19.0,"enemies":"Slime Boss","floor":16.0,"turns":7.0},{"damage":0.0,"enemies":"3 Byrds","floor":18.0,"turns":2.0},{"damage":42.0,"enemies":"Shell Parasite","floor":20.0,"turns":4.0},{"damage":39.0,"enemies":"Book of Stabbing","floor":23.0,"turns":4.0},{"damage":0.0,"enemies":"Snecko","floor":30.0,"turns":2.0},{"damage":97,"enemies":"Automaton","floor":33,"turns":6}],"seed_played":"2082170308886592718","potions_obtained":[{"floor":1.0,"key":"SmokeBomb"},{"floor":13.0,"key":"Ancient Potion"},{"floor":14.0,"key":"Strength Potion"},{"floor":23.0,"key":"LiquidBronze"}],"is_trial":false,"path_per_floor":["M","?","?","T","M","R","M","R","T","?","R","$","M","M","R","B",null,"M","$","M","$","?","E","R","?","T","R","$","R","M","?","R","B"],"character_chosen":"IRONCLAD","items_purchased":["Sword Boomerang","Sword Boomerang"],"campfire_rested":1,"item_purchase_floors":[19,28],"current_hp_per_floor":[67,67,60,60,61,61,67,67,67,67,67,67,73,75,75,62,72,78,78,45,45,45,12,36,36,36,36,36,36,42,42,42,0],"gold":58,"neow_bonus":"ONE_RANDOM_RARE_CARD","is_prod":false,"is_daily":false,"chose_seed":false,"campfire_upgraded":7,"win_rate":0,"timestamp":1564705659,"path_taken":["M","?","?","?","M","R","M","R","T","?","R","?","?","M","R","BOSS","M","$","M","$","?","E","R","?","T","R","$","R","M","?","R","BOSS"],"build_version":"2019-07-17","purchased_purges":3,"victory":false,"max_hp_per_floor":[75,75,75,75,75,75,75,75,75,75,75,75,75,75,75,75,75,78,78,81,81,81,81,81,81,81,81,81,81,81,81,81,81],"card_choices":[{"not_picked":["Second Wind","Dual Wield","Rupture"],"picked":"SKIP","floor":1.0},{"not_picked":["Cleave","Clash"],"picked":"Body Slam","floor":5.0},{"not_picked":["Iron Wave","Fire Breathing","Anger"],"picked":"SKIP","floor":7.0},{"not_picked":["Warcry","Entrench"],"picked":"Flex","floor":13.0},{"not_picked":["Second Wind","Wild Strike"],"picked":"Whirlwind","floor":14.0},{"not_picked":["Demon Form","Bludgeon"],"picked":"Feed","floor":16.0},{"not_picked":["Anger"],"picked":"SKIP","floor":18.0},{"not_picked":["Body Slam"],"picked":"SKIP","floor":20.0},{"not_picked":["Cleave"],"picked":"SKIP","floor":23.0},{"not_picked":["Perfected Strike"],"picked":"SKIP","floor":30.0}],"player_experience":494691,"relics_obtained":[{"floor":4.0,"key":"Mercury Hourglass"},{"floor":9.0,"key":"MawBank"},{"floor":23.0,"key":"Pen Nib"},{"floor":26.0,"key":"Pantograph"}],"event_choices":[{"damage_healed":0.0,"max_hp_gain":0.0,"max_hp_loss":0.0,"gold_gain":0.0,"event_name":"Liars Game","player_choice":"Ignored","floor":2.0,"gold_loss":0.0,"damage_taken":0.0},{"cards_removed":["Strike_R"],"damage_healed":0.0,"max_hp_gain":0.0,"max_hp_loss":0.0,"gold_gain":0.0,"event_name":"Golden Wing","player_choice":"Card Removal","floor":3.0,"gold_loss":0.0,"damage_taken":7.0},{"cards_removed":["Strike_R"],"damage_healed":0.0,"max_hp_gain":0.0,"max_hp_loss":0.0,"gold_gain":0.0,"event_name":"The Cleric","player_choice":"Card Removal","floor":10.0,"gold_loss":75.0,"damage_taken":0.0},{"damage_healed":0.0,"max_hp_gain":0.0,"max_hp_loss":0.0,"gold_gain":0.0,"event_name":"Ghosts","player_choice":"Ignored","floor":22.0,"gold_loss":0.0,"damage_taken":0.0},{"damage_healed":0.0,"max_hp_gain":0.0,"max_hp_loss":0.0,"gold_gain":0.0,"event_name":"The Library","player_choice":"Read","floor":25.0,"gold_loss":0.0,"damage_taken":0.0,"cards_obtained":["Flex"]},{"cards_removed":["Body Slam"],"damage_healed":0.0,"max_hp_gain":0.0,"max_hp_loss":0.0,"gold_gain":0.0,"event_name":"Back to Basics","player_choice":"Elegance","floor":31.0,"gold_loss":0.0,"damage_taken":0.0}],"is_beta":false,"boss_relics":[{"not_picked":["Black Star","Mark of Pain"],"picked":"Busted Crown"}],"items_purged_floors":[19,21,28],"is_endless":false,"potions_floor_spawned":[1,13,14,16,23],"killed_by":"Automaton","ascension_level":20}