{"gold_per_floor":[210,210,12,23,43,43,62,78,78,105,30,91,91,101,101,199,249,224,149,174,194,94,94,105,105,105,124,124,76,92,92,92,92],"floor_reached":33,"playtime":1467,"items_purged":["Strike_G","Strike_G"],"score":296,"play_id":"53651801-5f31-4155-89c0-edffd15739c6","local_time":"20190404141425","is_ascension_mode":true,"campfire_choices":[{"data":"Finisher","floor":6,"key":"SMITH"},{"floor":15,"key":"REST"},{"floor":23,"key":"REST"},{"floor":25,"key":"REST"},{"floor":32,"key":"REST"}],"neow_cost":"NONE","seed_source_timestamp":50685121117200,"circlet_count":0,"master_deck":["Defend_G","Defend_G","Defend_G","Defend_G","Strike_G+1","Survivor","Neutralize","Backflip","Blade Dance+1","Finisher+1","Cloak And Dagger","Finisher","Grand Finale","After Image","Cloak And Dagger","Blade Dance","Terror","Cloak And Dagger","A Thousand Cuts"],"relics":["Ring of the Snake","Chemical X","Art of War","Potion Belt","Question Card","Tiny House","Red Mask","Shuriken","Oddly Smooth Stone"],"potions_floor_usage":[10,16,20,24,33,33,33],"damage_taken":[{"damage":0,"enemies":"2 Louse","floor":1,"turns":4},{"damage":2,"enemies":"Jaw Worm","floor":4,"turns":8},{"damage":0,"enemies":"Small Slimes","floor":5,"turns":3},{"damage":23,"enemies":"Exordium Wildlife","floor":7,"turns":6},{"damage":1,"enemies":"Looter","floor":8,"turns":3},{"damage":8,"enemies":"Lagavulin","floor":10,"turns":5},{"damage":15,"enemies":"3 Sentries","floor":12,"turns":6},{"damage":2,"enemies":"Red Slaver","floor":14,"turns":3},{"damage":36,"enemies":"The Guardian","floor":16,"turns":17},{"damage":23,"enemies":"2 Thieves","floor":18,"turns":5},{"damage":13,"enemies":"Masked Bandits","floor":20,"turns":4},{"damage":16,"enemies":"Spheric Guardian","floor":21,"turns":4},{"damage":25,"enemies":"Snake Plant","floor":24,"turns":4},{"damage":13,"enemies":"Shelled Parasite and Fungi","floor":27,"turns":9},{"damage":11,"enemies":"Centurion and Healer","floor":30,"turns":6},{"damage":56,"enemies":"Automaton","floor":33,"turns":6}],"seed_played":"6145536475367572992","potions_obtained":[{"floor":5,"key":"Swift Potion"},{"floor":8,"key":"Strength Potion"},{"floor":10,"key":"FearPotion"},{"floor":17,"key":"EssenceOfSteel"},{"floor":20,"key":"Poison Potion"},{"floor":27,"key":"Poison Potion"}],"is_trial":false,"path_per_floor":["M","?","$","M","M","R","M","M","T","E","$","?","?","M","R","B",null,"M","?","?","M","$","R","M","R","T","M","T","$","M","?","R","B"],"character_chosen":"THE_SILENT","items_purchased":["Chemical X","PowerPotion"],"campfire_rested":4,"item_purchase_floors":[3,29],"current_hp_per_floor":[70,70,70,68,68,68,45,44,44,36,36,21,21,19,40,4,75,52,52,39,23,23,45,20,42,42,29,29,29,18,18,40,0],"gold":92,"neow_bonus":"HUNDRED_GOLD","is_prod":false,"is_daily":false,"chose_seed":false,"campfire_upgraded":1,"win_rate":0,"timestamp":1554412465,"path_taken":["M","?","$","M","M","R","M","M","T","E","$","?","?","?","R","BOSS","M","?","?","M","?","R","M","R","T","?","?","$","M","?","R","BOSS"],"build_version":"2019-01-23","purchased_purges":2,"victory":false,"max_hp_per_floor":[70,70,70,70,70,70,70,70,70,70,70,70,70,70,70,70,75,75,75,75,75,75,75,75,75,75,75,75,75,75,75,75,75],"card_choices":[{"not_picked":["Blade Dance","Prepared"],"picked":"Backflip","floor":1},{"not_picked":["Poisoned Stab","Burst"],"picked":"Blade Dance","floor":4},{"not_picked":["Slice","Deflect"],"picked":"Finisher","floor":5},{"not_picked":["Dagger Throw","Quick Slash"],"picked":"Cloak And Dagger","floor":7},{"not_picked":["Deadly Poison","Wraith Form v2"],"picked":"Finisher","floor":8},{"not_picked":["Deadly Poison","Dagger Spray"],"picked":"Grand Finale","floor":10},{"not_picked":["Blade Dance","Dodge and Roll","Grand Finale","Deadly Poison"],"picked":"SKIP","floor":14},{"not_picked":["Tools of the Trade","Corpse Explosion","Wraith Form v2"],"picked":"After Image","floor":16},{"not_picked":["PiercingWail","Dagger Spray","Accuracy"],"picked":"Cloak And Dagger","floor":17},{"not_picked":["Dagger Spray","Underhanded Strike","Expertise","PiercingWail+1"],"picked":"SKIP","floor":18},{"not_picked":["All Out Attack","Underhanded Strike","Tactician"],"picked":"Blade Dance","floor":20},{"not_picked":["Flechettes+1","Concentrate+1","Deflect"],"picked":"Terror","floor":21},{"not_picked":["Endless Agony","Slice","Quick Slash","Choke"],"picked":"SKIP","floor":24},{"not_picked":["Poisoned Stab","All Out Attack","Flechettes+1"],"picked":"Cloak And Dagger","floor":27},{"not_picked":["Bane","Dagger Spray+1","Slice"],"picked":"A Thousand Cuts","floor":30}],"player_experience":304922,"relics_obtained":[{"floor":9,"key":"Art of War"},{"floor":10,"key":"Potion Belt"},{"floor":12,"key":"Question Card"},{"floor":20,"key":"Red Mask"},{"floor":26,"key":"Shuriken"},{"floor":28,"key":"Oddly Smooth Stone"}],"event_choices":[{"cards_removed":["Strike_G"],"damage_healed":0,"gold_gain":0,"player_choice":"Forget","damage_taken":0,"max_hp_gain":0,"max_hp_loss":0,"event_name":"Living Wall","floor":2,"gold_loss":0},{"damage_healed":0,"gold_gain":0,"player_choice":"Searched \u00271\u0027 times","damage_taken":0,"max_hp_gain":0,"max_hp_loss":0,"event_name":"Dead Adventurer","floor":12,"gold_loss":0},{"damage_healed":0,"gold_gain":0,"player_choice":"Forge","damage_taken":0,"max_hp_gain":0,"max_hp_loss":0,"event_name":"Accursed Blacksmith","floor":13,"gold_loss":0,"cards_upgraded":["Blade Dance"]},{"cards_removed":["Strike_G"],"damage_healed":0,"gold_gain":0,"player_choice":"Gave Gold","damage_taken":0,"max_hp_gain":0,"max_hp_loss":0,"event_name":"Beggar","floor":19,"gold_loss":75},{"damage_healed":0,"gold_gain":0,"player_choice":"Fought Bandits","damage_taken":0,"max_hp_gain":0,"max_hp_loss":0,"event_name":"Masked Bandits","floor":20,"gold_loss":0},{"cards_removed":["Defend_G"],"damage_healed":0,"gold_gain":0,"player_choice":"Elegance","damage_taken":0,"max_hp_gain":0,"max_hp_loss":0,"event_name":"Back to Basics","floor":31,"gold_loss":0}],"is_beta":false,"boss_relics":[{"not_picked":["Coffee Dripper","Runic Dome"],"picked":"Tiny House"}],"items_purged_floors":[11,22],"is_endless":false,"potions_floor_spawned":[5,8,10,20,27],"killed_by":"Automaton","ascension_level":4}