{"gold_per_floor":[110,110,110,60,75,110,110,125,125,143,143,143,143,158,158,158],"floor_reached":16,"playtime":924,"items_purged":[],"score":110,"play_id":"4c3b6e69-0f07-46eb-979d-953c1454ab44","local_time":"20180719175057","is_ascension_mode":true,"campfire_choices":[{"data":"Searing Blow","floor":11.0,"key":"SMITH"},{"data":"Searing Blow+1","floor":13.0,"key":"SMITH"},{"floor":15,"key":"REST"}],"neow_cost":"NONE","seed_source_timestamp":755461692624571,"circlet_count":0,"master_deck":["Strike_R","Strike_R","Strike_R+1","Strike_R+1","Defend_R","Defend_R","Defend_R","Defend_R","Bash","Shrug It Off","Searing Blow+2","Battle Trance","Uppercut","Iron Wave","Exhume"],"special_seed":0,"relics":["Burning Blood","Whetstone","Champion Belt","Ornamental Fan","Darkstone Periapt"],"potions_floor_usage":[16],"damage_taken":[{"damage":1.0,"enemies":"2 Louse","floor":1.0,"turns":2.0},{"damage":4.0,"enemies":"Small Slimes","floor":5.0,"turns":3.0},{"damage":41.0,"enemies":"Lagavulin","floor":6.0,"turns":8.0},{"damage":2.0,"enemies":"Jaw Worm","floor":8.0,"turns":4.0},{"damage":3.0,"enemies":"Looter","floor":10.0,"turns":3.0},{"damage":19.0,"enemies":"Gremlin Gang","floor":14.0,"turns":5.0},{"damage":75,"enemies":"Slime Boss","floor":16,"turns":10}],"seed_played":"-8648998863204799338","potions_obtained":[{"floor":1.0,"key":"SkillPotion"},{"floor":10.0,"key":"Weak Potion"}],"is_trial":false,"path_per_floor":["M","?","?","?","M","E","T","M","T","M","R","?","R","M","R"],"character_chosen":"IRONCLAD","items_purchased":[],"campfire_rested":1,"item_purchase_floors":[],"current_hp_per_floor":[80,85,85,85,85,50,50,54,54,57,57,57,57,44,69,0],"gold":158,"neow_bonus":"RANDOM_COMMON_RELIC","is_prod":false,"is_daily":false,"chose_seed":false,"campfire_upgraded":2,"win_rate":0,"timestamp":1532019057,"path_taken":["M","?","?","?","M","E","?","M","T","?","R","?","R","M","R","BOSS"],"build_version":"2018-07-12","purchased_purges":0,"victory":false,"max_hp_per_floor":[80,85,85,85,85,85,85,85,85,85,85,85,85,85,85,85],"card_choices":[{"not_picked":["Blood for Blood","Body Slam"],"picked":"Shrug It Off","floor":1.0},{"not_picked":["Perfected Strike","Thunderclap"],"picked":"Searing Blow","floor":5.0},{"not_picked":["Entrench","Power Through"],"picked":"Battle Trance","floor":6.0},{"not_picked":["Carnage","Intimidate"],"picked":"Uppercut","floor":8.0},{"not_picked":["Hemokinesis","Heavy Blade"],"picked":"Iron Wave","floor":10.0},{"not_picked":["Body Slam","True Grit"],"picked":"Exhume","floor":14.0}],"player_experience":405974,"relics_obtained":[{"floor":6.0,"key":"Champion Belt"},{"floor":7.0,"key":"Ornamental Fan"},{"floor":9.0,"key":"Darkstone Periapt"}],"event_choices":[{"event_name":"Big Fish","player_choice":"Donut","floor":2.0,"damage_taken":0.0},{"event_name":"Wheel of Change","player_choice":"Full Heal","floor":3.0,"damage_taken":0.0},{"event_name":"The Cleric","player_choice":"Card Removal","floor":4.0,"damage_taken":0.0},{"event_name":"Golden Idol","player_choice":"Ignored","floor":12.0,"damage_taken":0.0}],"boss_relics":[],"items_purged_floors":[],"is_endless":false,"potions_floor_spawned":[1,10],"killed_by":"Slime Boss","ascension_level":2}