{"gold_per_floor":[116,131,144,37,55,85,85,96,96,130,130,130,130,153,153,278,278,293,293,308,327,327,327],"floor_reached":23,"playtime":2140,"items_purged":[],"score":305,"play_id":"6f112ab2-a125-4abc-b45d-054889851842","local_time":"20190204181039","is_ascension_mode":true,"campfire_choices":[{"data":"Neutralize","floor":7.0,"key":"SMITH"},{"floor":12.0,"key":"REST"},{"floor":15.0,"key":"REST"}],"neow_cost":"NONE","seed_source_timestamp":0,"circlet_count":0,"master_deck":["AscendersBane","Defend_G","Defend_G","Defend_G","Defend_G","Defend_G","Strike_G","Strike_G","Strike_G","Strike_G","Strike_G","Survivor","Neutralize+1","Terror","Escape Plan","Cloak And Dagger","Footwork","Dash","Footwork","Noxious Fumes","Calculated Gamble","Leg Sweep","Cloak And Dagger","Envenom","Deflect+1","PiercingWail+1","Blur"],"special_seed":0,"relics":["Ring of the Snake","NeowsBlessing","Bottled Tornado","Juzu Bracelet","Omamori","Golden Idol","Darkstone Periapt","Sozu"],"potions_floor_usage":[],"damage_taken":[{"damage":0.0,"enemies":"Jaw Worm","floor":1.0,"turns":1.0},{"damage":0.0,"enemies":"Small Slimes","floor":2.0,"turns":1.0},{"damage":0.0,"enemies":"Cultist","floor":3.0,"turns":1.0},{"damage":5.0,"enemies":"Large Slime","floor":5.0,"turns":9.0},{"damage":29.0,"enemies":"Gremlin Nob","floor":6.0,"turns":6.0},{"damage":9.0,"enemies":"Exordium Wildlife","floor":8.0,"turns":7.0},{"damage":6.0,"enemies":"Lagavulin","floor":10.0,"turns":7.0},{"damage":6.0,"enemies":"Looter","floor":14.0,"turns":4.0},{"damage":30.0,"enemies":"Slime Boss","floor":16.0,"turns":16.0},{"damage":8.0,"enemies":"Shell Parasite","floor":18.0,"turns":8.0},{"damage":10.0,"enemies":"Chosen","floor":20.0,"turns":8.0},{"damage":21.0,"enemies":"3 Cultists","floor":21.0,"turns":9.0},{"damage":26,"enemies":"Slavers","floor":23,"turns":5}],"seed_played":"8853207838175213387","potions_obtained":[{"floor":1.0,"key":"EssenceOfSteel"},{"floor":3.0,"key":"Weak Potion"},{"floor":5.0,"key":"Regen Potion"},{"floor":10.0,"key":"FearPotion"},{"floor":16.0,"key":"SkillPotion"}],"is_trial":false,"path_per_floor":["M","M","M","$","M","E","R","M","T","E","?","R","?","M","R","B",null,"M","?","M","M","?","E"],"character_chosen":"THE_SILENT","items_purchased":["Footwork","Dash"],"campfire_rested":2,"item_purchase_floors":[4,4],"current_hp_per_floor":[63,63,63,63,58,44,44,35,35,29,29,50,47,41,62,32,61,53,53,43,22,22,0],"gold":327,"neow_bonus":"THREE_ENEMY_KILL","is_prod":false,"is_daily":false,"chose_seed":false,"campfire_upgraded":1,"win_rate":0,"timestamp":1549303839,"path_taken":["M","M","M","$","M","E","R","M","T","E","?","R","?","M","R","BOSS","M","?","M","M","?","E"],"build_version":"2019-01-23","purchased_purges":0,"victory":false,"max_hp_per_floor":[70,70,70,70,70,70,70,70,70,70,70,70,70,70,70,70,70,70,70,70,70,70,70],"card_choices":[{"not_picked":["Cloak And Dagger","Calculated Gamble"],"picked":"Terror","floor":1.0},{"not_picked":["Dodge and Roll","Underhanded Strike"],"picked":"Escape Plan","floor":2.0},{"not_picked":["Endless Agony","Eviscerate"],"picked":"Cloak And Dagger","floor":3.0},{"not_picked":["Eviscerate","Catalyst"],"picked":"Footwork","floor":5.0},{"not_picked":["Crippling Poison","Leg Sweep"],"picked":"Noxious Fumes","floor":6.0},{"not_picked":["Terror","Acrobatics"],"picked":"Calculated Gamble","floor":8.0},{"not_picked":["Choke","Dash"],"picked":"Leg Sweep","floor":10.0},{"not_picked":["Underhanded Strike","Expertise"],"picked":"Cloak And Dagger","floor":14.0},{"not_picked":["Die Die Die","Doppelganger"],"picked":"Envenom","floor":16.0},{"not_picked":["Dodge and Roll","Slice"],"picked":"Deflect+1","floor":18.0},{"not_picked":["Sucker Punch+1","Dagger Spray+1"],"picked":"PiercingWail+1","floor":20.0},{"not_picked":["Riddle With Holes+1","Escape Plan+1"],"picked":"Blur","floor":21.0}],"player_experience":1110772,"relics_obtained":[{"floor":6.0,"key":"Bottled Tornado"},{"floor":9.0,"key":"Juzu Bracelet"},{"floor":10.0,"key":"Omamori"}],"event_choices":[{"damage_healed":0.0,"max_hp_gain":0.0,"max_hp_loss":0.0,"gold_gain":0.0,"event_name":"Golden Idol","player_choice":"Take Wound","floor":11.0,"gold_loss":0.0,"damage_taken":0.0,"relics_obtained":["Golden Idol"],"cards_obtained":["Injury"]},{"damage_healed":0.0,"max_hp_gain":0.0,"max_hp_loss":0.0,"gold_gain":0.0,"event_name":"Scrap Ooze","player_choice":"Success","floor":13.0,"gold_loss":0.0,"damage_taken":3.0,"relics_obtained":["Darkstone Periapt"]},{"damage_healed":0.0,"max_hp_gain":0.0,"max_hp_loss":0.0,"gold_gain":0.0,"event_name":"Ghosts","player_choice":"Ignored","floor":19.0,"gold_loss":0.0,"damage_taken":0.0},{"damage_healed":0.0,"max_hp_gain":0.0,"max_hp_loss":0.0,"gold_gain":0.0,"event_name":"Lab","player_choice":"Got Potions","floor":22.0,"gold_loss":0.0,"damage_taken":0.0}],"is_beta":false,"boss_relics":[{"not_picked":["Runic Pyramid","Lizard Tail"],"picked":"Sozu"}],"items_purged_floors":[],"is_endless":false,"potions_floor_spawned":[1,3,5,10,16,18,21],"killed_by":"Slavers","ascension_level":10}