{"gold_per_floor":[212,312,53,73,86,86,97,117,140,153,168,68,68,68,68,170,170,183,183,58,47,47,64,64,83,83,100,100,115,115,115,115,220,220,232,252,264,283,283],"floor_reached":39,"playtime":1917,"items_purged":["Strike_B","Strike_B","Strike_B"],"score":518,"play_id":"5dd71b5f-fd9a-414f-aede-28b484f3ed6d","local_time":"20190610234135","is_ascension_mode":true,"campfire_choices":[{"data":"Dualcast","floor":6,"key":"SMITH"},{"data":"Glacier","floor":13,"key":"SMITH"},{"floor":15,"key":"REST"},{"data":"Fission","floor":24,"key":"SMITH"},{"floor":28,"key":"REST"},{"floor":30,"key":"REST"},{"data":"Blizzard","floor":32,"key":"SMITH"}],"neow_cost":"NONE","seed_source_timestamp":650250599770500,"circlet_count":0,"master_deck":["Strike_B","Defend_B+1","Defend_B","Defend_B","Defend_B","Zap","Dualcast+1","Beam Cell+1","Melter+1","Glacier+1","Cold Snap","Cold Snap","Cold Snap+1","Cold Snap","Fission+1","Blizzard+1","Redo+1","Fission"],"relics":["FrozenCore","Dream Catcher","Whetstone","Matryoshka","Philosopher\u0027s Stone"],"potions_floor_usage":[7,16,21,27,27,33,38,38],"damage_taken":[{"damage":5,"enemies":"Small Slimes","floor":1,"turns":4},{"damage":1,"enemies":"Cultist","floor":4,"turns":3},{"damage":2,"enemies":"Jaw Worm","floor":5,"turns":2},{"damage":3,"enemies":"Exordium Thugs","floor":7,"turns":7},{"damage":0,"enemies":"3 Louse","floor":8,"turns":2},{"damage":4,"enemies":"Large Slime","floor":10,"turns":6},{"damage":0,"enemies":"Looter","floor":11,"turns":2},{"damage":13,"enemies":"Slime Boss","floor":16,"turns":8},{"damage":0,"enemies":"Shell Parasite","floor":18,"turns":5},{"damage":5,"enemies":"2 Thieves","floor":21,"turns":4},{"damage":11,"enemies":"Snecko","floor":23,"turns":7},{"damage":12,"enemies":"Cultist and Chosen","floor":25,"turns":8},{"damage":8,"enemies":"Centurion and Healer","floor":27,"turns":6},{"damage":3,"enemies":"Chosen and Byrds","floor":29,"turns":7},{"damage":32,"enemies":"Collector","floor":33,"turns":14},{"damage":4,"enemies":"3 Shapes","floor":35,"turns":5},{"damage":16,"enemies":"3 Darklings","floor":36,"turns":6},{"damage":0,"enemies":"Sphere and 2 Shapes","floor":37,"turns":5},{"damage":35,"enemies":"Transient","floor":38,"turns":5},{"damage":19,"enemies":"Maw","floor":39,"turns":7}],"seed_played":"-6011338176384091629","potions_obtained":[{"floor":1,"key":"SkillPotion"},{"floor":5,"key":"Poison Potion"},{"floor":7,"key":"Strength Potion"},{"floor":11,"key":"Dexterity Potion"},{"floor":16,"key":"Regen Potion"},{"floor":18,"key":"SkillPotion"},{"floor":29,"key":"Block Potion"},{"floor":33,"key":"Energy Potion"},{"floor":36,"key":"Poison Potion"},{"floor":37,"key":"Energy Potion"}],"is_trial":false,"path_per_floor":["M","?","$","M","M","R","M","M","T","M","M","$","R","?","R","B",null,"M","?","$","M","?","M","R","M","T","M","R","M","R","$","R","B",null,"M","M","M","M","M"],"character_chosen":"DEFECT","items_purchased":["Dream Catcher","Melter"],"campfire_rested":3,"item_purchase_floors":[3,3],"current_hp_per_floor":[63,63,63,62,60,60,57,57,57,53,53,53,53,38,60,47,68,68,54,54,49,49,38,38,26,26,18,42,39,63,63,63,31,68,64,48,48,13,0],"gold":283,"neow_bonus":"HUNDRED_GOLD","is_prod":false,"is_daily":false,"chose_seed":false,"campfire_upgraded":4,"win_rate":0,"timestamp":1560235295,"path_taken":["M","?","$","M","M","R","M","M","T","M","?","?","R","?","R","BOSS","M","?","$","M","?","M","R","?","T","M","R","?","R","?","R","BOSS","M","M","M","M","M"],"build_version":"2019-01-23","purchased_purges":3,"victory":false,"max_hp_per_floor":[75,75,75,75,75,75,75,75,75,75,75,75,75,75,75,75,75,75,80,80,80,80,80,80,80,80,80,80,80,80,80,80,80,80,80,80,80,80,80],"card_choices":[{"not_picked":["FTL","BootSequence"],"picked":"Beam Cell","floor":1},{"not_picked":["Chill","Consume"],"picked":"Glacier","floor":4},{"not_picked":["Self Repair","Sweeping Beam"],"picked":"Cold Snap","floor":5},{"not_picked":["Rebound","Redo"],"picked":"Cold Snap","floor":7},{"not_picked":["Rebound","Compile Driver"],"picked":"Cold Snap","floor":8},{"not_picked":["Thunder Strike","Melter","Coolheaded"],"picked":"SKIP","floor":10},{"not_picked":["White Noise","Streamline"],"picked":"Cold Snap","floor":11},{"not_picked":["Barrage","Sweeping Beam","Coolheaded"],"picked":"SKIP","floor":18},{"not_picked":["Coolheaded","Reinforced Body","Darkness"],"picked":"SKIP","floor":21},{"not_picked":["Gash+1","Redo","Storm+1"],"picked":"SKIP","floor":23},{"not_picked":["Barrage","Beam Cell"],"picked":"Blizzard","floor":25},{"not_picked":["Leap+1","Beam Cell","Stack"],"picked":"SKIP","floor":27},{"not_picked":["Force Field+1","Turbo"],"picked":"Redo+1","floor":28},{"not_picked":["Ball Lightning","Leap","Fission"],"picked":"SKIP","floor":29},{"not_picked":["Seek","Buffer"],"picked":"Fission","floor":33},{"not_picked":["Steam Power","Steam+1","Streamline+1"],"picked":"SKIP","floor":35},{"not_picked":["Aggregate","Reinforced Body","Cold Snap"],"picked":"SKIP","floor":36},{"not_picked":["Rebound+1","Beam Cell+1","Double Energy+1"],"picked":"SKIP","floor":37},{"not_picked":["Darkness","Reinforced Body","Steam"],"picked":"SKIP","floor":38}],"player_experience":454556,"relics_obtained":[{"floor":9,"key":"Whetstone"},{"floor":26,"key":"Matryoshka"}],"event_choices":[{"damage_healed":0,"gold_gain":100,"player_choice":"Gold","damage_taken":0,"max_hp_gain":0,"max_hp_loss":0,"event_name":"Wheel of Change","floor":2,"gold_loss":0},{"damage_healed":0,"gold_gain":0,"player_choice":"Entered Light","damage_taken":15,"max_hp_gain":0,"max_hp_loss":0,"event_name":"Shining Light","floor":14,"gold_loss":0,"cards_upgraded":["Melter","Defend_B"]},{"damage_healed":0,"gold_gain":0,"player_choice":"Shed Blood","damage_taken":19,"max_hp_gain":5,"max_hp_loss":0,"event_name":"Forgotten Altar","floor":19,"gold_loss":0},{"damage_healed":0,"gold_gain":0,"player_choice":"1 cards matched","damage_taken":0,"max_hp_gain":0,"max_hp_loss":0,"event_name":"Match and Keep!","floor":22,"gold_loss":0,"cards_obtained":["Fission"]}],"is_beta":false,"boss_relics":[{"not_picked":["Eternal Feather","Velvet Choker"],"picked":"FrozenCore"},{"not_picked":["Astrolabe","White Beast Statue"],"picked":"Philosopher\u0027s Stone"}],"items_purged_floors":[3,12,20],"is_endless":false,"potions_floor_spawned":[1,5,7,11,16,18,29,33,36,37],"killed_by":"Maw","ascension_level":6}