{"gold_per_floor":[113,113,213,236,260,303,326,120,120,120,158,183,40,60,60,60],"floor_reached":16,"playtime":639,"items_purged":[],"score":140,"play_id":"f04c9a25-856b-4650-96ff-5026a043edbe","local_time":"20190515075411","is_ascension_mode":true,"campfire_choices":[{"floor":10,"key":"REST"},{"floor":15,"key":"REST"}],"neow_cost":"NONE","seed_source_timestamp":692581595591107,"circlet_count":0,"master_deck":["Defend_G","Defend_G","Defend_G","Defend_G","Defend_G","Strike_G","Strike_G","Strike_G","Strike_G","Strike_G","Survivor+1","Neutralize","All Out Attack","Injury","Caltrops","Sucker Punch","Blade Dance","Deadly Poison","Accuracy","Venomology","PiercingWail+1","Leg Sweep"],"relics":["Ring of the Snake","PreservedInsect","Golden Idol","Blood Vial","Art of War","Gremlin Horn","War Paint"],"potions_floor_usage":[6,7,11,11,11,16,16],"damage_taken":[{"damage":0,"enemies":"2 Louse","floor":1,"turns":2},{"damage":1,"enemies":"Small Slimes","floor":4,"turns":3},{"damage":2,"enemies":"Cultist","floor":5,"turns":4},{"damage":16,"enemies":"Gremlin Nob","floor":6,"turns":5},{"damage":23,"enemies":"Exordium Thugs","floor":7,"turns":4},{"damage":19,"enemies":"3 Sentries","floor":11,"turns":7},{"damage":9,"enemies":"Lots of Slimes","floor":12,"turns":2},{"damage":14,"enemies":"Red Slaver","floor":14,"turns":5},{"damage":38,"enemies":"The Guardian","floor":16,"turns":16}],"seed_played":"730163890014553439","potions_obtained":[{"floor":4,"key":"Fire Potion"},{"floor":5,"key":"Block Potion"},{"floor":6,"key":"SpeedPotion"},{"floor":7,"key":"Block Potion"}],"is_trial":false,"path_per_floor":["M","?","?","M","M","E","M","$","T","R","E","M","$","M","R","B"],"character_chosen":"THE_SILENT","items_purchased":["Accuracy","Venomology","War Paint"],"campfire_rested":2,"item_purchase_floors":[8,8,13],"current_hp_per_floor":[70,70,70,69,67,51,30,30,30,51,34,27,27,15,36,0],"gold":60,"neow_bonus":"RANDOM_COMMON_RELIC","is_prod":false,"is_daily":false,"chose_seed":false,"campfire_upgraded":0,"win_rate":0,"timestamp":1557921251,"path_taken":["M","?","?","M","M","E","M","$","T","R","E","?","?","M","R","BOSS"],"build_version":"2019-01-23","purchased_purges":0,"victory":false,"max_hp_per_floor":[70,70,70,70,70,70,70,70,70,70,70,70,70,70,70,70],"card_choices":[{"not_picked":["Dodge and Roll","Masterful Stab"],"picked":"All Out Attack","floor":1},{"not_picked":["Underhanded Strike","Poisoned Stab"],"picked":"Caltrops","floor":4},{"not_picked":["Dodge and Roll","Distraction"],"picked":"Sucker Punch","floor":5},{"not_picked":["Dodge and Roll","Prepared"],"picked":"Blade Dance","floor":6},{"not_picked":["Riddle With Holes","Leg Sweep"],"picked":"Deadly Poison","floor":7},{"not_picked":["Choke","Outmaneuver","Heel Hook"],"picked":"SKIP","floor":11},{"not_picked":["Dagger Throw","Blur"],"picked":"PiercingWail","floor":12},{"not_picked":["Riddle With Holes","Storm of Steel"],"picked":"Leg Sweep","floor":14}],"player_experience":341008,"relics_obtained":[{"floor":6,"key":"Blood Vial"},{"floor":9,"key":"Art of War"},{"floor":11,"key":"Gremlin Horn"}],"event_choices":[{"damage_healed":0,"gold_gain":0,"player_choice":"Take Wound","damage_taken":0,"relics_obtained":["Golden Idol"],"max_hp_gain":0,"max_hp_loss":0,"event_name":"Golden Idol","floor":2,"gold_loss":0,"cards_obtained":["Injury"]},{"damage_healed":0,"gold_gain":100,"player_choice":"Gold","damage_taken":0,"max_hp_gain":0,"max_hp_loss":0,"event_name":"Wheel of Change","floor":3,"gold_loss":0}],"is_beta":false,"boss_relics":[],"items_purged_floors":[],"is_endless":false,"potions_floor_spawned":[4,5,6,7],"killed_by":"The Guardian","ascension_level":5}