{"gold_per_floor":[109,129,129,150,75,115,115,190,243,243,278,278,97,121,121,121],"floor_reached":16,"playtime":584,"items_purged":["Strike_R","Strike_R"],"score":122,"play_id":"bf466e48-1556-4ef6-938b-94bfb9c9fa3a","local_time":"20190210023213","is_ascension_mode":true,"campfire_choices":[{"data":"Spot Weakness","floor":7,"key":"SMITH"},{"data":"Defend_R","floor":12,"key":"PURGE"},{"floor":15,"key":"REST"}],"neow_cost":"NONE","seed_source_timestamp":63431011987000,"circlet_count":0,"master_deck":["Strike_R","Strike_R","Strike_R","Defend_R","Defend_R","Defend_R","Bash","Shrug It Off","Inflame","Spot Weakness+1","Cleave","Whirlwind"],"relics":["Burning Blood","NeowsBlessing","Golden Idol","Anchor","Tiny Chest","Peace Pipe","Red Skull"],"potions_floor_usage":[16,16],"damage_taken":[{"damage":0,"enemies":"Cultist","floor":1,"turns":1},{"damage":0,"enemies":"Jaw Worm","floor":2,"turns":1},{"damage":0,"enemies":"Small Slimes","floor":4,"turns":1},{"damage":44,"enemies":"3 Sentries","floor":6,"turns":12},{"damage":38,"enemies":"Gremlin Nob","floor":11,"turns":5},{"damage":46,"enemies":"The Guardian","floor":16,"turns":12}],"seed_played":"9019150595995457317","potions_obtained":[{"floor":4,"key":"Dexterity Potion"},{"floor":11,"key":"Swift Potion"}],"is_trial":false,"path_per_floor":["M","M","?","M","$","E","R","?","T","?","E","R","$","T","R","B"],"character_chosen":"IRONCLAD","items_purchased":["Whirlwind"],"campfire_rested":1,"item_purchase_floors":[13],"current_hp_per_floor":[80,80,74,74,74,36,36,25,25,49,17,17,17,17,39,0],"gold":121,"neow_bonus":"THREE_ENEMY_KILL","is_prod":false,"is_daily":false,"chose_seed":false,"campfire_upgraded":1,"win_rate":0,"timestamp":1549794733,"path_taken":["M","?","?","M","$","E","R","?","T","?","E","R","?","?","R","BOSS"],"build_version":"2019-01-23","purchased_purges":2,"victory":false,"max_hp_per_floor":[80,80,74,74,74,74,74,74,74,74,74,74,74,74,74,74],"card_choices":[{"not_picked":["Bloodletting","Second Wind"],"picked":"Shrug It Off","floor":1},{"not_picked":["Wild Strike","Twin Strike"],"picked":"Inflame","floor":2},{"not_picked":["Evolve","Iron Wave"],"picked":"Spot Weakness","floor":4},{"not_picked":["Perfected Strike","Blood for Blood","Sentinel"],"picked":"SKIP","floor":6},{"not_picked":["Havoc","Carnage"],"picked":"Cleave","floor":11}],"player_experience":105622,"relics_obtained":[{"floor":6,"key":"Anchor"},{"floor":9,"key":"Tiny Chest"},{"floor":11,"key":"Peace Pipe"},{"floor":14,"key":"Red Skull"}],"event_choices":[{"damage_healed":0,"gold_gain":0,"player_choice":"Lose Max HP","damage_taken":0,"relics_obtained":["Golden Idol"],"max_hp_gain":0,"max_hp_loss":6,"event_name":"Golden Idol","floor":3,"gold_loss":0},{"damage_healed":0,"gold_gain":75,"player_choice":"Gather Gold","damage_taken":11,"max_hp_gain":0,"max_hp_loss":0,"event_name":"World of Goop","floor":8,"gold_loss":0},{"damage_healed":24,"gold_gain":0,"player_choice":"Banana","damage_taken":0,"max_hp_gain":0,"max_hp_loss":0,"event_name":"Big Fish","floor":10,"gold_loss":0}],"is_beta":false,"boss_relics":[],"items_purged_floors":[5,13],"is_endless":false,"potions_floor_spawned":[4,11],"killed_by":"The Guardian","ascension_level":3}