{"gold_per_floor":[112,112,31,48,9,44,44,44,96,128,128,49,49,70,70,173,173,184,184,184,184,184,213,213,225,272,272,27,58,106,124,124,220,220,237,237,164,124,33,59,59,73,73,73,73,73,73,93,93,93],"floor_reached":50,"playtime":1338,"items_purged":[],"score":740,"play_id":"0033663a-bd30-4b34-a2b6-6032f09ff011","local_time":"20190530134225","is_ascension_mode":true,"campfire_choices":[{"floor":7,"key":"REST"},{"floor":11,"key":"REST"},{"floor":13,"key":"REST"},{"floor":15,"key":"REST"},{"floor":24,"key":"REST"},{"floor":27,"key":"REST"},{"floor":32,"key":"REST"},{"floor":41,"key":"REST"},{"floor":46,"key":"REST"},{"floor":49,"key":"REST"}],"neow_cost":"NONE","seed_source_timestamp":433567732127241,"circlet_count":0,"master_deck":["Defend_G","Defend_G","Defend_G+1","Defend_G","Defend_G","Strike_G","Strike_G","Strike_G","Strike_G","Survivor","Neutralize","Mind Blast","Caltrops","Bouncing Flask","Noxious Fumes+1","Bouncing Flask","Catalyst","Adrenaline","Catalyst+1","Grand Finale","Choke","Backstab+1","Glass Knife+1","Well Laid Plans","Cloak And Dagger+1"],"relics":["Fusion Hammer","Bird Faced Urn","Bronze Scales","The Specimen","Odd Mushroom","Philosopher\u0027s Stone","Singing Bowl","Smiling Mask","Molten Egg 2","Sundial","Omamori","Eternal Feather","WingedGreaves","Pear"],"potions_floor_usage":[10,18,23,33,40,42,50],"damage_taken":[{"damage":1,"enemies":"Jaw Worm","floor":1,"turns":4},{"damage":0,"enemies":"Cultist","floor":4,"turns":4},{"damage":31,"enemies":"Lagavulin","floor":6,"turns":6},{"damage":17,"enemies":"3 Sentries","floor":10,"turns":5},{"damage":23,"enemies":"The Mushroom Lair","floor":14,"turns":4},{"damage":13,"enemies":"The Guardian","floor":16,"turns":7},{"damage":16,"enemies":"3 Byrds","floor":18,"turns":1},{"damage":25,"enemies":"Colosseum Slavers","floor":20,"turns":4},{"damage":55,"enemies":"Slavers","floor":23,"turns":4},{"damage":16,"enemies":"2 Thieves","floor":25,"turns":3},{"damage":31,"enemies":"Book of Stabbing","floor":29,"turns":4},{"damage":5,"enemies":"Cultist and Chosen","floor":31,"turns":4},{"damage":46,"enemies":"Collector","floor":33,"turns":6},{"damage":1,"enemies":"Orb Walker","floor":35,"turns":3},{"damage":33,"enemies":"Reptomancer","floor":40,"turns":3},{"damage":43,"enemies":"3 Darklings","floor":42,"turns":4},{"damage":46,"enemies":"Maw","floor":48,"turns":6},{"damage":104,"enemies":"Awakened One","floor":50,"turns":6}],"seed_played":"-5574134517310240945","potions_obtained":[{"floor":6,"key":"Regen Potion"},{"floor":14,"key":"EssenceOfSteel"},{"floor":16,"key":"Dexterity Potion"},{"floor":18,"key":"PowerPotion"},{"floor":25,"key":"Ancient Potion"},{"floor":33,"key":"Swift Potion"},{"floor":35,"key":"SkillPotion"},{"floor":48,"key":"Explosive Potion"}],"is_trial":false,"path_per_floor":["M","?","$","M","$","E","R","?","T","E","R","$","R","?","R","B",null,"M","?","?","?","?","E","R","M","T","R","$","E","T","M","R","B",null,"M","?","$","?","$","E","R","M","T","?","?","R","$","M","R","B"],"character_chosen":"THE_SILENT","items_purchased":["Accuracy","Noxious Fumes","Catalyst","Molten Egg 2","Well Laid Plans","Flash of Steel+1"],"campfire_rested":10,"item_purchase_floors":[3,5,12,28,37,39],"current_hp_per_floor":[62,62,62,62,62,31,52,38,38,39,60,60,70,51,70,57,67,53,40,19,19,75,26,49,39,39,62,62,33,33,34,58,16,65,66,66,66,66,66,41,81,46,56,80,80,97,97,54,97,0],"gold":93,"neow_bonus":"BOSS_RELIC","is_prod":false,"is_daily":false,"chose_seed":false,"campfire_upgraded":0,"win_rate":0,"timestamp":1559238145,"path_taken":["M","?","$","M","?","E","R","?","T","E","R","$","R","?","R","BOSS","M","?","?","?","?","E","R","?","T","R","$","E","?","M","R","BOSS","M","?","$","?","$","E","R","?","T","?","?","R","?","?","R","BOSS"],"build_version":"2019-01-23","purchased_purges":0,"victory":false,"max_hp_per_floor":[70,70,70,70,70,70,70,70,70,70,70,70,70,70,70,70,70,70,75,75,75,75,77,77,79,79,79,79,79,79,81,81,81,81,83,83,83,83,83,85,85,87,97,97,97,97,97,97,97,97],"card_choices":[{"not_picked":["Prepared","Blade Dance","Tactician"],"picked":"SKIP","floor":1},{"not_picked":["PiercingWail","Acrobatics"],"picked":"Bouncing Flask","floor":4},{"not_picked":["Flying Knee","Choke"],"picked":"Bouncing Flask","floor":6},{"not_picked":["PiercingWail","Underhanded Strike","Slice"],"picked":"SKIP","floor":10},{"not_picked":["Night Terror","Storm of Steel"],"picked":"Adrenaline","floor":16},{"not_picked":["Slice","Setup"],"picked":"Catalyst+1","floor":18},{"not_picked":["Dagger Throw","Backflip","Underhanded Strike"],"picked":"Singing Bowl","floor":23},{"not_picked":["Crippling Poison","Escape Plan+1","Finisher"],"picked":"Singing Bowl","floor":25},{"not_picked":["Blur+1","Setup"],"picked":"Backstab+1","floor":29},{"not_picked":["Outmaneuver","Deadly Poison","Choke+1"],"picked":"Singing Bowl","floor":31},{"not_picked":["Night Terror","Envenom"],"picked":"Glass Knife+1","floor":33},{"not_picked":["Deflect","Masterful Stab+1","Flying Knee+1"],"picked":"Singing Bowl","floor":35},{"not_picked":["Envenom","Backflip+1","Concentrate"],"picked":"Singing Bowl","floor":40},{"not_picked":["Riddle With Holes+1","Outmaneuver","Masterful Stab+1"],"picked":"Singing Bowl","floor":42},{"not_picked":["Bane+1","Blade Dance"],"picked":"Cloak And Dagger+1","floor":48}],"player_experience":366650,"relics_obtained":[{"floor":6,"key":"Bird Faced Urn"},{"floor":9,"key":"Bronze Scales"},{"floor":10,"key":"The Specimen"},{"floor":14,"key":"Odd Mushroom"},{"floor":23,"key":"Singing Bowl"},{"floor":26,"key":"Smiling Mask"},{"floor":29,"key":"Sundial"},{"floor":30,"key":"Omamori"},{"floor":40,"key":"WingedGreaves"},{"floor":43,"key":"Pear"}],"event_choices":[{"damage_healed":0,"gold_gain":0,"player_choice":"2 cards matched","damage_taken":0,"max_hp_gain":0,"max_hp_loss":0,"event_name":"Match and Keep!","floor":2,"gold_loss":0,"cards_obtained":["Mind Blast","Caltrops"]},{"damage_healed":0,"gold_gain":0,"player_choice":"Entered Light","damage_taken":14,"max_hp_gain":0,"max_hp_loss":0,"event_name":"Shining Light","floor":8,"gold_loss":0,"cards_upgraded":["Defend_G","Accuracy"]},{"damage_healed":0,"gold_gain":0,"player_choice":"Fought Mushrooms","damage_taken":0,"max_hp_gain":0,"max_hp_loss":0,"event_name":"Mushrooms","floor":14,"gold_loss":0},{"damage_healed":0,"gold_gain":0,"player_choice":"Shed Blood","damage_taken":18,"max_hp_gain":5,"max_hp_loss":0,"event_name":"Forgotten Altar","floor":19,"gold_loss":0},{"damage_healed":0,"gold_gain":0,"player_choice":"Fight","damage_taken":0,"max_hp_gain":0,"max_hp_loss":0,"event_name":"Colosseum","floor":20,"gold_loss":0},{"damage_healed":0,"gold_gain":0,"player_choice":"Fled From Nobs","damage_taken":0,"max_hp_gain":0,"max_hp_loss":0,"event_name":"Colosseum","floor":20,"gold_loss":0},{"damage_healed":0,"gold_gain":0,"cards_transformed":["Accuracy","Strike_G"],"player_choice":"Became Test Subject","damage_taken":0,"max_hp_gain":0,"max_hp_loss":0,"event_name":"Drug Dealer","floor":21,"gold_loss":0,"cards_obtained":["Grand Finale","Choke"]},{"damage_healed":56,"gold_gain":0,"player_choice":"Full Heal","damage_taken":0,"max_hp_gain":0,"max_hp_loss":0,"event_name":"Wheel of Change","floor":22,"gold_loss":0},{"damage_healed":0,"gold_gain":0,"player_choice":"Ignored","damage_taken":0,"max_hp_gain":0,"max_hp_loss":0,"event_name":"Mysterious Sphere","floor":36,"gold_loss":0},{"damage_healed":0,"gold_gain":0,"player_choice":"Upgrade","damage_taken":0,"max_hp_gain":0,"max_hp_loss":0,"event_name":"Designer","floor":38,"gold_loss":40,"cards_upgraded":["Noxious Fumes"]},{"damage_healed":24,"gold_gain":0,"player_choice":"Writhe","damage_taken":0,"max_hp_gain":0,"max_hp_loss":0,"event_name":"Winding Halls","floor":44,"gold_loss":0,"cards_obtained":["Writhe"]},{"cards_removed":["Flash of Steel"],"damage_healed":0,"gold_gain":0,"player_choice":"Removed Attack","damage_taken":0,"max_hp_gain":0,"max_hp_loss":0,"event_name":"Falling","floor":45,"gold_loss":0}],"is_beta":false,"boss_relics":[{"not_picked":["Calling Bell","Astrolabe"],"picked":"Philosopher\u0027s Stone"},{"not_picked":["Runic Dome","Runic Pyramid"],"picked":"Eternal Feather"}],"items_purged_floors":[],"is_endless":false,"potions_floor_spawned":[6,14,16,18,25,33,35,48],"killed_by":"Awakened One","ascension_level":6}