{"gold_per_floor":[119,130,148,223,13,13,43,43,67,67,81,81,100,117,117,216,216,229,247,247,247,262,262,279,279,306,306,336,336,336,63,63,63],"floor_reached":33,"playtime":1310,"items_purged":["Strike_G","Parasite"],"score":384,"play_id":"8a1aa114-8ccf-4b99-a64c-063861dc2fe4","local_time":"20190608230614","is_ascension_mode":true,"campfire_choices":[{"data":"Neutralize","floor":6.0,"key":"SMITH"},{"floor":8.0,"key":"REST"},{"data":"Poisoned Stab","floor":10.0,"key":"SMITH"},{"data":"Footwork","floor":15.0,"key":"SMITH"},{"floor":23,"key":"REST"},{"floor":25,"key":"REST"},{"floor":27,"key":"REST"},{"floor":29,"key":"REST"},{"floor":32,"key":"REST"}],"neow_cost":"NONE","seed_source_timestamp":0,"circlet_count":0,"master_deck":["Defend_G","Defend_G","Defend_G","Defend_G","Defend_G","Strike_G","Strike_G","Strike_G","Strike_G","Survivor","Neutralize+1","Dagger Spray","Dagger Spray","Corpse Explosion","Poisoned Stab+1","Footwork+1","Escape Plan","Burst","Deadly Poison+1","Bane"],"special_seed":0,"relics":["Ring of the Snake","NeowsBlessing","Snake Skull","Boot","Calling Bell","Potion Belt","The Courier","Girya","Bag of Marbles","Bottled Tornado","Meat on the Bone"],"potions_floor_usage":[21,21,33],"damage_taken":[{"damage":0.0,"enemies":"Small Slimes","floor":1.0,"turns":1.0},{"damage":0.0,"enemies":"Jaw Worm","floor":2.0,"turns":1.0},{"damage":0.0,"enemies":"Cultist","floor":3.0,"turns":1.0},{"damage":26.0,"enemies":"Lagavulin","floor":7.0,"turns":8.0},{"damage":0.0,"enemies":"Gremlin Gang","floor":11.0,"turns":2.0},{"damage":0.0,"enemies":"Looter","floor":13.0,"turns":3.0},{"damage":1.0,"enemies":"Exordium Wildlife","floor":14.0,"turns":3.0},{"damage":22.0,"enemies":"Hexaghost","floor":16.0,"turns":12.0},{"damage":14.0,"enemies":"Spheric Guardian","floor":18.0,"turns":10.0},{"damage":12.0,"enemies":"3 Byrds","floor":19.0,"turns":3.0},{"damage":12,"enemies":"Colosseum Slavers","floor":21,"turns":3},{"damage":23,"enemies":"3 Cultists","floor":22,"turns":4},{"damage":14,"enemies":"Snecko","floor":24,"turns":7},{"damage":42,"enemies":"Gremlin Leader","floor":28,"turns":6},{"damage":50,"enemies":"Automaton","floor":33,"turns":6}],"seed_played":"-2825702606117230797","potions_obtained":[{"floor":2.0,"key":"Ancient Potion"},{"floor":11.0,"key":"SpeedPotion"},{"floor":18.0,"key":"Energy Potion"},{"floor":28,"key":"SpeedPotion"}],"is_trial":false,"path_per_floor":["M","M","M","?","$","R","E","R","T","R","M","?","M","M","R","B",null,"M","M","?","?","M","R","M","R","T","R","E","R","?","$","R","B"],"character_chosen":"THE_SILENT","items_purchased":["Corpse Explosion","Meat on the Bone"],"campfire_rested":6,"item_purchase_floors":[5,31],"current_hp_per_floor":[63,63,63,52,52,52,26,47,47,47,47,64,64,63,63,41,63,49,37,37,25,2,23,9,30,30,51,9,30,30,30,50,0],"gold":63,"neow_bonus":"THREE_ENEMY_KILL","is_prod":false,"is_daily":false,"chose_seed":false,"campfire_upgraded":3,"win_rate":0,"timestamp":1560060374,"path_taken":["M","M","M","?","$","R","E","R","T","R","M","?","?","?","R","BOSS","M","?","?","?","?","R","M","R","T","R","E","R","?","$","R","BOSS"],"build_version":"2019-01-23","purchased_purges":2,"victory":false,"max_hp_per_floor":[70,70,70,70,70,70,70,70,70,70,70,70,70,70,70,70,70,70,70,70,70,70,70,70,70,70,70,70,70,70,67,67,67],"card_choices":[{"not_picked":["Acrobatics","Slice","Accuracy"],"picked":"SKIP","floor":1.0},{"not_picked":["Dodge and Roll","Bane"],"picked":"Dagger Spray","floor":2.0},{"not_picked":["Poisoned Stab","Setup"],"picked":"Dagger Spray","floor":3.0},{"not_picked":["Blade Dance","A Thousand Cuts"],"picked":"Poisoned Stab","floor":7.0},{"not_picked":["Dodge and Roll","Dagger Spray"],"picked":"Footwork","floor":11.0},{"not_picked":["Dagger Spray","After Image"],"picked":"Escape Plan","floor":13.0},{"not_picked":["Caltrops","Accuracy","Skewer"],"picked":"SKIP","floor":14.0},{"not_picked":["Night Terror","Doppelganger"],"picked":"Burst","floor":16.0},{"not_picked":["Dodge and Roll","Blade Dance"],"picked":"Deadly Poison+1","floor":18.0},{"not_picked":["Slice","Underhanded Strike+1","Dagger Spray+1"],"picked":"SKIP","floor":19.0},{"not_picked":["Calculated Gamble","PiercingWail","Concentrate"],"picked":"SKIP","floor":22},{"not_picked":["Cloak And Dagger+1","Quick Slash","Reflex+1"],"picked":"SKIP","floor":24},{"not_picked":["Predator","Infinite Blades"],"picked":"Bane","floor":28}],"player_experience":445095,"relics_obtained":[{"floor":7.0,"key":"Snake Skull"},{"floor":9.0,"key":"Boot"},{"floor":17.0,"key":"Potion Belt"},{"floor":17.0,"key":"The Courier"},{"floor":17.0,"key":"Girya"},{"floor":26,"key":"Bag of Marbles"},{"floor":28,"key":"Bottled Tornado"}],"event_choices":[{"damage_healed":0.0,"max_hp_gain":0.0,"max_hp_loss":0.0,"gold_gain":75.0,"event_name":"World of Goop","player_choice":"Gather Gold","floor":4.0,"gold_loss":0.0,"damage_taken":11.0},{"damage_healed":17.0,"max_hp_gain":0.0,"max_hp_loss":0.0,"gold_gain":0.0,"event_name":"Mushrooms","player_choice":"Healed and dodged fight","floor":12.0,"gold_loss":0.0,"damage_taken":0.0,"cards_obtained":["Parasite"]},{"damage_healed":0.0,"max_hp_gain":0.0,"max_hp_loss":0.0,"gold_gain":0.0,"event_name":"Ghosts","player_choice":"Ignored","floor":20.0,"gold_loss":0.0,"damage_taken":0.0},{"damage_healed":0,"gold_gain":0,"player_choice":"Fight","damage_taken":0,"max_hp_gain":0,"max_hp_loss":0,"event_name":"Colosseum","floor":21,"gold_loss":0},{"damage_healed":0,"gold_gain":0,"player_choice":"Fled From Nobs","damage_taken":0,"max_hp_gain":0,"max_hp_loss":0,"event_name":"Colosseum","floor":21,"gold_loss":0},{"damage_healed":0,"gold_gain":0,"player_choice":"Ignored","damage_taken":0,"max_hp_gain":0,"max_hp_loss":0,"event_name":"Cursed Tome","floor":30,"gold_loss":0}],"is_beta":false,"boss_relics":[{"not_picked":["White Beast Statue","WristBlade"],"picked":"Calling Bell"}],"items_purged_floors":[5,31],"is_endless":false,"potions_floor_spawned":[2,11,18,21,28],"killed_by":"Automaton","ascension_level":9}