{"gold_per_floor":[109,124,124,124,140,166,183,148,148,73,73,73,92,107,107,212,212,197,197,296,2,21,21,21,21,21,36,47,47,47,67,67,162,162,181,181,194,194,6,6,25,25,25,41,58,71,96,47,47,47],"floor_reached":50,"playtime":4133,"items_purged":["Strike_R"],"score":594,"play_id":"40212cc4-e9ca-4da7-90db-3279dd49e98a","local_time":"20180716105633","is_ascension_mode":false,"campfire_choices":[{"data":"Searing Blow","floor":12,"key":"SMITH"},{"floor":15,"key":"REST"},{"data":"Double Tap","floor":23,"key":"SMITH"},{"data":"Searing Blow+1","floor":25,"key":"SMITH"},{"floor":29,"key":"REST"},{"data":"Searing Blow+2","floor":32,"key":"SMITH"},{"floor":40,"key":"REST"},{"floor":42,"key":"REST"},{"floor":49,"key":"REST"}],"neow_cost":"NONE","seed_source_timestamp":423434875107203,"circlet_count":0,"master_deck":["Strike_R+1","Strike_R","Strike_R","Strike_R","Defend_R","Defend_R","Defend_R","Defend_R","Bash+1","Searing Blow+3","Demon Form","Armaments","Iron Wave","Iron Wave","Double Tap+1","Fiend Fire","Heavy Blade","Body Slam+1","Rage","Carnage","Apotheosis","Feel No Pain+1","Shrug It Off+1","Thunderclap"],"relics":["Burning Blood","Blood Vial","Bottled Tornado","Paper Frog","Busted Crown","Art of War","Orichalcum","Ice Cream","Sozu","Calipers","Bag of Marbles","Juzu Bracelet"],"potions_floor_usage":[2,6,7,7,13,13,27,31,33,50],"damage_taken":[{"damage":7,"enemies":"2 Louse","floor":1,"turns":3},{"damage":20,"enemies":"Jaw Worm","floor":2,"turns":6},{"damage":0,"enemies":"Small Slimes","floor":5,"turns":3},{"damage":44,"enemies":"3 Sentries","floor":6,"turns":9},{"damage":9,"enemies":"2 Fungi Beasts","floor":7,"turns":5},{"damage":5,"enemies":"3 Louse","floor":13,"turns":2},{"damage":4,"enemies":"Blue Slaver","floor":14,"turns":4},{"damage":30,"enemies":"Slime Boss","floor":16,"turns":7},{"damage":15,"enemies":"2 Thieves","floor":18,"turns":4},{"damage":25,"enemies":"3 Byrds","floor":22,"turns":5},{"damage":21,"enemies":"Slaver and Parasite","floor":27,"turns":6},{"damage":0,"enemies":"Snecko","floor":28,"turns":5},{"damage":5,"enemies":"Chosen and Byrds","floor":31,"turns":4},{"damage":45,"enemies":"Automaton","floor":33,"turns":9},{"damage":13,"enemies":"Orb Walker","floor":35,"turns":3},{"damage":16,"enemies":"Flame Bruiser 1 Orb","floor":37,"turns":4},{"damage":33,"floor":38,"turns":5},{"damage":18,"enemies":"Transient","floor":41,"turns":5},{"damage":28,"enemies":"4 Shapes","floor":44,"turns":6},{"damage":10,"enemies":"Maw","floor":45,"turns":6},{"damage":23,"enemies":"3 Darklings","floor":46,"turns":5},{"damage":90,"enemies":"Awakened One","floor":50,"turns":7}],"seed_played":"5764024164810728002","potions_obtained":[{"floor":5,"key":"EntropicBrew"},{"floor":7,"key":"AttackPotion"},{"floor":16,"key":"SteroidPotion"},{"floor":22,"key":"Energy Potion"},{"floor":28,"key":"SpeedPotion"},{"floor":31,"key":"EssenceOfSteel"}],"is_trial":false,"path_per_floor":["M","M","?","?","M","E","M","?","T","$","T","R","M","M","R","B",null,"M","?","?","$","M","R","$","R","T","M","M","R","$","M","R","B",null,"M","?","M","?","$","R","M","R","T","M","M","M","T","$","R"],"character_chosen":"IRONCLAD","items_purchased":["Art of War","Orichalcum","Apotheosis","Thunderclap"],"campfire_rested":5,"item_purchase_floors":[21,21,39,48],"current_hp_per_floor":[79,73,57,57,63,33,32,52,52,52,52,52,55,59,80,56,80,71,71,71,71,54,54,54,54,54,41,49,73,73,76,76,39,80,73,73,65,40,40,64,54,78,78,58,56,41,41,41,65,0],"gold":47,"neow_bonus":"THREE_SMALL_POTIONS","is_prod":false,"is_daily":false,"chose_seed":false,"campfire_upgraded":4,"win_rate":0,"timestamp":1531734993,"path_taken":["M","M","?","?","M","E","M","?","T","$","?","R","M","?","R","BOSS","M","?","?","?","M","R","$","R","T","M","M","R","$","M","R","BOSS","M","?","M","?","$","R","M","R","T","?","M","M","?","?","R","BOSS"],"build_version":"2018-07-12","purchased_purges":1,"victory":false,"max_hp_per_floor":[80,80,80,80,80,80,80,80,80,80,80,80,80,80,80,80,80,80,80,80,80,80,80,80,80,80,80,80,80,80,80,80,80,80,80,80,80,80,80,80,80,80,80,80,80,80,80,80,80,80],"card_choices":[{"not_picked":["Headbutt","Pommel Strike"],"picked":"Searing Blow","floor":1},{"not_picked":["Bloodletting","Perfected Strike","Sword Boomerang"],"picked":"SKIP","floor":2},{"not_picked":["Anger","Infernal Blade","Twin Strike"],"picked":"SKIP","floor":5},{"not_picked":["Feel No Pain","Searing Blow"],"picked":"Demon Form","floor":6},{"not_picked":["Flex","True Grit"],"picked":"Armaments","floor":7},{"not_picked":["Rupture","Evolve"],"picked":"Iron Wave","floor":13},{"not_picked":["Thunderclap","Cleave"],"picked":"Iron Wave","floor":14},{"not_picked":["Impervious","Dark Embrace"],"picked":"Double Tap","floor":16},{"not_picked":["Power Through"],"picked":"SKIP","floor":18},{"not_picked":["Iron Wave+1"],"picked":"SKIP","floor":22},{"not_picked":["Cleave"],"picked":"SKIP","floor":27},{"not_picked":["Sword Boomerang+1"],"picked":"SKIP","floor":28},{"not_picked":[],"picked":"Heavy Blade","floor":31},{"not_picked":[],"picked":"Body Slam+1","floor":35},{"not_picked":[],"picked":"Rage","floor":37},{"not_picked":[],"picked":"Carnage","floor":38},{"not_picked":[],"picked":"Feel No Pain+1","floor":41},{"not_picked":["Shrug It Off+1"],"picked":"SKIP","floor":44},{"not_picked":[],"picked":"Shrug It Off+1","floor":44},{"not_picked":["Havoc+1"],"picked":"SKIP","floor":45},{"not_picked":["Body Slam"],"picked":"SKIP","floor":46}],"player_experience":337672,"relics_obtained":[{"floor":6,"key":"Blood Vial"},{"floor":9,"key":"Bottled Tornado"},{"floor":11,"key":"Paper Frog"},{"floor":26,"key":"Ice Cream"},{"floor":38,"key":"Calipers"},{"floor":43,"key":"Bag of Marbles"},{"floor":47,"key":"Juzu Bracelet"}],"event_choices":[{"event_name":"Shining Light","player_choice":"Entered Light","floor":3,"damage_taken":0},{"event_name":"Golden Idol","player_choice":"Ignored","floor":4,"damage_taken":0},{"event_name":"The Cleric","player_choice":"Healed","floor":8,"damage_taken":0},{"event_name":"Match and Keep!","player_choice":"1 cards matched","floor":19,"damage_taken":0},{"event_name":"Nest","player_choice":"Stole From Cult","floor":20,"damage_taken":0},{"event_name":"The Lab","player_choice":"Got Potions","floor":36,"damage_taken":0},{"event_name":"MindBloom","player_choice":"Fight","floor":38,"damage_taken":0}],"boss_relics":[{"not_picked":["Eternal Feather","White Beast Statue"],"picked":"Busted Crown"},{"not_picked":["Runic Dome","Philosopher\u0027s Stone"],"picked":"Sozu"}],"items_purged_floors":[10],"is_endless":false,"potions_floor_spawned":[1,5,7,16,22,28,31,38,41,44],"killed_by":"Awakened One","ascension_level":0}