{"gold_per_floor":[113,113,128,4,4,39,39,60,142,155,155,186,196,212,212,307,307,327,33,46,46],"floor_reached":21,"playtime":873,"items_purged":["Pain"],"score":246,"play_id":"8692bdcb-1bfd-42a2-a0fa-3cd037e4f315","local_time":"20190605221138","is_ascension_mode":true,"campfire_choices":[{"floor":7,"key":"REST"},{"floor":15,"key":"REST"}],"neow_cost":"NONE","seed_source_timestamp":80532087726898,"circlet_count":0,"master_deck":["Defend_G","Defend_G","Defend_G","Defend_G","Defend_G","Strike_G+1","Strike_G","Strike_G","Strike_G","Strike_G","Survivor","Neutralize+1","Well Laid Plans","Backflip","Poisoned Stab+1","Footwork","Footwork","Cloak And Dagger","Deadly Poison","Dagger Spray","Infinite Blades","Venomology","Injury","Regret","Doubt","Infinite Blades","Noxious Fumes","Accuracy","Blade Dance+1"],"relics":["Cursed Key","Boot","Whetstone","Odd Mushroom","Mercury Hourglass","Smiling Mask","Calling Bell","Oddly Smooth Stone","The Courier","Calipers","Strawberry"],"potions_floor_usage":[8,12,16,21,21],"damage_taken":[{"damage":2,"enemies":"2 Louse","floor":1,"turns":4},{"damage":0,"enemies":"Small Slimes","floor":3,"turns":3},{"damage":8,"enemies":"3 Sentries","floor":6,"turns":10},{"damage":14,"enemies":"The Mushroom Lair","floor":8,"turns":4},{"damage":1,"enemies":"Jaw Worm","floor":10,"turns":4},{"damage":18,"enemies":"Lagavulin","floor":12,"turns":7},{"damage":11,"enemies":"2 Fungi Beasts","floor":13,"turns":3},{"damage":11,"enemies":"Large Slime","floor":14,"turns":5},{"damage":26,"enemies":"Slime Boss","floor":16,"turns":9},{"damage":39,"enemies":"2 Thieves","floor":18,"turns":5},{"damage":28,"enemies":"Shell Parasite","floor":20,"turns":6},{"damage":7,"enemies":"Shelled Parasite and Fungi","floor":21,"turns":1}],"seed_played":"9215227416743109427","potions_obtained":[{"floor":3,"key":"FearPotion"},{"floor":8,"key":"Fruit Juice"},{"floor":14,"key":"Regen Potion"}],"is_trial":false,"path_per_floor":["M","?","M","$","?","E","R","?","T","M","?","E","M","M","R","B",null,"M","$","M","M"],"character_chosen":"THE_SILENT","items_purchased":["Poisoned Stab","Footwork","Noxious Fumes","Accuracy","Strawberry"],"campfire_rested":2,"item_purchase_floors":[4,4,19,19,19],"current_hp_per_floor":[61,58,58,58,58,50,70,61,61,60,60,42,31,20,42,31,64,25,32,4,0],"gold":46,"neow_bonus":"BOSS_RELIC","is_prod":false,"is_daily":false,"chose_seed":false,"campfire_upgraded":0,"win_rate":0,"timestamp":1559787098,"path_taken":["M","?","M","$","?","E","R","?","T","M","?","E","?","M","R","BOSS","M","$","M","M"],"build_version":"2019-01-23","purchased_purges":1,"victory":false,"max_hp_per_floor":[70,70,70,70,70,70,70,75,75,75,75,75,75,75,75,75,75,75,82,82,82],"card_choices":[{"not_picked":["Prepared","Outmaneuver"],"picked":"Well Laid Plans","floor":1},{"not_picked":["Riddle With Holes","Well Laid Plans"],"picked":"Backflip","floor":3},{"not_picked":["Outmaneuver","Escape Plan","Blade Dance"],"picked":"SKIP","floor":6},{"not_picked":["Quick Slash","Heel Hook"],"picked":"Footwork","floor":8},{"not_picked":["Dodge and Roll","Eviscerate"],"picked":"Cloak And Dagger","floor":10},{"not_picked":["Expertise","Backflip"],"picked":"Deadly Poison","floor":12},{"not_picked":["Distraction","Slice"],"picked":"Dagger Spray","floor":13},{"not_picked":["Slice","Masterful Stab"],"picked":"Infinite Blades","floor":14},{"not_picked":["Burst","Die Die Die"],"picked":"Venomology","floor":16},{"not_picked":["Dagger Spray+1","Dash+1"],"picked":"Infinite Blades","floor":18},{"not_picked":["Endless Agony","Slice"],"picked":"Blade Dance+1","floor":20}],"player_experience":387824,"relics_obtained":[{"floor":6,"key":"Whetstone"},{"floor":8,"key":"Odd Mushroom"},{"floor":9,"key":"Mercury Hourglass"},{"floor":12,"key":"Smiling Mask"},{"floor":17,"key":"Oddly Smooth Stone"},{"floor":17,"key":"The Courier"},{"floor":17,"key":"Calipers"}],"event_choices":[{"damage_healed":0,"gold_gain":0,"player_choice":"Success","damage_taken":3,"relics_obtained":["Boot"],"max_hp_gain":0,"max_hp_loss":0,"event_name":"Scrap Ooze","floor":2,"gold_loss":0},{"damage_healed":0,"gold_gain":0,"player_choice":"Grow","damage_taken":0,"max_hp_gain":0,"max_hp_loss":0,"event_name":"Living Wall","floor":5,"gold_loss":0,"cards_upgraded":["Poisoned Stab"]},{"damage_healed":0,"gold_gain":0,"player_choice":"Fought Mushrooms","damage_taken":0,"max_hp_gain":0,"max_hp_loss":0,"event_name":"Mushrooms","floor":8,"gold_loss":0},{"damage_healed":0,"gold_gain":0,"player_choice":"Ignored","damage_taken":0,"max_hp_gain":0,"max_hp_loss":0,"event_name":"Golden Wing","floor":11,"gold_loss":0}],"is_beta":false,"boss_relics":[{"not_picked":["White Beast Statue","Snecko Eye"],"picked":"Calling Bell"}],"items_purged_floors":[19],"is_endless":false,"potions_floor_spawned":[3,8,14],"killed_by":"Shelled Parasite and Fungi","ascension_level":6}