{"path_per_floor":["M","?","$","?","M","R","E","R","T","R","E","$","M","?","R","B",null,"M","M","?","?","?","R","E","M","T","$"],"character_chosen":"IRONCLAD","items_purchased":["Body Slam","Rampage","Secret Weapon+1"],"gold_per_floor":[112,112,11,86,98,98,130,130,154,154,184,7,18,18,18,115,115,128,144,178,178,178,178,212,231,257,75,75],"floor_reached":28,"campfire_rested":2,"playtime":1178,"item_purchase_floors":[3,12,27],"current_hp_per_floor":[80,64,64,53,59,59,65,65,65,65,57,57,52,52,76,27,80,80,77,67,67,51,75,26,11,11,11,0],"items_purged":["Strike_R","Strike_R"],"gold":75,"score":280,"play_id":"e6f40c56-7b57-4405-9fad-88bc7e543e8f","local_time":"20180608125550","is_prod":false,"is_daily":false,"chose_seed":false,"is_ascension_mode":true,"campfire_upgraded":3,"win_rate":0,"timestamp":1528458950,"campfire_choices":[{"data":"Body Slam","floor":6,"key":"SMITH"},{"data":"Headbutt","floor":8,"key":"SMITH"},{"data":"Inflame","floor":10,"key":"SMITH"},{"floor":15,"key":"REST"},{"floor":23,"key":"REST"}],"path_taken":["M","?","$","?","?","R","E","R","T","R","E","$","M","?","R","BOSS","M","M","?","?","?","R","E","M","T","$","M"],"build_version":"2018-06-07","seed_source_timestamp":941225599609980,"purchased_purges":2,"victory":false,"master_deck":["Strike_R","Strike_R+1","Defend_R","Defend_R","Defend_R","Defend_R","Bash","Clash","Body Slam+1","Inflame+1","Headbutt+1","Heavy Blade","Rampage","Headbutt","Berserk","Fire Breathing","Cleave","Searing Blow","Strike_R","RitualDagger","Secret Weapon+1"],"max_hp_per_floor":[80,80,80,80,80,80,80,80,80,80,80,80,80,80,80,80,80,80,80,80,80,80,80,80,83,83,83,83],"relics":["Burning Blood","NeowsBlessing","Juzu Bracelet","Bronze Scales","Omamori","Red Mask","Nilry\u0027s Codex","Toxic Egg 2","Bag of Preparation"],"card_choices":[{"not_picked":["Clothesline","Iron Wave"],"picked":"Clash","floor":1},{"not_picked":["Flex","Power Through"],"picked":"Inflame","floor":5},{"not_picked":["Flex","Wild Strike"],"picked":"Headbutt","floor":7},{"not_picked":["Pommel Strike","Second Wind"],"picked":"Heavy Blade","floor":11},{"not_picked":["True Grit","Anger"],"picked":"Headbutt","floor":13},{"not_picked":["Immolate","Offering"],"picked":"Berserk","floor":16},{"not_picked":["Flame Barrier","Heavy Blade"],"picked":"Fire Breathing","floor":18},{"not_picked":["Pommel Strike","Brutality"],"picked":"Cleave","floor":19},{"not_picked":["Havoc","True Grit"],"picked":"Searing Blow","floor":20},{"not_picked":["Hemokinesis+1","Reckless Charge","Anger+1"],"picked":"SKIP","floor":24},{"not_picked":["Twin Strike","Uppercut","Headbutt+1"],"picked":"SKIP","floor":25}],"player_experience":266766,"potions_floor_usage":[19,24,25,28],"damage_taken":[{"damage":0,"enemies":"Cultist","floor":1,"turns":1},{"damage":0,"enemies":"2 Louse","floor":5,"turns":1},{"damage":0,"enemies":"3 Sentries","floor":7,"turns":1},{"damage":14,"enemies":"Gremlin Nob","floor":11,"turns":3},{"damage":11,"enemies":"Jaw Worm","floor":13,"turns":2},{"damage":55,"enemies":"The Guardian","floor":16,"turns":9},{"damage":5,"enemies":"3 Byrds","floor":18,"turns":4},{"damage":9,"enemies":"Spheric Guardian","floor":19,"turns":3},{"damage":16,"floor":20,"turns":3},{"damage":55,"enemies":"Book of Stabbing","floor":24,"turns":5},{"damage":24,"enemies":"3 Cultists","floor":25,"turns":4},{"damage":14,"enemies":"Centurion and Healer","floor":28,"turns":2}],"relics_obtained":[{"floor":7,"key":"Juzu Bracelet"},{"floor":9,"key":"Bronze Scales"},{"floor":11,"key":"Omamori"},{"floor":20,"key":"Red Mask"},{"floor":22,"key":"Nilry\u0027s Codex"},{"floor":24,"key":"Toxic Egg 2"},{"floor":26,"key":"Bag of Preparation"}],"event_choices":[{"event_name":"Shining Light","player_choice":"Entered Light","floor":2,"damage_taken":0},{"event_name":"World of Goop","player_choice":"Gather Gold","floor":4,"damage_taken":0},{"event_name":"The Cleric","player_choice":"Leave","floor":14,"damage_taken":0},{"event_name":"Masked Bandits","player_choice":"Fought over 144 gold","floor":20,"damage_taken":0},{"event_name":"Nest","player_choice":"Joined the Cult","floor":21,"damage_taken":0},{"event_name":"Cursed Tome","player_choice":"Obtained Book","floor":22,"damage_taken":0}],"boss_relics":[{"not_picked":["Pandora\u0027s Box","Runic Pyramid","Philosopher\u0027s Stone"]}],"items_purged_floors":[3,12],"potions_floor_spawned":[5,11,20,24],"seed_played":"-3618625131346732232","killed_by":"Centurion and Healer","ascension_level":1,"potions_obtained":[{"floor":5,"key":"Poison Potion"},{"floor":11,"key":"SteroidPotion"},{"floor":20,"key":"SkillPotion"},{"floor":24,"key":"Ancient Potion"}],"is_trial":false}