{"gold_per_floor":[115,115,65,65,75,75,101,101,101,101,112,37,37,49,49,147,147,167,167,180,80,80,80,90,125,202,77,77,88,88,102,102,197,197,215,65,65,65,82,82,116,129,204,204,215,215,75,89,89,89],"floor_reached":51,"playtime":2366,"items_purged":["Strike_R","Dark Embrace+1","Cleave","Defend_R","Feed+1"],"score":1214,"play_id":"d8ead3a7-4f29-43a1-8c57-2da68de5c103","local_time":"20190430201434","is_ascension_mode":true,"campfire_choices":[{"data":"Flex","floor":6.0,"key":"SMITH"},{"data":"Sword Boomerang","floor":8.0,"key":"SMITH"},{"floor":10.0,"key":"REST"},{"data":"Thunderclap","floor":15.0,"key":"SMITH"},{"data":"Heavy Blade","floor":23.0,"key":"SMITH"},{"floor":32,"key":"REST"},{"data":"Flex","floor":40,"key":"SMITH"},{"data":"Limit Break","floor":44,"key":"SMITH"},{"data":"Battle Trance","floor":46,"key":"SMITH"},{"data":"Offering","floor":49,"key":"SMITH"}],"neow_cost":"TEN_PERCENT_HP_LOSS","seed_source_timestamp":0,"circlet_count":0,"master_deck":["Defend_R+1","Bash+1","Seeing Red","Flex+1","Sword Boomerang+1","Offering+1","Heavy Blade+1","Thunderclap+1","Offering+1","Limit Break+1","Ghostly Armor+1","Flex+1","Battle Trance+1","Reaper","Flex+1","Flex+1"],"special_seed":0,"relics":["Burning Blood","Prayer Wheel","Question Card","Happy Flower","Astrolabe","Sundial","Darkstone Periapt","Meat on the Bone","Turnip","Calling Bell","Orichalcum","Singing Bowl","Incense Burner","Bottled Lightning","The Courier"],"potions_floor_usage":[33],"damage_taken":[{"damage":5.0,"enemies":"Small Slimes","floor":1.0,"turns":4.0},{"damage":0.0,"enemies":"Cultist","floor":5.0,"turns":3.0},{"damage":45.0,"enemies":"Lagavulin","floor":7.0,"turns":6.0},{"damage":0.0,"enemies":"Jaw Worm","floor":11.0,"turns":1.0},{"damage":6.0,"enemies":"Red Slaver","floor":14.0,"turns":1.0},{"damage":25.0,"enemies":"The Guardian","floor":16.0,"turns":6.0},{"damage":19.0,"enemies":"Shell Parasite","floor":18.0,"turns":4.0},{"damage":6.0,"enemies":"Chosen","floor":20.0,"turns":2.0},{"damage":28.0,"enemies":"Snake Plant","floor":24.0,"turns":3.0},{"damage":6.0,"enemies":"Gremlin Leader","floor":25.0,"turns":2.0},{"damage":19.0,"enemies":"Centurion and Healer","floor":29.0,"turns":3.0},{"damage":4,"enemies":"Sentry and Sphere","floor":31,"turns":4},{"damage":51,"enemies":"Collector","floor":33,"turns":7},{"damage":5,"enemies":"Orb Walker","floor":35,"turns":2},{"damage":11,"enemies":"3 Shapes","floor":39,"turns":5},{"damage":12,"enemies":"Giant Head","floor":41,"turns":2},{"damage":6,"enemies":"3 Darklings","floor":42,"turns":2},{"damage":2,"enemies":"4 Shapes","floor":45,"turns":1},{"damage":18,"enemies":"Spire Growth","floor":48,"turns":3},{"damage":12,"enemies":"Donu and Deca","floor":50,"turns":1}],"seed_played":"-6402242049875708022","potions_obtained":[{"floor":7.0,"key":"Poison Potion"},{"floor":20.0,"key":"SteroidPotion"},{"floor":25.0,"key":"SpeedPotion"},{"floor":29.0,"key":"Weak Potion"},{"floor":42,"key":"Block Potion"},{"floor":45,"key":"Energy Potion"},{"floor":48,"key":"Weak Potion"}],"is_trial":false,"path_per_floor":["M","?","?","?","M","R","E","R","T","R","M","$","?","M","R","B",null,"M","T","M","$","?","R","M","E","T","$","?","M","T","M","R","B",null,"M","$","?","?","M","R","E","M","T","R","M","R","$","M","R","B",null],"character_chosen":"IRONCLAD","items_purchased":[],"campfire_rested":2,"item_purchase_floors":[],"current_hp_per_floor":[72,58,58,58,64,64,25,25,25,46,52,52,52,52,52,33,62,53,53,57,57,57,57,35,35,35,35,35,34,34,48,72,39,70,75,75,77,77,85,85,92,98,98,98,100,100,100,92,92,104],"gold":89,"neow_bonus":"ONE_RARE_RELIC","is_prod":false,"is_daily":false,"chose_seed":false,"campfire_upgraded":8,"win_rate":0,"timestamp":1556680474,"path_taken":["M","?","?","?","?","R","E","R","T","R","M","?","?","M","R","BOSS","M","?","M","?","?","R","M","E","T","$","?","M","?","M","R","BOSS","M","$","?","?","M","R","E","M","T","R","?","R","$","M","R","BOSS"],"build_version":"2019-01-23","purchased_purges":5,"victory":true,"max_hp_per_floor":[72,72,72,72,72,72,72,72,72,72,72,72,72,72,72,72,72,76,76,80,80,80,80,80,80,80,80,80,80,80,80,80,80,80,84,84,86,86,90,90,92,98,98,98,100,100,100,104,104,104],"card_choices":[{"not_picked":["Seeing Red","Reckless Charge"],"picked":"Cleave","floor":1.0},{"not_picked":["Headbutt","Inflame","Pommel Strike"],"picked":"SKIP","floor":1.0},{"not_picked":["True Grit","Shockwave"],"picked":"Flex","floor":5.0},{"not_picked":["Twin Strike","Blood for Blood","Sword Boomerang"],"picked":"SKIP","floor":5.0},{"not_picked":["Twin Strike","Blood for Blood"],"picked":"Sword Boomerang","floor":5.0},{"not_picked":["Perfected Strike","Cleave","Iron Wave"],"picked":"SKIP","floor":7.0},{"not_picked":["Battle Trance","Sentinel","True Grit"],"picked":"Offering","floor":11.0},{"not_picked":["True Grit","Pummel","Rage"],"picked":"Heavy Blade","floor":11.0},{"not_picked":["Iron Wave","Sentinel","Shrug It Off"],"picked":"Thunderclap","floor":14.0},{"not_picked":["Offering","Pommel Strike","Headbutt","Inflame"],"picked":"SKIP","floor":14.0},{"not_picked":["Pommel Strike","Headbutt","Inflame"],"picked":"Offering","floor":14.0},{"not_picked":["Dark Embrace","Offering","Berserk"],"picked":"Limit Break","floor":16.0},{"not_picked":["Seeing Red","Body Slam+1","Clash","Wild Strike"],"picked":"SKIP","floor":18.0},{"not_picked":["Anger+1","Sword Boomerang","Cleave","Combust"],"picked":"SKIP","floor":18.0},{"not_picked":["Iron Wave","Armaments","Fire Breathing+1","Hemokinesis"],"picked":"SKIP","floor":20.0},{"not_picked":["Rampage","Body Slam","Uppercut","Iron Wave"],"picked":"SKIP","floor":20.0},{"not_picked":["Shrug It Off","Havoc","Clothesline","Twin Strike"],"picked":"SKIP","floor":24.0},{"not_picked":["Double Tap","Ghostly Armor","Warcry+1","Twin Strike+1"],"picked":"SKIP","floor":24.0},{"not_picked":["Rage","Cleave+1","Fiend Fire","Sword Boomerang"],"picked":"SKIP","floor":25.0},{"not_picked":["Armaments+1","Warcry","Cleave"],"picked":"Battle Trance","floor":29.0},{"not_picked":["Heavy Blade","Armaments","Entrench+1","Cleave"],"picked":"SKIP","floor":29.0},{"not_picked":["Pommel Strike+1","Impervious","Anger","Seeing Red"],"picked":"SKIP","floor":31},{"not_picked":["Headbutt","Power Through","Clash","Cleave"],"picked":"SKIP","floor":31},{"not_picked":["Barricade","Demon Form","Berserk"],"picked":"Reaper","floor":33},{"not_picked":["Body Slam+1","Wild Strike+1","Whirlwind","Twin Strike+1"],"picked":"Singing Bowl","floor":35},{"not_picked":["Iron Wave+1","Armaments+1","Clash+1","Rage"],"picked":"Singing Bowl","floor":35},{"not_picked":["Dramatic Entrance","Sadistic Nature","Impatience","Metamorphosis"],"picked":"Singing Bowl","floor":37},{"not_picked":["Twin Strike+1","Cleave+1","Warcry","Headbutt"],"picked":"Singing Bowl","floor":39},{"not_picked":["Clash+1","Havoc","Bloodletting","Rage"],"picked":"Singing Bowl","floor":39},{"not_picked":["Clash","Warcry+1","Iron Wave","Shrug It Off+1"],"picked":"Singing Bowl","floor":41},{"not_picked":["Warcry+1","Thunderclap+1","Sever Soul+1"],"picked":"Flex+1","floor":42},{"not_picked":["Rupture+1","Ghostly Armor+1","Perfected Strike","Power Through+1"],"picked":"Singing Bowl","floor":42},{"not_picked":["Reaper","Headbutt+1","Ghostly Armor+1","Sword Boomerang"],"picked":"Singing Bowl","floor":45},{"not_picked":["Heavy Blade","Cleave+1","Wild Strike"],"picked":"Flex+1","floor":45},{"not_picked":["Armaments+1","Bloodletting+1","Flame Barrier","Shockwave"],"picked":"Singing Bowl","floor":48},{"not_picked":["Havoc","Warcry+1","Infernal Blade","Cleave"],"picked":"Singing Bowl","floor":48}],"player_experience":332840,"relics_obtained":[{"floor":7.0,"key":"Question Card"},{"floor":9.0,"key":"Happy Flower"},{"floor":19.0,"key":"Sundial"},{"floor":25.0,"key":"Darkstone Periapt"},{"floor":26.0,"key":"Meat on the Bone"},{"floor":30.0,"key":"Turnip"},{"floor":34,"key":"Orichalcum"},{"floor":34,"key":"Singing Bowl"},{"floor":34,"key":"Incense Burner"},{"floor":41,"key":"Bottled Lightning"},{"floor":43,"key":"The Courier"}],"event_choices":[{"damage_healed":0.0,"max_hp_gain":0.0,"max_hp_loss":0.0,"gold_gain":0.0,"event_name":"Shining Light","player_choice":"Entered Light","floor":2.0,"gold_loss":0.0,"damage_taken":14.0,"cards_upgraded":["Bash","Defend_R"]},{"cards_removed":["Strike_R"],"damage_healed":0.0,"max_hp_gain":0.0,"max_hp_loss":0.0,"gold_gain":0.0,"event_name":"The Cleric","player_choice":"Card Removal","floor":3.0,"gold_loss":50.0,"damage_taken":0.0},{"damage_healed":0.0,"max_hp_gain":0.0,"max_hp_loss":0.0,"gold_gain":0.0,"cards_transformed":["Strike_R"],"event_name":"Transmorgrifier","player_choice":"Transformed","floor":4.0,"gold_loss":0.0,"damage_taken":0.0,"cards_obtained":["Seeing Red"]},{"damage_healed":0.0,"max_hp_gain":0.0,"max_hp_loss":0.0,"gold_gain":0.0,"event_name":"Accursed Blacksmith","player_choice":"Forge","floor":13.0,"gold_loss":0.0,"damage_taken":0.0,"cards_upgraded":["Offering"]},{"damage_healed":0.0,"max_hp_gain":0.0,"max_hp_loss":0.0,"gold_gain":0.0,"event_name":"The Mausoleum","player_choice":"Ignored","floor":22.0,"gold_loss":0.0,"damage_taken":0.0},{"damage_healed":0.0,"max_hp_gain":0.0,"max_hp_loss":0.0,"gold_gain":0.0,"event_name":"The Library","player_choice":"Read","floor":28.0,"gold_loss":0.0,"damage_taken":0.0,"cards_obtained":["Flex"]},{"damage_healed":0,"gold_gain":0,"player_choice":"Memory 1","damage_taken":0,"max_hp_gain":0,"max_hp_loss":0,"event_name":"SensoryStone","floor":37,"gold_loss":0},{"cards_removed":["Defend_R"],"damage_healed":0,"gold_gain":0,"player_choice":"Purged","damage_taken":0,"max_hp_gain":0,"max_hp_loss":0,"event_name":"Purifier","floor":38,"gold_loss":0}],"is_beta":false,"boss_relics":[{"not_picked":["Snecko Eye","Runic Pyramid"],"picked":"Astrolabe"},{"not_picked":["Philosopher\u0027s Stone","Fusion Hammer"],"picked":"Calling Bell"}],"items_purged_floors":[12,21,27,36,47],"is_endless":false,"potions_floor_spawned":[7,20,25,29,42,45,48],"ascension_level":9}