{"gold_per_floor":[118,118,61,61,61,61,90,90,117,142,160,160,231,72,72,167,167,191,207,207,107,130,130,130,151,174,174,174],"floor_reached":28,"playtime":891,"items_purged":["Strike_R","Strike_R"],"score":503,"play_id":"a292ad41-8870-48a1-ba79-9ceb12d1062c","local_time":"20190516221832","is_ascension_mode":true,"campfire_choices":[{"data":"Flex","floor":6.0,"key":"SMITH"},{"data":"Bash","floor":8.0,"key":"SMITH"},{"data":"Thunderclap","floor":15.0,"key":"SMITH"},{"floor":23.0,"key":"REST"}],"neow_cost":"NONE","seed_source_timestamp":0,"circlet_count":0,"master_deck":["AscendersBane","Strike_R","Strike_R","Defend_R","Defend_R+1","Bash+1","Clash+1","Flex+1","Thunderclap+1","Battle Trance","Double Tap+1","Warcry+1","Limit Break+1","Flex+1"],"special_seed":0,"relics":["Burning Blood","NeowsBlessing","Bronze Scales","Dream Catcher","Juzu Bracelet","Golden Idol","Orichalcum","Astrolabe","Nilry\u0027s Codex","Anchor"],"potions_floor_usage":[25,25,28],"damage_taken":[{"damage":0.0,"enemies":"Small Slimes","floor":1.0,"turns":1.0},{"damage":0.0,"enemies":"Gremlin Nob","floor":7.0,"turns":1.0},{"damage":0.0,"enemies":"Lagavulin","floor":10.0,"turns":1.0},{"damage":0.0,"enemies":"2 Louse","floor":11.0,"turns":3.0},{"damage":25.0,"enemies":"Lagavulin Event","floor":13.0,"turns":5.0},{"damage":33.0,"enemies":"Slime Boss","floor":16.0,"turns":6.0},{"damage":21.0,"enemies":"2 Thieves","floor":18.0,"turns":2.0},{"damage":12.0,"enemies":"3 Byrds","floor":19.0,"turns":2.0},{"damage":17.0,"enemies":"Centurion and Healer","floor":22.0,"turns":3.0},{"damage":21,"enemies":"Shelled Parasite and Fungi","floor":25,"turns":2},{"damage":14,"enemies":"Cultist and Chosen","floor":28,"turns":3}],"seed_played":"-8004188264390053409","potions_obtained":[{"floor":7.0,"key":"Explosive Potion"},{"floor":13.0,"key":"Swift Potion"},{"floor":19.0,"key":"Strength Potion"},{"floor":22.0,"key":"FearPotion"},{"floor":25,"key":"SpeedPotion"}],"is_trial":false,"path_per_floor":["M","?","$","?","?","R","E","R","T","E","M","?","?","$","R","B",null,"M","M","?","$","M","R","?","M","T","?","M"],"character_chosen":"IRONCLAD","items_purchased":["Flex","Battle Trance"],"campfire_rested":1,"item_purchase_floors":[3,14],"current_hp_per_floor":[74,51,51,51,51,51,57,57,57,63,69,68,49,49,49,22,57,42,36,36,36,25,45,24,9,9,9,0],"gold":174,"neow_bonus":"THREE_ENEMY_KILL","is_prod":false,"is_daily":false,"chose_seed":false,"campfire_upgraded":3,"win_rate":0,"timestamp":1558070312,"path_taken":["M","?","$","?","?","R","E","R","T","E","M","?","?","$","R","BOSS","M","M","?","$","M","R","?","M","T","?","M"],"build_version":"2019-01-23","purchased_purges":2,"victory":false,"max_hp_per_floor":[75,75,75,75,75,75,75,75,75,75,75,68,68,68,68,68,68,68,68,68,68,68,68,68,68,68,68,68],"card_choices":[{"not_picked":["Combust","Body Slam"],"picked":"Clash","floor":1.0},{"not_picked":["Metallicize","Second Wind","Reckless Charge"],"picked":"SKIP","floor":7.0},{"not_picked":["Havoc","Rupture"],"picked":"Thunderclap","floor":10.0},{"not_picked":["Spot Weakness","Carnage","Warcry"],"picked":"SKIP","floor":11.0},{"not_picked":["Perfected Strike","Rupture","Warcry"],"picked":"SKIP","floor":18.0},{"not_picked":["Hemokinesis","Armaments"],"picked":"Flex","floor":19.0},{"not_picked":["True Grit","Shrug It Off","Heavy Blade"],"picked":"SKIP","floor":22.0},{"not_picked":["True Grit","Twin Strike","Perfected Strike"],"picked":"SKIP","floor":25}],"player_experience":393840,"relics_obtained":[{"floor":7.0,"key":"Bronze Scales"},{"floor":9.0,"key":"Dream Catcher"},{"floor":10.0,"key":"Juzu Bracelet"},{"floor":13.0,"key":"Orichalcum"},{"floor":24.0,"key":"Nilry\u0027s Codex"},{"floor":26,"key":"Anchor"}],"event_choices":[{"damage_healed":0.0,"max_hp_gain":0.0,"max_hp_loss":0.0,"gold_gain":0.0,"event_name":"Shining Light","player_choice":"Entered Light","floor":2.0,"gold_loss":0.0,"damage_taken":23.0,"cards_upgraded":["Defend_R","Clash"]},{"damage_healed":0.0,"max_hp_gain":0.0,"max_hp_loss":0.0,"gold_gain":0.0,"event_name":"The Cleric","player_choice":"Leave","floor":4.0,"gold_loss":0.0,"damage_taken":0.0},{"damage_healed":0.0,"max_hp_gain":0.0,"max_hp_loss":0.0,"gold_gain":0.0,"event_name":"WeMeetAgain","player_choice":"Ignored","floor":5.0,"gold_loss":0.0,"damage_taken":0.0},{"damage_healed":0.0,"max_hp_gain":0.0,"max_hp_loss":7.0,"gold_gain":0.0,"event_name":"Golden Idol","player_choice":"Lose Max HP","floor":12.0,"gold_loss":0.0,"damage_taken":0.0,"relics_obtained":["Golden Idol"]},{"damage_healed":0.0,"max_hp_gain":0.0,"max_hp_loss":0.0,"gold_gain":0.0,"event_name":"Dead Adventurer","player_choice":"Searched \u00271\u0027 times","floor":13.0,"gold_loss":0.0,"damage_taken":0.0},{"damage_healed":0.0,"max_hp_gain":0.0,"max_hp_loss":0.0,"gold_gain":0.0,"event_name":"Accursed Blacksmith","player_choice":"Forge","floor":20.0,"gold_loss":0.0,"damage_taken":0.0,"cards_upgraded":["Flex"]},{"damage_healed":0.0,"max_hp_gain":0.0,"max_hp_loss":0.0,"gold_gain":0.0,"event_name":"Cursed Tome","player_choice":"Obtained Book","floor":24.0,"gold_loss":0.0,"damage_taken":21.0},{"damage_healed":0,"gold_gain":0,"player_choice":"Ignored","damage_taken":0,"max_hp_gain":0,"max_hp_loss":0,"event_name":"The Mausoleum","floor":27,"gold_loss":0}],"is_beta":false,"boss_relics":[{"not_picked":["White Beast Statue","Black Blood"],"picked":"Astrolabe"}],"items_purged_floors":[14,21],"is_endless":false,"potions_floor_spawned":[7,13,19,22,25],"killed_by":"Cultist and Chosen","ascension_level":17}