{"gold_per_floor":[114,129,144,159,234,234,234,234,234,234,234,249,264,279,279,379,379,364,379,394,117,117,117,117,117,117,117,117,132,132,147,147,247,297,312,312,312,412,162,162,162,177,177,192,192,25,25,25,25,25],"floor_reached":51,"playtime":3527,"items_purged":[],"score":610,"play_id":"d900d401-bdfe-44be-947a-11b9e8effed4","local_time":"20190716084301","daily_mods":["SealedDeck","Flight","Elite Swarm"],"is_ascension_mode":false,"campfire_choices":[{"data":"Noxious Fumes","floor":6,"key":"SMITH"},{"floor":8,"key":"REST"},{"floor":11,"key":"REST"},{"data":"After Image","floor":15,"key":"SMITH"},{"floor":23,"key":"REST"},{"data":"Noxious Fumes","floor":24,"key":"SMITH"},{"data":"Accuracy","floor":25,"key":"SMITH"},{"floor":30,"key":"REST"},{"floor":32,"key":"REST"},{"floor":40,"key":"REST"},{"floor":41,"key":"REST"},{"floor":45,"key":"REST"},{"floor":49,"key":"REST"}],"neow_cost":"","seed_source_timestamp":0,"circlet_count":0,"master_deck":["Cloak And Dagger+1","Dagger Spray+1","Deflect+1","Dodge and Roll+1","Dodge and Roll+1","Bane+1","Endless Agony+1","Deadly Poison+1","Deadly Poison+1","Noxious Fumes+1","PiercingWail+1","Endless Agony+1","Cloak And Dagger+1","Accuracy+1","Bane+1","Cloak And Dagger+1","After Image+1","A Thousand Cuts+1","Infinite Blades+1","Outmaneuver+1","Noxious Fumes+1","RitualDagger+1","Footwork+1","Noxious Fumes+1","Poisoned Stab+1","Dodge and Roll+1","Catalyst+1","Caltrops+1","The Bomb","Bullet Time"],"special_seed":18093,"relics":["Ring of the Snake","Snake Skull","Black Star","TwistedFunnel","Blue Candle","Nilry\u0027s Codex","Tiny House","Mark of the Bloom","Ninja Scroll","Gremlin Horn"],"potions_floor_usage":[50,50,50],"damage_taken":[{"damage":8,"enemies":"2 Louse","floor":1,"turns":3},{"damage":1,"enemies":"Small Slimes","floor":2,"turns":3},{"damage":0,"enemies":"Jaw Worm","floor":3,"turns":3},{"damage":2,"enemies":"Red Slaver","floor":4,"turns":3},{"damage":0,"enemies":"Large Slime","floor":12,"turns":4},{"damage":4,"enemies":"2 Fungi Beasts","floor":13,"turns":3},{"damage":2,"enemies":"Looter","floor":14,"turns":3},{"damage":32,"enemies":"Slime Boss","floor":16,"turns":7},{"damage":11,"enemies":"2 Thieves","floor":18,"turns":4},{"damage":0,"enemies":"Chosen","floor":19,"turns":4},{"damage":6,"enemies":"3 Cultists","floor":20,"turns":5},{"damage":29,"enemies":"Centurion and Healer","floor":29,"turns":5},{"damage":0,"enemies":"Cultist and Chosen","floor":31,"turns":5},{"damage":49,"enemies":"Automaton","floor":33,"turns":11},{"damage":14,"enemies":"Orb Walker","floor":35,"turns":4},{"damage":6,"enemies":"3 Darklings","floor":42,"turns":4},{"damage":0,"enemies":"Jaw Worm Horde","floor":44,"turns":3},{"damage":48,"enemies":"Donu and Deca","floor":50,"turns":7}],"seed_played":"8395703785008640868","potions_obtained":[{"floor":1,"key":"Block Potion"},{"floor":2,"key":"GhostInAJar"},{"floor":10,"key":"EntropicBrew"},{"floor":10,"key":"SmokeBomb"}],"is_trial":false,"path_per_floor":["M","M","M","M","?","R","?","R","T","?","R","M","M","M","R","B",null,"M","M","M","$","?","R","R","R","T","?","?","M","R","M","R","B",null,"M","?","?","?","$","R","R","M","T","M","R","$","?","$","R","B",null],"character_chosen":"THE_SILENT","items_purchased":["TwistedFunnel","Noxious Fumes","Ninja Scroll","The Bomb"],"campfire_rested":9,"item_purchase_floors":[21,21,39,46],"current_hp_per_floor":[62,61,61,59,48,48,34,55,55,55,70,70,66,64,64,32,70,59,59,53,53,53,70,70,70,70,54,48,19,40,40,61,12,75,61,61,61,61,61,61,61,55,55,55,55,55,55,55,55,7],"gold":25,"neow_bonus":"","is_prod":false,"is_daily":true,"chose_seed":false,"campfire_upgraded":4,"win_rate":0.0,"timestamp":1563288181,"path_taken":["M","M","M","M","?","R","?","R","T","?","R","?","M","M","R","BOSS","M","M","M","$","?","R","R","R","T","?","?","?","R","M","R","BOSS","M","?","?","?","$","R","R","M","T","?","R","$","?","?","R","BOSS"],"build_version":"2019-07-05","purchased_purges":0,"victory":true,"max_hp_per_floor":[70,70,70,70,70,70,70,70,70,70,70,70,70,70,70,70,70,70,70,70,70,70,70,70,70,70,70,70,70,70,70,70,70,75,75,75,75,75,75,75,75,75,75,75,75,75,75,75,75,75],"card_choices":[{"not_picked":["Expertise","Flying Knee"],"picked":"PiercingWail","floor":1},{"not_picked":["Outmaneuver","Escape Plan"],"picked":"Endless Agony","floor":2},{"not_picked":["Dodge and Roll","Calculated Gamble"],"picked":"Cloak And Dagger","floor":3},{"not_picked":["Finisher","Flying Knee"],"picked":"Accuracy","floor":4},{"not_picked":["Prepared","Blade Dance"],"picked":"Bane","floor":12},{"not_picked":["Prepared","Blade Dance"],"picked":"Cloak And Dagger","floor":13},{"not_picked":["Underhanded Strike","Blade Dance"],"picked":"After Image","floor":14},{"not_picked":["Adrenaline","Unload"],"picked":"A Thousand Cuts","floor":16},{"not_picked":["Blur","Poisoned Stab+1"],"picked":"Infinite Blades+1","floor":18},{"not_picked":["Reflex","Calculated Gamble"],"picked":"Outmaneuver","floor":19},{"not_picked":["Deadly Poison+1","Backstab+1"],"picked":"Poisoned Stab","floor":20},{"not_picked":["Blade Dance+1","Sucker Punch+1"],"picked":"Footwork+1","floor":29},{"not_picked":["Backstab","Eviscerate"],"picked":"Noxious Fumes","floor":31},{"not_picked":["Outmaneuver","Acrobatics+1"],"picked":"Poisoned Stab+1","floor":34},{"not_picked":["Setup+1","Poisoned Stab+1"],"picked":"Dodge and Roll+1","floor":35},{"not_picked":["Flying Knee","Concentrate+1"],"picked":"Catalyst+1","floor":42},{"not_picked":["Prepared","Deadly Poison"],"picked":"Caltrops+1","floor":44}],"player_experience":59097,"relics_obtained":[{"floor":9,"key":"Snake Skull"},{"floor":26,"key":"Blue Candle"},{"floor":27,"key":"Nilry\u0027s Codex"},{"floor":43,"key":"Gremlin Horn"}],"event_choices":[{"damage_healed":0,"gold_gain":75,"player_choice":"Gather Gold","damage_taken":11,"max_hp_gain":0,"max_hp_loss":0,"event_name":"World of Goop","floor":5,"gold_loss":0},{"damage_healed":0,"gold_gain":0,"player_choice":"Entered Light","damage_taken":14,"max_hp_gain":0,"max_hp_loss":0,"event_name":"Shining Light","floor":7,"gold_loss":0,"cards_upgraded":["Dodge and Roll","Cloak And Dagger"]},{"damage_healed":0,"gold_gain":0,"player_choice":"Got Potions","damage_taken":0,"max_hp_gain":0,"max_hp_loss":0,"event_name":"Lab","floor":10,"gold_loss":0},{"damage_healed":0,"gold_gain":0,"player_choice":"Ignored","damage_taken":0,"max_hp_gain":0,"max_hp_loss":0,"event_name":"Vampires","floor":22,"gold_loss":0},{"damage_healed":0,"gold_gain":0,"player_choice":"Obtained Book","damage_taken":16,"max_hp_gain":0,"max_hp_loss":0,"event_name":"Cursed Tome","floor":27,"gold_loss":0},{"damage_healed":0,"gold_gain":0,"player_choice":"Joined the Cult","damage_taken":6,"max_hp_gain":0,"max_hp_loss":0,"event_name":"Nest","floor":28,"gold_loss":0,"cards_obtained":["RitualDagger"]},{"damage_healed":0,"gold_gain":0,"player_choice":"Upgrade","damage_taken":0,"relics_obtained":["Mark of the Bloom"],"max_hp_gain":0,"max_hp_loss":0,"event_name":"MindBloom","floor":36,"gold_loss":0,"cards_upgraded":["Cloak And Dagger","Dagger Spray","Deflect","Dodge and Roll","Bane","Endless Agony","Deadly Poison","Deadly Poison","Endless Agony","Bane","Cloak And Dagger","A Thousand Cuts","Outmaneuver","Poisoned Stab","RitualDagger","Noxious Fumes"]},{"cards_removed":["Poisoned Stab"],"damage_healed":0,"gold_gain":0,"player_choice":"Removed Attack","damage_taken":0,"max_hp_gain":0,"max_hp_loss":0,"event_name":"Falling","floor":37,"gold_loss":0},{"damage_healed":0,"gold_gain":100,"player_choice":"Pray","damage_taken":0,"max_hp_gain":0,"max_hp_loss":0,"event_name":"Golden Shrine","floor":38,"gold_loss":0},{"damage_healed":0,"gold_gain":0,"player_choice":"1 cards matched","damage_taken":0,"max_hp_gain":0,"max_hp_loss":0,"event_name":"Match and Keep!","floor":47,"gold_loss":0,"cards_obtained":["Bullet Time"]}],"is_beta":false,"boss_relics":[{"not_picked":["Cursed Key","Empty Cage"],"picked":"Black Star"},{"not_picked":["HoveringKite","Orrery"],"picked":"Tiny House"}],"items_purged_floors":[],"is_endless":false,"potions_floor_spawned":[1,2,13,14,19,20,35,44],"ascension_level":0}