{"gold_per_floor":[363,363,378,388,313,345,345,371,371,382,10,10,10,85,85,180,230,247,18,18,18,18,18,43,43,43,54,54,69,79,29,29,127,127,137,87,103,103,103,103,123,156,156,186,186,186,136,155,155,155],"floor_reached":51,"playtime":1433,"items_purged":["Strike_B","Strike_B","Strike_B","Strike_B","Defend_B","Defend_B"],"score":1010,"play_id":"ddc8c5f9-0cc9-4cff-be42-c2066e7b348a","local_time":"20190402164837","is_ascension_mode":true,"campfire_choices":[{"data":"Zap","floor":7,"key":"SMITH"},{"data":"Dualcast","floor":13,"key":"SMITH"},{"floor":15,"key":"REST"},{"data":"White Noise","floor":23,"key":"SMITH"},{"data":"Scrape","floor":28,"key":"SMITH"},{"floor":32,"key":"REST"},{"data":"Reboot","floor":40,"key":"SMITH"},{"data":"Hologram","floor":46,"key":"SMITH"},{"data":"Go for the Eyes","floor":49,"key":"SMITH"}],"neow_cost":"TEN_PERCENT_HP_LOSS","seed_source_timestamp":148151071565600,"circlet_count":0,"master_deck":["Defend_B","Zap+1","Dualcast+1","Go for the Eyes+1","White Noise+1","Beam Cell+1","Gash","Gash","All For One","FTL","Steam+1","Gash","Hologram+1","Scrape+1","Defragment+1","Reboot+1","Gash+1","Reboot+1"],"relics":["Cracked Core","Smiling Mask","Letter Opener","Dream Catcher","Thread and Needle","Tiny House","Bag of Preparation","Juzu Bracelet","MutagenicStrength","Ancient Tea Set","Incense Burner","Eternal Feather","Mango","Torii","Unceasing Top"],"potions_floor_usage":[16,33,33,50,50,50],"damage_taken":[{"damage":2,"enemies":"Jaw Worm","floor":1,"turns":3},{"damage":0,"enemies":"Small Slimes","floor":3,"turns":2},{"damage":0,"enemies":"2 Louse","floor":4,"turns":3},{"damage":20,"enemies":"3 Sentries","floor":6,"turns":4},{"damage":34,"enemies":"Gremlin Nob","floor":8,"turns":4},{"damage":1,"enemies":"Large Slime","floor":10,"turns":5},{"damage":1,"enemies":"Slime Boss","floor":16,"turns":6},{"damage":14,"enemies":"Shell Parasite","floor":18,"turns":4},{"damage":14,"enemies":"Slavers","floor":24,"turns":4},{"damage":0,"enemies":"Chosen","floor":27,"turns":3},{"damage":0,"enemies":"Snake Plant","floor":29,"turns":2},{"damage":0,"enemies":"Shelled Parasite and Fungi","floor":30,"turns":1},{"damage":0,"enemies":"Automaton","floor":33,"turns":6},{"damage":0,"enemies":"3 Darklings","floor":35,"turns":2},{"damage":0,"enemies":"3 Shapes","floor":37,"turns":2},{"damage":1,"enemies":"3 Darklings","floor":41,"turns":2},{"damage":13,"enemies":"Reptomancer","floor":42,"turns":4},{"damage":0,"enemies":"Nemesis","floor":44,"turns":1},{"damage":0,"enemies":"4 Shapes","floor":48,"turns":1},{"damage":56,"enemies":"Awakened One","floor":50,"turns":4}],"seed_played":"-8243828680427890806","potions_obtained":[{"floor":6,"key":"LiquidBronze"},{"floor":8,"key":"Weak Potion"},{"floor":10,"key":"Fire Potion"},{"floor":17,"key":"SpeedPotion"},{"floor":27,"key":"EssenceOfSteel"},{"floor":33,"key":"Dexterity Potion"},{"floor":42,"key":"AttackPotion"}],"is_trial":false,"path_per_floor":["M","$","M","M","$","E","R","E","T","M","$","?","R","?","R","B",null,"M","$","?","?","?","R","E","?","T","M","R","M","M","$","R","B",null,"M","$","M","?","?","R","M","E","T","E","?","R","$","M","R","B",null],"character_chosen":"DEFECT","items_purchased":["Gash","Thread and Needle","Gash","Bag of Preparation"],"campfire_rested":2,"item_purchase_floors":[11,11,19,19],"current_hp_per_floor":[66,66,66,66,66,46,46,12,12,11,11,33,33,22,42,41,73,59,59,59,59,59,59,45,45,45,45,45,45,45,45,66,66,73,73,73,73,73,69,69,68,69,69,69,69,78,78,78,83,27],"gold":155,"neow_bonus":"TWO_FIFTY_GOLD","is_prod":false,"is_daily":false,"chose_seed":false,"campfire_upgraded":7,"win_rate":0,"timestamp":1554248917,"path_taken":["M","$","M","M","$","E","R","E","T","M","$","?","R","?","R","BOSS","M","$","?","?","?","R","E","?","T","M","R","M","M","$","R","BOSS","M","$","M","?","?","R","M","E","T","E","?","R","$","M","R","BOSS"],"build_version":"2019-01-23","purchased_purges":6,"victory":true,"max_hp_per_floor":[68,68,68,68,68,68,68,68,68,68,68,68,68,68,68,68,73,73,73,73,73,73,73,73,73,73,73,73,73,73,73,73,73,73,73,73,73,73,69,69,69,83,83,83,83,83,83,83,83,83],"card_choices":[{"not_picked":["Ball Lightning","Cold Snap","Rip and Tear"],"picked":"SKIP","floor":1},{"not_picked":["Conserve Battery","Heatsinks"],"picked":"Go for the Eyes","floor":3},{"not_picked":["Hologram","Capacitor"],"picked":"White Noise","floor":4},{"not_picked":["Auto Shields","Conserve Battery"],"picked":"Beam Cell","floor":6},{"not_picked":["Coolheaded","Compile Driver","Buffer"],"picked":"SKIP","floor":8},{"not_picked":["Go for the Eyes","Reprogram"],"picked":"Gash","floor":10},{"not_picked":["Core Surge","Biased Cognition"],"picked":"All For One","floor":16},{"not_picked":["Beam Cell","Doom and Gloom"],"picked":"FTL","floor":17},{"not_picked":["Tempest","Barrage"],"picked":"Steam+1","floor":18},{"not_picked":["Tempest","Conserve Battery","Reinforced Body"],"picked":"SKIP","floor":24},{"not_picked":["Cold Snap","Compile Driver+1"],"picked":"Scrape","floor":27},{"not_picked":["Tempest+1","Lockon+1","Reinforced Body"],"picked":"SKIP","floor":29},{"not_picked":["Coolheaded+1","BootSequence"],"picked":"Defragment+1","floor":30},{"not_picked":["Creative AI","Seek"],"picked":"Reboot","floor":33},{"not_picked":["Force Field","Steam+1","Chaos"],"picked":"SKIP","floor":35},{"not_picked":["Skim+1","Storm+1"],"picked":"Gash+1","floor":37},{"not_picked":["Sweeping Beam+1","Barrage","Conserve Battery+1"],"picked":"SKIP","floor":41},{"not_picked":["Gash","Blizzard","Creative AI"],"picked":"SKIP","floor":42},{"not_picked":["Tempest+1","Capacitor+1","Coolheaded+1"],"picked":"SKIP","floor":44},{"not_picked":["Turbo+1","Barrage","Conserve Battery+1"],"picked":"SKIP","floor":48}],"player_experience":288263,"relics_obtained":[{"floor":6,"key":"Smiling Mask"},{"floor":8,"key":"Letter Opener"},{"floor":9,"key":"Dream Catcher"},{"floor":24,"key":"Ancient Tea Set"},{"floor":26,"key":"Incense Burner"},{"floor":42,"key":"Mango"},{"floor":43,"key":"Torii"},{"floor":44,"key":"Unceasing Top"}],"event_choices":[{"damage_healed":22,"gold_gain":0,"player_choice":"Banana","damage_taken":0,"max_hp_gain":0,"max_hp_loss":0,"event_name":"Big Fish","floor":12,"gold_loss":0},{"damage_healed":0,"gold_gain":75,"player_choice":"Gather Gold","damage_taken":11,"max_hp_gain":0,"max_hp_loss":0,"event_name":"World of Goop","floor":14,"gold_loss":0},{"damage_healed":0,"gold_gain":0,"player_choice":"Opened","damage_taken":0,"relics_obtained":["Juzu Bracelet"],"max_hp_gain":0,"max_hp_loss":0,"event_name":"The Mausoleum","floor":20,"gold_loss":0},{"damage_healed":0,"gold_gain":0,"player_choice":"Read","damage_taken":0,"max_hp_gain":0,"max_hp_loss":0,"event_name":"The Library","floor":21,"gold_loss":0,"cards_obtained":["Hologram"]},{"damage_healed":0,"gold_gain":0,"player_choice":"Inject Mutagens","damage_taken":0,"relics_obtained":["MutagenicStrength"],"max_hp_gain":0,"max_hp_loss":0,"event_name":"Drug Dealer","floor":22,"gold_loss":0},{"damage_healed":0,"gold_gain":0,"player_choice":"Ignored","damage_taken":0,"max_hp_gain":0,"max_hp_loss":0,"event_name":"Beggar","floor":25,"gold_loss":0},{"cards_removed":["Defend_B"],"damage_healed":0,"gold_gain":0,"player_choice":"Offered Basic","damage_taken":0,"max_hp_gain":0,"max_hp_loss":0,"event_name":"Bonfire Elementals","floor":38,"gold_loss":0},{"damage_healed":0,"gold_gain":0,"player_choice":"Max HP","damage_taken":0,"max_hp_gain":0,"max_hp_loss":4,"event_name":"Winding Halls","floor":39,"gold_loss":0},{"damage_healed":0,"gold_gain":0,"player_choice":"Copied","damage_taken":0,"max_hp_gain":0,"max_hp_loss":0,"event_name":"Duplicator","floor":45,"gold_loss":0,"cards_obtained":["Reboot"]}],"is_beta":false,"boss_relics":[{"not_picked":["Ectoplasm","Astrolabe"],"picked":"Tiny House"},{"not_picked":["Velvet Choker","Cursed Key"],"picked":"Eternal Feather"}],"items_purged_floors":[5,11,19,31,36,47],"is_endless":false,"potions_floor_spawned":[6,8,10,27,29,33,42,44],"ascension_level":4}