{"path_per_floor":["M","M","M","?","$","R","M","R","T","M","M","?","M","M","R","B",null,"M","M","M","$","M","R"],"character_chosen":"IRONCLAD","items_purchased":["Shrug It Off","Bandage Up","Battle Trance"],"gold_per_floor":[119,133,144,144,18,18,25,25,25,50,66,66,84,109,109,238,238,253,274,287,14,27,27,27],"floor_reached":24,"campfire_rested":2,"playtime":4386,"current_hp_per_floor":[80,80,80,60,60,60,54,78,78,80,79,79,79,73,73,56,80,74,77,73,73,19,43,0],"items_purged":["Defend_R","Strike_R"],"gold":27,"score":194,"play_id":"5bea0700-e594-4f7e-b9fb-25a22a18ed6c","local_time":"20180508200652","is_prod":false,"is_daily":false,"chose_seed":false,"is_ascension_mode":false,"campfire_upgraded":2,"timestamp":1525806412,"path_taken":["M","M","M","?","$","R","M","R","T","M","M","?","M","?","R","BOSS","M","M","M","$","?","R","E"],"build_version":"2018-05-03","seed_source_timestamp":1719246648405782,"purchased_purges":2,"victory":false,"master_deck":["Strike_R","Strike_R","Strike_R","Defend_R","Defend_R","Defend_R","Bash","Anger+1","Armaments","Flex","Shrug It Off","Headbutt","Flex","Metallicize+1","Carnage","Shrug It Off","Feed","Dual Wield+1","Iron Wave","Body Slam","Bandage Up","Battle Trance","Twin Strike"],"max_hp_per_floor":[80,80,80,80,80,80,80,80,80,80,80,80,80,80,80,80,80,80,83,83,83,83,83,83],"relics":["Burning Blood","NeowsBlessing","Golden Idol","Bag of Marbles","Lizard Tail"],"card_choices":[{"not_picked":["Sword Boomerang","Rage"],"picked":"Anger","floor":1},{"not_picked":["Hemokinesis","Power Through"],"picked":"Armaments","floor":2},{"not_picked":["Power Through","Pummel"],"picked":"Flex","floor":3},{"not_picked":["Perfected Strike","Entrench"],"picked":"Headbutt","floor":10},{"not_picked":["Berserk","Sever Soul"],"picked":"Flex","floor":11},{"not_picked":["True Grit","Corruption"],"picked":"Carnage","floor":13},{"not_picked":["Clothesline","True Grit"],"picked":"Shrug It Off","floor":14},{"not_picked":["Offering","Fiend Fire"],"picked":"Feed","floor":16},{"not_picked":["Clash","Uppercut"],"picked":"Dual Wield","floor":18},{"not_picked":["Ghostly Armor","Warcry"],"picked":"Iron Wave","floor":19},{"not_picked":["Bloodletting","Pommel Strike"],"picked":"Body Slam","floor":20},{"not_picked":["Battle Trance","Sword Boomerang"],"picked":"Twin Strike","floor":22}],"player_experience":41343,"potions_floor_usage":[10,16,16,22,24],"damage_taken":[{"damage":0,"enemies":"Small Slimes","floor":1,"turns":1},{"damage":0,"enemies":"2 Louse","floor":2,"turns":1},{"damage":0,"enemies":"Cultist","floor":3,"turns":1},{"damage":12,"enemies":"Exordium Thugs","floor":7,"turns":4},{"damage":0,"enemies":"Lots of Slimes","floor":10,"turns":2},{"damage":7,"enemies":"3 Louse","floor":11,"turns":3},{"damage":6,"enemies":"Exordium Thugs","floor":13,"turns":4},{"damage":12,"enemies":"Lots of Slimes","floor":14,"turns":5},{"damage":23,"enemies":"The Guardian","floor":16,"turns":17},{"damage":12,"enemies":"Shell Parasite","floor":18,"turns":10},{"damage":6,"enemies":"3 Byrds","floor":19,"turns":8},{"damage":10,"enemies":"Snecko","floor":20,"turns":7},{"damage":79,"enemies":"Slaver and Parasite","floor":22,"turns":10},{"damage":102,"enemies":"Slavers","floor":24,"turns":7}],"event_choices":[{"event_name":"Golden Idol","player_choice":"Take Damage","floor":4,"damage_taken":0},{"event_name":"Living Wall","player_choice":"Change","floor":12,"damage_taken":0}],"boss_relics":[{"not_picked":["Tiny House","White Beast Statue"],"picked":"Lizard Tail"}],"potions_floor_spawned":[2,7,10,14,19],"seed_played":"-4530373042372948541","killed_by":"Slavers","ascension_level":0,"is_trial":false}