{"gold_per_floor":[118,138,43,59,71,102,102,202,202,202,231,231,247,274,286,403,415,408,440,466,496,527,539,576,301,301,301,301,320,320,339,339,435,435,452,552,41,41,53,82,98,98,122,122,122,122,122,133,133,133],"floor_reached":51,"playtime":4628,"items_purged":["Strike_R"],"score":867,"play_id":"52e001b6-7935-4998-9f28-159d5300c956","local_time":"20181118002805","is_ascension_mode":true,"campfire_choices":[{"data":"Heavy Blade","floor":7,"key":"SMITH"},{"data":"Inflame","floor":10,"key":"SMITH"},{"floor":12,"key":"REST"},{"data":"Bash","floor":15,"key":"SMITH"},{"floor":23,"key":"REST"},{"data":"Juggernaut","floor":27,"key":"SMITH"},{"data":"Body Slam","floor":32,"key":"SMITH"},{"floor":42,"key":"REST"},{"floor":44,"key":"REST"},{"floor":49,"key":"REST"}],"neow_cost":"NONE","seed_source_timestamp":348969953453924,"circlet_count":0,"master_deck":["Strike_R+1","Strike_R+1","Strike_R+1","Defend_R+1","Defend_R+1","Defend_R+1","Defend_R+1","Bash+1","Dropkick","Heavy Blade+1","Inflame+1","Shrug It Off","Iron Wave","Armaments","Juggernaut","Rage","Metallicize","Rage","Juggernaut","True Grit","Armaments+1","Headbutt","Battle Trance","Juggernaut+1","Good Instincts","Body Slam+1","Barricade","Inflame","Panache","Madness","Limit Break","Writhe","Demon Form"],"relics":["Burning Blood","Bronze Scales","StoneCalendar","Gambling Chip","Bird Faced Urn","MawBank","Mark of Pain","Pocketwatch","Self Forming Clay","MutagenicStrength","Lizard Tail","Nunchaku","Ice Cream","Girya","Bag of Preparation"],"potions_floor_usage":[5,6,13,13,13,19,21,22,24,40,48],"damage_taken":[{"damage":0,"enemies":"Small Slimes","floor":1,"turns":4},{"damage":1,"enemies":"Cultist","floor":2,"turns":3},{"damage":2,"enemies":"Jaw Worm","floor":4,"turns":3},{"damage":17,"enemies":"2 Fungi Beasts","floor":5,"turns":4},{"damage":15,"enemies":"Lagavulin","floor":6,"turns":4},{"damage":16,"enemies":"Gremlin Nob","floor":11,"turns":3},{"damage":15,"enemies":"Exordium Thugs","floor":13,"turns":5},{"damage":4,"enemies":"Lagavulin","floor":14,"turns":6},{"damage":40,"enemies":"The Guardian","floor":16,"turns":8},{"damage":19,"enemies":"2 Thieves","floor":18,"turns":4},{"damage":10,"enemies":"Shell Parasite","floor":19,"turns":4},{"damage":26,"enemies":"Sentry and Sphere","floor":20,"turns":5},{"damage":23,"enemies":"Cultist and Chosen","floor":21,"turns":6},{"damage":10,"enemies":"Snecko","floor":22,"turns":4},{"damage":18,"enemies":"Book of Stabbing","floor":24,"turns":6},{"damage":0,"enemies":"Snake Plant","floor":29,"turns":3},{"damage":3,"enemies":"Cultist and Chosen","floor":31,"turns":6},{"damage":18,"enemies":"Collector","floor":33,"turns":7},{"damage":4,"enemies":"Orb Walker","floor":35,"turns":3},{"damage":0,"enemies":"Mind Bloom Boss Battle","floor":36,"turns":4},{"damage":0,"enemies":"3 Shapes","floor":39,"turns":5},{"damage":70,"enemies":"Nemesis","floor":40,"turns":6},{"damage":19,"enemies":"Sphere and 2 Shapes","floor":41,"turns":4},{"damage":23,"enemies":"Spire Growth","floor":48,"turns":3},{"damage":120,"enemies":"Donu and Deca","floor":50,"turns":8}],"seed_played":"-7090484139805103628","potions_obtained":[{"floor":1,"key":"EssenceOfSteel"},{"floor":2,"key":"Ancient Potion"},{"floor":4,"key":"EntropicBrew"},{"floor":5,"key":"FearPotion"},{"floor":18,"key":"Regen Potion"},{"floor":20,"key":"SteroidPotion"},{"floor":21,"key":"Explosive Potion"},{"floor":22,"key":"Weak Potion"},{"floor":39,"key":"Block Potion"},{"floor":48,"key":"Poison Potion"}],"is_trial":false,"path_per_floor":["M","M","$","M","M","E","R","?","T","R","E","R","M","E","R","B",null,"M","M","M","M","M","R","E","$","T","R","?","M","?","M","R","B",null,"M","?","$","?","M","E","M","R","T","R","?","?","?","M","R","B",null],"character_chosen":"IRONCLAD","items_purchased":["Inflame","Shrug It Off","Juggernaut","Good Instincts","Body Slam","Ice Cream","Inflame","Panache"],"campfire_rested":5,"item_purchase_floors":[3,3,25,25,25,37,37,37],"current_hp_per_floor":[78,80,80,80,69,60,60,60,60,60,50,74,69,77,77,48,72,65,80,64,53,57,80,70,70,70,70,70,80,80,80,80,73,78,80,80,80,80,80,26,23,47,47,71,71,80,80,65,80,26],"gold":133,"neow_bonus":"RANDOM_COMMON_RELIC","is_prod":false,"is_daily":false,"chose_seed":false,"campfire_upgraded":5,"win_rate":0,"timestamp":1542500885,"path_taken":["M","M","$","M","M","E","R","?","T","R","E","R","M","E","R","BOSS","M","M","M","?","M","R","E","$","T","R","?","M","?","?","R","BOSS","M","?","$","?","M","E","M","R","T","R","?","?","?","M","R","BOSS"],"build_version":"2018-11-15","purchased_purges":1,"victory":true,"max_hp_per_floor":[80,80,80,80,80,80,80,80,80,80,80,80,80,80,80,80,80,80,80,80,80,80,80,80,80,80,80,80,80,80,80,80,80,80,80,80,80,80,80,80,80,80,80,80,80,80,80,80,80,80],"card_choices":[{"not_picked":["Anger","Clothesline"],"picked":"Dropkick","floor":1},{"not_picked":["Anger","Sword Boomerang"],"picked":"Heavy Blade","floor":2},{"not_picked":["Uppercut","Infernal Blade"],"picked":"Iron Wave","floor":4},{"not_picked":["Sword Boomerang","Carnage"],"picked":"Armaments","floor":5},{"not_picked":["Warcry","Wild Strike"],"picked":"Juggernaut","floor":6},{"not_picked":["Carnage","Clash"],"picked":"Rage","floor":11},{"not_picked":["Heavy Blade","Dual Wield"],"picked":"Metallicize","floor":13},{"not_picked":["Shockwave","Pummel"],"picked":"Rage","floor":14},{"not_picked":["Exhume","Berserk"],"picked":"Juggernaut","floor":16},{"not_picked":["Burning Pact+1","Shrug It Off"],"picked":"True Grit","floor":18},{"not_picked":["Clothesline","Anger"],"picked":"Armaments+1","floor":19},{"not_picked":["Power Through","True Grit+1"],"picked":"Headbutt","floor":20},{"not_picked":["Corruption","Shrug It Off","Ghostly Armor"],"picked":"SKIP","floor":21},{"not_picked":["Iron Wave","Thunderclap+1"],"picked":"Battle Trance","floor":22},{"not_picked":["Clothesline","Sword Boomerang","Headbutt+1"],"picked":"SKIP","floor":24},{"not_picked":["Wild Strike","Headbutt","Anger"],"picked":"SKIP","floor":29},{"not_picked":["Blood for Blood+1","Sever Soul","Ghostly Armor"],"picked":"SKIP","floor":31},{"not_picked":["Brutality","Bludgeon"],"picked":"Barricade","floor":33},{"not_picked":["Second Wind","Headbutt+1","Sword Boomerang+1"],"picked":"SKIP","floor":35},{"not_picked":["Forethought","Discovery"],"picked":"Madness","floor":38},{"not_picked":["Sword Boomerang+1","Clothesline"],"picked":"Limit Break","floor":39},{"not_picked":["Thunderclap","Warcry+1","Carnage"],"picked":"SKIP","floor":40},{"not_picked":["Uppercut","Burning Pact","Anger+1"],"picked":"SKIP","floor":41},{"not_picked":["Heavy Blade+1","Blood for Blood+1"],"picked":"Demon Form","floor":48}],"player_experience":853222,"relics_obtained":[{"floor":6,"key":"StoneCalendar"},{"floor":9,"key":"Gambling Chip"},{"floor":11,"key":"Bird Faced Urn"},{"floor":14,"key":"MawBank"},{"floor":24,"key":"Pocketwatch"},{"floor":26,"key":"Self Forming Clay"},{"floor":36,"key":"Nunchaku"},{"floor":40,"key":"Girya"},{"floor":43,"key":"Bag of Preparation"}],"event_choices":[{"damage_healed":0,"gold_gain":100,"player_choice":"Pray","damage_taken":0,"max_hp_gain":0,"max_hp_loss":0,"event_name":"Golden Shrine","floor":8,"gold_loss":0},{"damage_healed":0,"gold_gain":0,"player_choice":"Simplicity","damage_taken":0,"max_hp_gain":0,"max_hp_loss":0,"event_name":"Back to Basics","floor":28,"gold_loss":0,"cards_upgraded":["Strike_R","Strike_R","Strike_R","Strike_R","Defend_R","Defend_R","Defend_R","Defend_R"]},{"damage_healed":0,"gold_gain":0,"player_choice":"Inject Mutagens","damage_taken":0,"relics_obtained":["MutagenicStrength"],"max_hp_gain":0,"max_hp_loss":0,"event_name":"Drug Dealer","floor":30,"gold_loss":0},{"damage_healed":0,"gold_gain":0,"player_choice":"Fight","damage_taken":0,"max_hp_gain":0,"max_hp_loss":0,"event_name":"MindBloom","floor":36,"gold_loss":0},{"damage_healed":0,"gold_gain":0,"player_choice":"Memory 1","damage_taken":0,"max_hp_gain":0,"max_hp_loss":0,"event_name":"SensoryStone","floor":38,"gold_loss":0},{"damage_healed":0,"gold_gain":0,"player_choice":"Ignored","damage_taken":0,"max_hp_gain":0,"max_hp_loss":0,"event_name":"Mysterious Sphere","floor":45,"gold_loss":0},{"damage_healed":20,"gold_gain":0,"player_choice":"Writhe","damage_taken":0,"max_hp_gain":0,"max_hp_loss":0,"event_name":"Winding Halls","floor":46,"gold_loss":0,"cards_obtained":["Writhe"]},{"cards_removed":["Strike_R"],"damage_healed":0,"gold_gain":0,"player_choice":"Removed Attack","damage_taken":0,"max_hp_gain":0,"max_hp_loss":0,"event_name":"Falling","floor":47,"gold_loss":0}],"is_beta":false,"boss_relics":[{"not_picked":["Velvet Choker","Busted Crown"],"picked":"Mark of Pain"},{"not_picked":["Runic Cube","Astrolabe"],"picked":"Lizard Tail"}],"items_purged_floors":[25],"is_endless":false,"potions_floor_spawned":[1,2,4,5,18,20,21,22,36,39,48],"ascension_level":6}