{"gold_per_floor":[111,36,36,49,49,49,80,80,80,80,93,113,113,129,129,219,219,237,87,111,111,127,127,140,140,210,210],"floor_reached":27,"playtime":1230,"items_purged":["Strike_R","Strike_R"],"score":428,"play_id":"e1e16269-1fc6-46f9-b641-db0ae58992e6","local_time":"20190514130856","is_ascension_mode":true,"campfire_choices":[{"data":"Thunderclap","floor":6.0,"key":"SMITH"},{"data":"Flex","floor":13,"key":"SMITH"},{"floor":15,"key":"REST"},{"floor":23,"key":"REST"},{"floor":25,"key":"REST"}],"neow_cost":"NONE","seed_source_timestamp":0,"circlet_count":0,"master_deck":["AscendersBane","Strike_R","Defend_R","Defend_R","Defend_R","Defend_R","Bash+1","Thunderclap+1","Flex+1","Cleave+1","Reaper+1","Flex","Whirlwind+1"],"special_seed":0,"relics":["Burning Blood","NeowsBlessing","Golden Idol","Molten Egg 2","Lizard Tail","Bottled Flame"],"potions_floor_usage":[16,16,27],"damage_taken":[{"damage":0.0,"enemies":"Cultist","floor":1.0,"turns":1.0},{"damage":0.0,"enemies":"Small Slimes","floor":4.0,"turns":1.0},{"damage":0.0,"enemies":"Lagavulin","floor":7.0,"turns":1.0},{"damage":14,"enemies":"Jaw Worm","floor":11,"turns":3},{"damage":0,"enemies":"Large Slime","floor":12,"turns":5},{"damage":14,"enemies":"Red Slaver","floor":14,"turns":3},{"damage":58,"enemies":"The Guardian","floor":16,"turns":14},{"damage":56,"enemies":"Shell Parasite","floor":18,"turns":5},{"damage":44,"enemies":"2 Thieves","floor":20,"turns":4},{"damage":38,"enemies":"3 Cultists","floor":22,"turns":4},{"damage":28,"enemies":"Sentry and Sphere","floor":24,"turns":4},{"damage":38,"enemies":"Centurion and Healer","floor":27,"turns":3}],"seed_played":"-5771708726334866262","potions_obtained":[{"floor":4.0,"key":"Regen Potion"},{"floor":11,"key":"SpeedPotion"},{"floor":24,"key":"Energy Potion"}],"is_trial":false,"path_per_floor":["M","$","?","M","$","R","E","?","T","?","M","M","R","M","R","B",null,"M","$","M","?","M","R","M","R","T","M"],"character_chosen":"IRONCLAD","items_purchased":["Flex"],"campfire_rested":3,"item_purchase_floors":[19],"current_hp_per_floor":[74,74,68,68,68,68,68,68,68,61,53,59,59,51,68,31,59,16,16,29,29,14,34,17,37,37,0],"gold":210,"neow_bonus":"THREE_ENEMY_KILL","is_prod":false,"is_daily":false,"chose_seed":false,"campfire_upgraded":2,"win_rate":0,"timestamp":1557864536,"path_taken":["M","$","?","M","$","R","E","?","T","?","M","M","R","M","R","BOSS","M","$","M","?","?","R","?","R","T","M"],"build_version":"2019-01-23","purchased_purges":2,"victory":false,"max_hp_per_floor":[75,75,68,68,68,68,68,68,68,68,68,68,68,68,68,68,68,68,68,68,68,68,68,68,68,68,68],"card_choices":[{"not_picked":["Armaments","Wild Strike","Anger"],"picked":"SKIP","floor":1.0},{"not_picked":["Infernal Blade","Carnage"],"picked":"Thunderclap","floor":4.0},{"not_picked":["Second Wind","Armaments","Headbutt"],"picked":"SKIP","floor":7},{"not_picked":["Bloodletting","Shrug It Off"],"picked":"Flex","floor":11},{"not_picked":["Pommel Strike+1","Seeing Red","Power Through"],"picked":"SKIP","floor":12},{"not_picked":["Armaments","Spot Weakness"],"picked":"Cleave+1","floor":14},{"not_picked":["Double Tap","Fiend Fire+1"],"picked":"Reaper+1","floor":16},{"not_picked":["Shrug It Off+1","Clothesline+1","Thunderclap+1"],"picked":"SKIP","floor":18},{"not_picked":["Shrug It Off","Sentinel"],"picked":"Whirlwind+1","floor":20},{"not_picked":["Blood for Blood+1","Shrug It Off","Wild Strike+1"],"picked":"SKIP","floor":22},{"not_picked":["Thunderclap+1","Headbutt+1","Corruption"],"picked":"SKIP","floor":24}],"player_experience":387157,"relics_obtained":[{"floor":9,"key":"Molten Egg 2"},{"floor":26,"key":"Bottled Flame"}],"event_choices":[{"damage_healed":0.0,"max_hp_gain":0.0,"max_hp_loss":7.0,"gold_gain":0.0,"event_name":"Golden Idol","player_choice":"Lose Max HP","floor":3.0,"gold_loss":0.0,"damage_taken":0.0,"relics_obtained":["Golden Idol"]},{"damage_healed":0,"gold_gain":0,"player_choice":"Grow","damage_taken":0,"max_hp_gain":0,"max_hp_loss":0,"event_name":"Living Wall","floor":8,"gold_loss":0,"cards_upgraded":["Bash"]},{"cards_removed":["Strike_R"],"damage_healed":0,"gold_gain":0,"player_choice":"Card Removal","damage_taken":7,"max_hp_gain":0,"max_hp_loss":0,"event_name":"Golden Wing","floor":10,"gold_loss":0},{"cards_removed":["Strike_R"],"damage_healed":0,"gold_gain":0,"player_choice":"Purged","damage_taken":0,"max_hp_gain":0,"max_hp_loss":0,"event_name":"Purifier","floor":21,"gold_loss":0}],"is_beta":false,"boss_relics":[{"not_picked":["Cursed Key","Mark of Pain"],"picked":"Lizard Tail"}],"items_purged_floors":[2,19],"is_endless":false,"potions_floor_spawned":[4,11,12,24],"killed_by":"Centurion and Healer","ascension_level":16}