{"gold_per_floor":[109,121,133,83,103,103,119,145,145,163,88,88,88,48,48,48],"floor_reached":16,"playtime":2930,"items_purged":["Strike_G"],"score":102,"play_id":"bec6a2d2-2282-4f93-8642-4812cc1035c1","local_time":"20190723000101","is_ascension_mode":false,"campfire_choices":[{"data":"Well Laid Plans","floor":6,"key":"SMITH"},{"floor":13,"key":"REST"},{"floor":15,"key":"REST"}],"neow_cost":"NONE","seed_source_timestamp":31756722086517,"circlet_count":0,"master_deck":["Strike_G","Strike_G","Strike_G","Defend_G","Defend_G","Defend_G","Defend_G","Defend_G","Survivor","Neutralize","Terror","Bane","Escape Plan","Well Laid Plans+1","Skewer","PiercingWail","Deflect","Dash"],"relics":["Ring of the Snake","Orichalcum","Shuriken"],"potions_floor_usage":[5,16,16],"damage_taken":[{"damage":4,"enemies":"Cultist","floor":1,"turns":5},{"damage":0,"enemies":"Jaw Worm","floor":2,"turns":3},{"damage":0,"enemies":"Small Slimes","floor":3,"turns":3},{"damage":1,"enemies":"3 Louse","floor":5,"turns":2},{"damage":5,"enemies":"Exordium Wildlife","floor":7,"turns":9},{"damage":53,"enemies":"Lagavulin","floor":8,"turns":13},{"damage":9,"enemies":"Lots of Slimes","floor":10,"turns":8},{"damage":51,"enemies":"Hexaghost","floor":16,"turns":14}],"seed_played":"6112826636249810058","potions_obtained":[{"floor":1,"key":"Poison Potion"},{"floor":3,"key":"Explosive Potion"},{"floor":10,"key":"PowerPotion"}],"is_trial":false,"path_per_floor":["M","M","M","?","M","R","M","E","T","M","$","?","R","$","R","B"],"character_chosen":"THE_SILENT","items_purchased":["Dash"],"campfire_rested":2,"item_purchase_floors":[14],"current_hp_per_floor":[73,73,73,73,72,72,67,14,14,5,5,5,28,28,51,0],"gold":48,"neow_bonus":"TEN_PERCENT_HP_BONUS","is_prod":false,"is_daily":false,"chose_seed":false,"campfire_upgraded":1,"win_rate":0,"timestamp":1563854461,"path_taken":["M","M","?","?","M","R","M","E","T","M","$","?","R","$","R","BOSS"],"build_version":"2019-07-17","purchased_purges":1,"victory":false,"max_hp_per_floor":[77,77,77,77,77,77,77,77,77,77,77,77,77,77,77,77],"card_choices":[{"not_picked":["Dodge and Roll","Choke"],"picked":"Terror","floor":1},{"not_picked":["Quick Slash","Flying Knee"],"picked":"Bane","floor":2},{"not_picked":["Choke","Masterful Stab"],"picked":"Escape Plan","floor":3},{"not_picked":["Cloak And Dagger","Flechettes"],"picked":"Well Laid Plans","floor":5},{"not_picked":["Bane","Deflect"],"picked":"Skewer","floor":7},{"not_picked":["Bullet Time","Malaise"],"picked":"PiercingWail","floor":8},{"not_picked":["Slice","Quick Slash"],"picked":"Deflect","floor":10}],"player_experience":128321,"relics_obtained":[{"floor":8,"key":"Orichalcum"},{"floor":9,"key":"Shuriken"}],"event_choices":[{"cards_removed":["Strike_G"],"damage_healed":0,"gold_gain":0,"player_choice":"Card Removal","damage_taken":0,"max_hp_gain":0,"max_hp_loss":0,"event_name":"The Cleric","floor":4,"gold_loss":50},{"damage_healed":0,"gold_gain":0,"player_choice":"Fled","damage_taken":0,"max_hp_gain":0,"max_hp_loss":0,"event_name":"Scrap Ooze","floor":12,"gold_loss":0}],"is_beta":false,"boss_relics":[],"items_purged_floors":[11],"is_endless":false,"potions_floor_spawned":[1,3,10],"killed_by":"Hexaghost","ascension_level":0}