{"gold_per_floor":[117,132,145,155,155,155,165,165,192,205,205,222,284,284,284,404,404,422,157,172,172,189,189,189],"floor_reached":24,"playtime":760,"items_purged":[],"score":240,"play_id":"c5c4cb53-475f-4a85-8482-28f206818f8f","local_time":"20190426145825","is_ascension_mode":true,"campfire_choices":[{"floor":6,"key":"REST"},{"floor":11,"key":"REST"},{"floor":15,"key":"REST"},{"floor":23,"key":"REST"}],"neow_cost":"NONE","seed_source_timestamp":628017471820911,"circlet_count":0,"master_deck":["Defend_G","Defend_G","Defend_G","Defend_G","Defend_G","Strike_G","Strike_G+1","Survivor","Neutralize","Bouncing Flask+1","Skewer+1","Escape Plan+1","Quick Slash","Bouncing Flask","Noxious Fumes+1","Dagger Spray","Dash","Poisoned Stab","Injury","Bane","Caltrops"],"relics":["Astrolabe","Snake Skull","Tiny Chest","Bloody Idol","Philosopher\u0027s Stone","Vajra"],"potions_floor_usage":[16,16,22,22],"damage_taken":[{"damage":0,"enemies":"Cultist","floor":1,"turns":3},{"damage":0,"enemies":"2 Louse","floor":2,"turns":2},{"damage":0,"enemies":"Small Slimes","floor":3,"turns":3},{"damage":22,"enemies":"Gremlin Gang","floor":4,"turns":6},{"damage":11,"enemies":"Looter","floor":7,"turns":2},{"damage":2,"enemies":"2 Fungi Beasts","floor":10,"turns":3},{"damage":1,"enemies":"Blue Slaver","floor":12,"turns":3},{"damage":15,"enemies":"Lagavulin","floor":13,"turns":5},{"damage":2,"enemies":"Slime Boss","floor":16,"turns":5},{"damage":5,"enemies":"Shell Parasite","floor":18,"turns":4},{"damage":25,"enemies":"2 Thieves","floor":20,"turns":3},{"damage":33,"enemies":"Shelled Parasite and Fungi","floor":22,"turns":4},{"damage":33,"enemies":"Book of Stabbing","floor":24,"turns":3}],"seed_played":"-5848378329356061237","potions_obtained":[{"floor":1,"key":"SpeedPotion"},{"floor":4,"key":"SteroidPotion"},{"floor":7,"key":"AttackPotion"},{"floor":20,"key":"AttackPotion"}],"is_trial":false,"path_per_floor":["M","M","M","M","?","R","M","?","T","M","R","M","E","?","R","B",null,"M","$","M","?","M","R","E"],"character_chosen":"THE_SILENT","items_purchased":["Vajra","Bane","Caltrops"],"campfire_rested":4,"item_purchase_floors":[19,19,19],"current_hp_per_floor":[70,70,70,48,34,55,44,44,44,42,63,62,47,47,68,66,70,65,65,40,40,12,33,0],"gold":189,"neow_bonus":"BOSS_RELIC","is_prod":false,"is_daily":false,"chose_seed":false,"campfire_upgraded":0,"win_rate":0,"timestamp":1556305105,"path_taken":["M","?","?","M","?","R","M","?","T","?","R","M","E","?","R","BOSS","M","$","M","?","M","R","E"],"build_version":"2019-01-23","purchased_purges":0,"victory":false,"max_hp_per_floor":[70,70,70,70,70,70,70,70,70,70,70,70,70,70,70,70,70,70,70,70,70,70,70,70],"card_choices":[{"not_picked":["Choke","PiercingWail"],"picked":"Quick Slash","floor":1},{"not_picked":["Footwork","Predator"],"picked":"Bouncing Flask","floor":2},{"not_picked":["Deadly Poison","Acrobatics"],"picked":"Noxious Fumes","floor":3},{"not_picked":["Flechettes","Flying Knee"],"picked":"Dagger Spray","floor":4},{"not_picked":["Cloak And Dagger","Dagger Spray","Deflect"],"picked":"SKIP","floor":7},{"not_picked":["Deadly Poison","Poisoned Stab"],"picked":"Dash","floor":10},{"not_picked":["Dash","Bouncing Flask","Storm of Steel"],"picked":"SKIP","floor":12},{"not_picked":["Infinite Blades","Deflect"],"picked":"Poisoned Stab","floor":13},{"not_picked":["Outmaneuver","Riddle With Holes+1","Blade Dance"],"picked":"SKIP","floor":18},{"not_picked":["Concentrate","Underhanded Strike","Dodge and Roll"],"picked":"SKIP","floor":20},{"not_picked":["Predator+1","Quick Slash","Cloak And Dagger"],"picked":"SKIP","floor":22}],"player_experience":324972,"relics_obtained":[{"floor":9,"key":"Snake Skull"},{"floor":13,"key":"Tiny Chest"}],"event_choices":[{"damage_healed":0,"gold_gain":0,"player_choice":"Entered Light","damage_taken":14,"max_hp_gain":0,"max_hp_loss":0,"event_name":"Shining Light","floor":5,"gold_loss":0,"cards_upgraded":["Noxious Fumes","Strike_G"]},{"damage_healed":0,"gold_gain":0,"player_choice":"Bought 0 Potions","damage_taken":0,"max_hp_gain":0,"max_hp_loss":0,"event_name":"The Woman in Blue","floor":8,"gold_loss":0},{"damage_healed":0,"gold_gain":0,"player_choice":"Take Wound","damage_taken":0,"relics_obtained":["Golden Idol"],"max_hp_gain":0,"max_hp_loss":0,"event_name":"Golden Idol","floor":14,"gold_loss":0,"cards_obtained":["Injury"]},{"damage_healed":0,"gold_gain":0,"player_choice":"Gave Idol","damage_taken":0,"relics_obtained":["Bloody Idol"],"max_hp_gain":0,"max_hp_loss":0,"event_name":"Forgotten Altar","floor":21,"relics_lost":["Golden Idol"],"gold_loss":0}],"is_beta":false,"boss_relics":[{"not_picked":["Orrery","Coffee Dripper"],"picked":"Philosopher\u0027s Stone"}],"items_purged_floors":[],"is_endless":false,"potions_floor_spawned":[1,4,7,10,12,20],"killed_by":"Book of Stabbing","ascension_level":4}