{"gold_per_floor":[118,193,193,71,86,111,111,41,67,67,67,87,87,87,87,87],"floor_reached":16,"playtime":690,"items_purged":["Defend_R"],"score":154,"play_id":"04fae37e-379d-4cdf-a106-b74ffb424a6a","local_time":"20190502121728","is_ascension_mode":true,"campfire_choices":[{"data":"Flex","floor":7.0,"key":"SMITH"},{"data":"Whirlwind","floor":10.0,"key":"SMITH"},{"data":"Limit Break","floor":13.0,"key":"SMITH"},{"data":"Heavy Blade","floor":15.0,"key":"SMITH"}],"neow_cost":"NONE","seed_source_timestamp":0,"circlet_count":0,"master_deck":["AscendersBane","Strike_R","Strike_R","Strike_R","Strike_R","Defend_R","Defend_R","Defend_R","Bash","Limit Break+1","Shockwave","Flex+1","Twin Strike","Twin Strike","Whirlwind+1","Heavy Blade+1"],"special_seed":0,"relics":["Burning Blood","Bag of Marbles","Art of War"],"potions_floor_usage":[],"damage_taken":[{"damage":11.0,"enemies":"Jaw Worm","floor":1.0,"turns":4.0},{"damage":11.0,"enemies":"2 Louse","floor":5.0,"turns":3.0},{"damage":25.0,"enemies":"Lagavulin","floor":6.0,"turns":5.0},{"damage":0.0,"enemies":"Cultist","floor":12.0,"turns":2.0},{"damage":45,"enemies":"Slime Boss","floor":16,"turns":8}],"seed_played":"4917825115897770129","potions_obtained":[{"floor":1.0,"key":"Swift Potion"},{"floor":5.0,"key":"GamblersBrew"}],"is_trial":false,"path_per_floor":["M","?","?","$","M","E","R","$","T","R","?","M","R","$","R","B"],"character_chosen":"IRONCLAD","items_purchased":["Flex","Whirlwind"],"campfire_rested":0,"item_purchase_floors":[4,8],"current_hp_per_floor":[67,56,56,56,51,32,32,32,32,32,32,38,38,38,38,0],"gold":87,"neow_bonus":"ONE_RANDOM_RARE_CARD","is_prod":false,"is_daily":false,"chose_seed":false,"campfire_upgraded":4,"win_rate":0,"timestamp":1556824648,"path_taken":["M","?","?","$","?","E","R","$","T","R","?","M","R","$","R","BOSS"],"build_version":"2019-01-23","purchased_purges":1,"victory":false,"max_hp_per_floor":[80,80,80,80,80,80,80,80,80,80,80,80,80,80,80,80],"card_choices":[{"not_picked":["Inflame","True Grit","Evolve"],"picked":"SKIP","floor":1.0},{"not_picked":["Havoc","Iron Wave"],"picked":"Twin Strike","floor":5.0},{"not_picked":["Wild Strike","Blood for Blood"],"picked":"Twin Strike","floor":6.0},{"not_picked":["Body Slam","Iron Wave"],"picked":"Heavy Blade","floor":12.0}],"player_experience":355608,"relics_obtained":[{"floor":6.0,"key":"Bag of Marbles"},{"floor":9.0,"key":"Art of War"}],"event_choices":[{"damage_healed":0.0,"max_hp_gain":0.0,"max_hp_loss":0.0,"gold_gain":75.0,"event_name":"World of Goop","player_choice":"Gather Gold","floor":2.0,"gold_loss":0.0,"damage_taken":11.0},{"damage_healed":0.0,"max_hp_gain":0.0,"max_hp_loss":0.0,"gold_gain":0.0,"cards_transformed":["Strike_R"],"event_name":"Transmorgrifier","player_choice":"Transformed","floor":3.0,"gold_loss":0.0,"damage_taken":0.0,"cards_obtained":["Shockwave"]},{"damage_healed":0.0,"max_hp_gain":0.0,"max_hp_loss":0.0,"gold_gain":0.0,"event_name":"Liars Game","player_choice":"Ignored","floor":11.0,"gold_loss":0.0,"damage_taken":0.0}],"is_beta":false,"boss_relics":[],"items_purged_floors":[4],"is_endless":false,"potions_floor_spawned":[1,5],"killed_by":"Slime Boss","ascension_level":12}