{"gold_per_floor":[119,132,15,26,41,51,16,16,16,33,33,33,45,60,60,155,155,171,191,191,151,169,169],"floor_reached":23,"playtime":1645,"items_purged":[],"score":187,"play_id":"fefd2fe0-1121-4933-a094-43e7ed8e2afc","local_time":"20181114191726","is_ascension_mode":false,"campfire_choices":[{"data":"Tempest","floor":8,"key":"SMITH"},{"floor":15,"key":"REST"}],"neow_cost":"NONE","seed_source_timestamp":74149754286922,"circlet_count":0,"master_deck":["Strike_B","Strike_B","Strike_B","Strike_B","Defend_B+1","Defend_B","Defend_B","Defend_B","Zap","Dualcast","Tempest+1","Barrage","Capacitor","Melter","Loop","Loop","Self Repair","Fusion+1","Amplify","Genetic Algorithm","Stack","Rainbow","Conserve Battery+1","Barrage"],"relics":["Cracked Core","NeowsBlessing","Bottled Lightning","Nuclear Battery"],"potions_floor_usage":[16,16,19,19,22],"damage_taken":[{"damage":0,"enemies":"Small Slimes","floor":1,"turns":1},{"damage":0,"enemies":"2 Louse","floor":2,"turns":1},{"damage":0,"enemies":"Cultist","floor":4,"turns":1},{"damage":25,"enemies":"Large Slime","floor":5,"turns":8},{"damage":16,"enemies":"Red Slaver","floor":6,"turns":4},{"damage":7,"enemies":"3 Louse","floor":10,"turns":2},{"damage":24,"enemies":"Blue Slaver","floor":13,"turns":3},{"damage":5,"enemies":"Looter","floor":14,"turns":3},{"damage":30,"enemies":"Slime Boss","floor":16,"turns":6},{"damage":0,"enemies":"Spheric Guardian","floor":18,"turns":2},{"damage":34,"enemies":"3 Byrds","floor":19,"turns":4},{"damage":20,"enemies":"Sentry and Sphere","floor":22,"turns":6},{"damage":25,"enemies":"Centurion and Healer","floor":23,"turns":5}],"seed_played":"2180310893142637399","potions_obtained":[{"floor":1,"key":"FocusPotion"},{"floor":6,"key":"PowerPotion"},{"floor":16,"key":"Explosive Potion"},{"floor":18,"key":"Poison Potion"},{"floor":19,"key":"Block Potion"}],"is_trial":false,"path_per_floor":["M","M","$","M","M","M","?","R","T","M","?","?","M","M","R","B",null,"M","M","?","?","M","M"],"character_chosen":"DEFECT","items_purchased":["Capacitor","Melter"],"campfire_rested":1,"item_purchase_floors":[3,3],"current_hp_per_floor":[75,75,75,75,50,34,52,52,52,45,45,45,28,23,45,22,75,75,48,34,34,21,0],"gold":169,"neow_bonus":"THREE_ENEMY_KILL","is_prod":false,"is_daily":false,"chose_seed":false,"campfire_upgraded":1,"win_rate":0.0,"timestamp":1542223046,"path_taken":["M","M","$","M","M","M","?","R","T","M","?","?","M","M","R","BOSS","M","M","?","?","?","M"],"build_version":"2018-11-08","purchased_purges":0,"victory":false,"max_hp_per_floor":[75,75,75,75,75,75,75,75,75,75,75,75,75,75,75,75,75,75,75,80,80,80,80],"card_choices":[{"not_picked":["Conserve Battery","Hologram"],"picked":"Tempest","floor":1},{"not_picked":["Sweeping Beam","Gash"],"picked":"Barrage","floor":2},{"not_picked":["Coolheaded","Gash"],"picked":"Loop","floor":4},{"not_picked":["Sweeping Beam","Redo"],"picked":"Loop","floor":5},{"not_picked":["Lockon","Gash"],"picked":"Self Repair","floor":6},{"not_picked":["Loop","Steam"],"picked":"Fusion","floor":10},{"not_picked":["Redo","Steam"],"picked":"Genetic Algorithm","floor":13},{"not_picked":["Go for the Eyes","Steam"],"picked":"Stack","floor":14},{"not_picked":["Seek","Electrodynamics"],"picked":"Rainbow","floor":16},{"not_picked":["Hologram","Compile Driver","Heatsinks"],"picked":"SKIP","floor":18},{"not_picked":["Lockon","Rip and Tear"],"picked":"Conserve Battery+1","floor":19},{"not_picked":["Coolheaded","Sweeping Beam"],"picked":"Barrage","floor":22}],"player_experience":834367,"relics_obtained":[{"floor":9,"key":"Bottled Lightning"}],"event_choices":[{"damage_healed":18,"gold_gain":0,"player_choice":"Healed","damage_taken":0,"max_hp_gain":0,"max_hp_loss":0,"event_name":"The Cleric","floor":7,"gold_loss":35},{"damage_healed":0,"gold_gain":0,"player_choice":"Ignored","damage_taken":0,"max_hp_gain":0,"max_hp_loss":0,"event_name":"Shining Light","floor":11,"gold_loss":0},{"damage_healed":0,"gold_gain":0,"player_choice":"1 cards matched","damage_taken":0,"max_hp_gain":0,"max_hp_loss":0,"event_name":"Match and Keep!","floor":12,"gold_loss":0,"cards_obtained":["Amplify"]},{"damage_healed":0,"gold_gain":0,"player_choice":"Shed Blood","damage_taken":19,"max_hp_gain":5,"max_hp_loss":0,"event_name":"Forgotten Altar","floor":20,"gold_loss":0},{"damage_healed":0,"gold_gain":0,"player_choice":"Upgraded Two","damage_taken":0,"max_hp_gain":0,"max_hp_loss":0,"event_name":"Designer","floor":21,"gold_loss":40,"cards_upgraded":["Fusion","Defend_B"]}],"is_beta":false,"boss_relics":[{"not_picked":["Philosopher\u0027s Stone","Sozu"],"picked":"Nuclear Battery"}],"items_purged_floors":[],"is_endless":false,"potions_floor_spawned":[1,6,16,18,19],"killed_by":"Centurion and Healer","ascension_level":0}