{"gold_per_floor":[111,129,148,159,84,84,9,9,9,9,27,47,47,67,67,162,162,186,86,86,86,86,86,86,86,86,86,99,118,118,139,139,139],"floor_reached":33,"playtime":694,"items_purged":["Defend_R","Strike_R"],"score":450,"play_id":"a186306f-c0a8-4d61-a172-edd188a9e286","local_time":"20190516230608","is_ascension_mode":true,"campfire_choices":[{"data":"Clash","floor":6.0,"key":"SMITH"},{"data":"Bash","floor":8.0,"key":"SMITH"},{"data":"Cleave","floor":10.0,"key":"SMITH"},{"data":"Thunderclap","floor":15.0,"key":"SMITH"},{"data":"Flex","floor":23.0,"key":"SMITH"},{"data":"Sword Boomerang","floor":27.0,"key":"SMITH"},{"data":"Pummel","floor":30,"key":"SMITH"},{"floor":32,"key":"REST"}],"neow_cost":"NONE","seed_source_timestamp":0,"circlet_count":0,"master_deck":["AscendersBane","Strike_R","Strike_R","Strike_R","Strike_R","Defend_R+1","Defend_R+1","Bash+1","Cleave+1","Clash+1","Sword Boomerang+1","Thunderclap+1","Flex+1","Pummel+1","Anger+1","Clash"],"special_seed":0,"relics":["Burning Blood","War Paint","Ornamental Fan","Golden Idol","Sozu","Du-Vu Doll","Unceasing Top"],"potions_floor_usage":[],"damage_taken":[{"damage":0.0,"enemies":"Cultist","floor":1.0,"turns":4.0},{"damage":2.0,"enemies":"2 Louse","floor":2.0,"turns":2.0},{"damage":12.0,"enemies":"Jaw Worm","floor":3.0,"turns":4.0},{"damage":6.0,"enemies":"Looter","floor":4.0,"turns":3.0},{"damage":1.0,"enemies":"2 Fungi Beasts","floor":11.0,"turns":3.0},{"damage":10.0,"enemies":"Large Slime","floor":12.0,"turns":4.0},{"damage":0.0,"enemies":"Lots of Slimes","floor":14.0,"turns":2.0},{"damage":38.0,"enemies":"Hexaghost","floor":16.0,"turns":9.0},{"damage":13.0,"enemies":"Shell Parasite","floor":18.0,"turns":3.0},{"damage":10.0,"enemies":"Colosseum Slavers","floor":22.0,"turns":2.0},{"damage":0,"enemies":"Chosen","floor":28,"turns":2},{"damage":0,"enemies":"Centurion and Healer","floor":29,"turns":5},{"damage":32,"enemies":"Snake Plant","floor":31,"turns":4},{"damage":70,"enemies":"Automaton","floor":33,"turns":6}],"seed_played":"1712187118707282814","potions_obtained":[{"floor":4.0,"key":"Block Potion"},{"floor":12.0,"key":"Fire Potion"}],"is_trial":false,"path_per_floor":["M","M","M","M","?","R","$","R","T","R","M","M","?","M","R","B",null,"M","$","?","T","?","R","?","?","T","R","M","M","R","M","R","B"],"character_chosen":"IRONCLAD","items_purchased":[],"campfire_rested":1,"item_purchase_floors":[],"current_hp_per_floor":[74,75,69,69,69,69,69,69,69,69,74,70,68,68,68,36,60,53,53,53,53,49,49,49,49,49,49,55,61,61,35,55,0],"gold":139,"neow_bonus":"RANDOM_COMMON_RELIC","is_prod":false,"is_daily":false,"chose_seed":false,"campfire_upgraded":7,"win_rate":0,"timestamp":1558073168,"path_taken":["M","M","M","M","?","R","$","R","T","R","M","M","?","M","R","BOSS","M","$","?","?","?","R","?","?","T","R","M","M","R","M","R","BOSS"],"build_version":"2019-01-23","purchased_purges":2,"victory":false,"max_hp_per_floor":[75,75,75,75,75,75,75,75,75,75,75,75,68,68,68,68,68,68,68,68,68,68,68,68,68,68,68,68,68,68,68,68,68],"card_choices":[{"not_picked":["Clothesline","Burning Pact"],"picked":"Cleave","floor":1.0},{"not_picked":["Hemokinesis","Heavy Blade"],"picked":"Clash","floor":2.0},{"not_picked":["True Grit","Perfected Strike","Pommel Strike"],"picked":"SKIP","floor":3.0},{"not_picked":["Shrug It Off","Rupture","Spot Weakness"],"picked":"SKIP","floor":4.0},{"not_picked":["Headbutt","Dark Embrace","Pommel Strike"],"picked":"SKIP","floor":11.0},{"not_picked":["Perfected Strike","Clothesline"],"picked":"Sword Boomerang","floor":12.0},{"not_picked":["Rage","Clothesline"],"picked":"Thunderclap","floor":14.0},{"not_picked":["Armaments","Hemokinesis"],"picked":"Flex","floor":18.0},{"not_picked":["Thunderclap","Headbutt"],"picked":"Pummel","floor":28},{"not_picked":["Second Wind","Sword Boomerang"],"picked":"Anger+1","floor":29},{"not_picked":["Shrug It Off","Sword Boomerang"],"picked":"Clash","floor":31}],"player_experience":396177,"relics_obtained":[{"floor":9.0,"key":"Ornamental Fan"},{"floor":21.0,"key":"Du-Vu Doll"},{"floor":26.0,"key":"Unceasing Top"}],"event_choices":[{"cards_removed":["Defend_R"],"damage_healed":0.0,"max_hp_gain":0.0,"max_hp_loss":0.0,"gold_gain":0.0,"event_name":"The Cleric","player_choice":"Card Removal","floor":5.0,"gold_loss":75.0,"damage_taken":0.0},{"damage_healed":0.0,"max_hp_gain":0.0,"max_hp_loss":7.0,"gold_gain":0.0,"event_name":"Golden Idol","player_choice":"Lose Max HP","floor":13.0,"gold_loss":0.0,"damage_taken":0.0,"relics_obtained":["Golden Idol"]},{"damage_healed":0.0,"max_hp_gain":0.0,"max_hp_loss":0.0,"gold_gain":0.0,"event_name":"Ghosts","player_choice":"Ignored","floor":20.0,"gold_loss":0.0,"damage_taken":0.0},{"damage_healed":0.0,"max_hp_gain":0.0,"max_hp_loss":0.0,"gold_gain":0.0,"event_name":"Colosseum","player_choice":"Fight","floor":22.0,"gold_loss":0.0,"damage_taken":0.0},{"damage_healed":0.0,"max_hp_gain":0.0,"max_hp_loss":0.0,"gold_gain":0.0,"event_name":"Colosseum","player_choice":"Fled From Nobs","floor":22.0,"gold_loss":0.0,"damage_taken":0.0},{"damage_healed":0.0,"max_hp_gain":0.0,"max_hp_loss":0.0,"gold_gain":0.0,"event_name":"Vampires","player_choice":"Ignored","floor":24.0,"gold_loss":0.0,"damage_taken":0.0},{"damage_healed":0.0,"max_hp_gain":0.0,"max_hp_loss":0.0,"gold_gain":0.0,"event_name":"The Mausoleum","player_choice":"Ignored","floor":25.0,"gold_loss":0.0,"damage_taken":0.0}],"is_beta":false,"boss_relics":[{"not_picked":["Busted Crown","Runic Pyramid"],"picked":"Sozu"}],"items_purged_floors":[7,19],"is_endless":false,"potions_floor_spawned":[4,12,28],"killed_by":"Automaton","ascension_level":18}