{"gold_per_floor":[115,115,40,60,80,109,141,153,192,47,74,74,74,85,85,187,187,206,224,224,9,24,24],"floor_reached":23,"playtime":645,"items_purged":[],"score":251,"play_id":"8c2d590b-56f3-4112-899e-751aec24b8cd","local_time":"20190519173210","is_ascension_mode":true,"campfire_choices":[{"floor":8,"key":"REST"},{"floor":12,"key":"REST"},{"floor":15,"key":"REST"}],"neow_cost":"NONE","seed_source_timestamp":231477249652831,"circlet_count":0,"master_deck":["Defend_G","Defend_G","Defend_G","Defend_G","Defend_G","Strike_G","Strike_G","Strike_G","Strike_G","Strike_G","Survivor","Neutralize","Deadly Poison","Bouncing Flask","Poisoned Stab","PiercingWail","Deadly Poison","PiercingWail","Glass Knife","Catalyst","Flash of Steel","Bane"],"relics":["Runic Dome","MawBank","Blood Vial","Regal Pillow","Bronze Scales","Busted Crown","Orichalcum"],"potions_floor_usage":[16,19,22,23],"damage_taken":[{"damage":6,"enemies":"Cultist","floor":1,"turns":4},{"damage":0,"enemies":"Jaw Worm","floor":4,"turns":3},{"damage":0,"enemies":"2 Louse","floor":5,"turns":2},{"damage":23,"enemies":"Lagavulin","floor":6,"turns":5},{"damage":29,"enemies":"Lots of Slimes","floor":7,"turns":4},{"damage":26,"enemies":"Gremlin Nob","floor":11,"turns":4},{"damage":0,"enemies":"Large Slime","floor":14,"turns":5},{"damage":36,"enemies":"Slime Boss","floor":16,"turns":9},{"damage":22,"enemies":"2 Thieves","floor":18,"turns":4},{"damage":13,"enemies":"3 Byrds","floor":19,"turns":4},{"damage":7,"enemies":"Sentry and Sphere","floor":22,"turns":4},{"damage":33,"enemies":"Slavers","floor":23,"turns":3}],"seed_played":"2089586665703674266","potions_obtained":[{"floor":5,"key":"Explosive Potion"},{"floor":6,"key":"LiquidBronze"},{"floor":14,"key":"Energy Potion"},{"floor":16,"key":"Fire Potion"},{"floor":22,"key":"Dexterity Potion"}],"is_trial":false,"path_per_floor":["M","?","$","M","M","E","M","R","T","$","E","R","?","M","R","B",null,"M","M","?","$","M","E"],"character_chosen":"THE_SILENT","items_purchased":["Bouncing Flask","Regal Pillow","Catalyst","Flash of Steel","Bane"],"campfire_rested":3,"item_purchase_floors":[3,10,21,21,21],"current_hp_per_floor":[64,64,64,64,64,41,12,33,33,33,9,45,50,52,75,39,66,46,35,35,35,30,0],"gold":24,"neow_bonus":"BOSS_RELIC","is_prod":false,"is_daily":false,"chose_seed":false,"campfire_upgraded":0,"win_rate":0,"timestamp":1558301530,"path_taken":["M","?","$","M","M","E","M","R","T","$","E","R","?","M","R","BOSS","M","M","?","$","?","E"],"build_version":"2019-01-23","purchased_purges":0,"victory":false,"max_hp_per_floor":[70,70,70,70,70,70,70,70,70,70,70,70,75,75,75,75,75,75,75,75,75,75,75],"card_choices":[{"not_picked":["Quick Slash","PiercingWail"],"picked":"Deadly Poison","floor":1},{"not_picked":["Concentrate","Underhanded Strike"],"picked":"Poisoned Stab","floor":4},{"not_picked":["Reflex","Dagger Throw","Acrobatics"],"picked":"SKIP","floor":5},{"not_picked":["Underhanded Strike","Backstab"],"picked":"PiercingWail","floor":6},{"not_picked":["Poisoned Stab","Cloak And Dagger"],"picked":"Deadly Poison","floor":7},{"not_picked":["Dagger Spray","Predator"],"picked":"PiercingWail","floor":11},{"not_picked":["Calculated Gamble","Riddle With Holes","Slice"],"picked":"SKIP","floor":14},{"not_picked":["Envenom","Bullet Time"],"picked":"Glass Knife","floor":16},{"not_picked":["Flying Knee"],"picked":"SKIP","floor":18},{"not_picked":["Dagger Throw+1"],"picked":"SKIP","floor":19},{"not_picked":["Eviscerate"],"picked":"SKIP","floor":22}],"player_experience":350220,"relics_obtained":[{"floor":6,"key":"MawBank"},{"floor":9,"key":"Blood Vial"},{"floor":11,"key":"Bronze Scales"}],"event_choices":[{"damage_healed":0,"gold_gain":0,"player_choice":"Leave","damage_taken":0,"max_hp_gain":0,"max_hp_loss":0,"event_name":"The Cleric","floor":2,"gold_loss":0},{"damage_healed":0,"gold_gain":0,"player_choice":"Donut","damage_taken":0,"max_hp_gain":5,"max_hp_loss":0,"event_name":"Big Fish","floor":13,"gold_loss":0},{"damage_healed":0,"gold_gain":0,"player_choice":"Gave Potion","damage_taken":0,"relics_obtained":["Orichalcum"],"max_hp_gain":0,"max_hp_loss":0,"event_name":"WeMeetAgain","floor":20,"gold_loss":0}],"is_beta":false,"boss_relics":[{"not_picked":["Pandora\u0027s Box","Black Star"],"picked":"Busted Crown"}],"items_purged_floors":[],"is_endless":false,"potions_floor_spawned":[5,6,14,16,22],"killed_by":"Slavers","ascension_level":5}