{"path_per_floor":["M","?","M","M","$","E","M","M","T","?","?","$","M","M","R","B",null,"M","?","?","?","$","R","E","M","T","E","R","M","R","M","R"],"character_chosen":"IRONCLAD","items_purchased":["Cleave","Inflame"],"gold_per_floor":[112,112,125,142,20,55,72,89,89,189,189,16,36,46,46,143,143,159,159,159,74,74,74,105,116,141,167,167,177,177,189,189,189],"floor_reached":33,"campfire_rested":2,"playtime":1861,"item_purchase_floors":[5,12],"current_hp_per_floor":[80,80,80,80,80,32,35,39,39,39,44,44,51,59,59,38,85,72,72,72,72,72,72,62,70,70,39,64,72,72,58,83,0],"items_purged":["Strike_R","Strike_R"],"gold":189,"score":287,"play_id":"061acbde-9cb5-4de7-8fd8-774efd4da17b","local_time":"20180603123201","is_prod":false,"is_daily":false,"chose_seed":false,"is_ascension_mode":false,"campfire_upgraded":3,"win_rate":0,"timestamp":1528025521,"campfire_choices":[{"data":"Double Tap","floor":15,"key":"SMITH"},{"data":"Armaments","floor":23,"key":"SMITH"},{"floor":28,"key":"REST"},{"data":"True Grit","floor":30,"key":"SMITH"},{"floor":32,"key":"REST"}],"path_taken":["M","?","?","M","$","E","M","M","T","?","?","$","?","?","R","BOSS","M","?","?","?","?","R","E","?","T","E","R","M","R","?","R","BOSS"],"build_version":"2018-05-31","seed_source_timestamp":507090670473258,"purchased_purges":2,"victory":false,"master_deck":["Strike_R+1","Strike_R+1","Strike_R+1","Defend_R+1","Defend_R+1","Defend_R+1","Defend_R+1","Bash","Clash","Double Tap+1","Cleave","Clash","Headbutt","Inflame","Searing Blow","Dropkick","Barricade","Shrug It Off+1","Armaments+1","Warcry","Normality","True Grit+1","Iron Wave"],"max_hp_per_floor":[80,80,80,80,80,80,80,80,80,80,85,85,85,85,85,85,85,85,85,85,85,85,85,85,85,85,85,85,85,85,85,85,85],"relics":["Burning Blood","NeowsBlessing","Shuriken","Blood Vial","Cursed Key","Happy Flower","Paper Frog","Oddly Smooth Stone","Vajra"],"card_choices":[{"not_picked":["True Grit","Anger"],"picked":"Clash","floor":1},{"not_picked":["Ghostly Armor","Havoc"],"picked":"Double Tap","floor":3},{"not_picked":["Uppercut","Clothesline","Entrench"],"picked":"SKIP","floor":4},{"not_picked":["Heavy Blade","Wild Strike","Twin Strike"],"picked":"SKIP","floor":6},{"not_picked":["Dropkick","Disarm"],"picked":"Clash","floor":7},{"not_picked":["Cleave","Corruption"],"picked":"Headbutt","floor":8},{"not_picked":["True Grit","Havoc"],"picked":"Searing Blow","floor":13},{"not_picked":["Offering","Thunderclap"],"picked":"Dropkick","floor":14},{"not_picked":["Immolate","Dark Embrace"],"picked":"Barricade","floor":16},{"not_picked":["Cleave","Flame Barrier"],"picked":"Shrug It Off+1","floor":18},{"not_picked":["Power Through","Uppercut+1","Perfected Strike+1"],"picked":"SKIP","floor":24},{"not_picked":["Reckless Charge+1","Cleave"],"picked":"Warcry","floor":25},{"not_picked":["Cleave+1","Clash"],"picked":"True Grit","floor":27},{"not_picked":["Anger","Cleave"],"picked":"Iron Wave","floor":29},{"not_picked":["Combust","Anger","Armaments"],"picked":"SKIP","floor":31}],"player_experience":251457,"potions_floor_usage":[7,24,27,31],"damage_taken":[{"damage":0,"enemies":"2 Louse","floor":1,"turns":1},{"damage":0,"enemies":"Cultist","floor":3,"turns":1},{"damage":0,"enemies":"Small Slimes","floor":4,"turns":1},{"damage":54,"enemies":"Lagavulin","floor":6,"turns":8},{"damage":3,"enemies":"Gremlin Gang","floor":7,"turns":5},{"damage":2,"enemies":"Exordium Wildlife","floor":8,"turns":3},{"damage":1,"enemies":"Exordium Thugs","floor":13,"turns":3},{"damage":0,"enemies":"Looter","floor":14,"turns":2},{"damage":29,"enemies":"Hexaghost","floor":16,"turns":7},{"damage":19,"enemies":"Shell Parasite","floor":18,"turns":5},{"damage":18,"enemies":"Book of Stabbing","floor":24,"turns":4},{"damage":0,"enemies":"Chosen","floor":25,"turns":5},{"damage":39,"enemies":"Slavers","floor":27,"turns":8},{"damage":0,"enemies":"Snecko","floor":29,"turns":5},{"damage":22,"enemies":"Slaver and Parasite","floor":31,"turns":7},{"damage":96,"enemies":"Collector","floor":33,"turns":8}],"relics_obtained":[{"floor":6,"key":"Shuriken"},{"floor":9,"key":"Blood Vial"},{"floor":24,"key":"Paper Frog"},{"floor":26,"key":"Oddly Smooth Stone"},{"floor":27,"key":"Vajra"}],"event_choices":[{"event_name":"The Lab","player_choice":"Got Potions","floor":2,"damage_taken":0},{"event_name":"Golden Shrine","player_choice":"Pray","floor":10,"damage_taken":0},{"event_name":"Big Fish","player_choice":"Donut","floor":11,"damage_taken":0},{"event_name":"Back to Basics","player_choice":"Simplicity","floor":19,"damage_taken":0},{"event_name":"The Library","player_choice":"Read","floor":20,"damage_taken":0},{"event_name":"Addict","player_choice":"Obtained Relic","floor":21,"damage_taken":0}],"boss_relics":[{"not_picked":["Snecko Eye","Black Star"],"picked":"Cursed Key"}],"items_purged_floors":[5,12],"potions_floor_spawned":[6,8,13,18,27,29],"seed_played":"-85099616855730565","killed_by":"Collector","ascension_level":0,"potions_obtained":[{"floor":2,"key":"Explosive Potion"},{"floor":2,"key":"Dexterity Potion"},{"floor":2,"key":"EssenceOfSteel"},{"floor":8,"key":"SpeedPotion"},{"floor":27,"key":"SpeedPotion"},{"floor":29,"key":"Fire Potion"}],"is_trial":false}