{"gold_per_floor":[114,114,149,149,188,188,227,266,266,266,285,285,343,25,25,175,175,219,258,71,71,115,115,134,153,153,153],"floor_reached":27,"playtime":2614,"items_purged":[],"score":242,"play_id":"fecb115d-a8ca-4ac5-af91-7cb5d0b71804","local_time":"20190705130707","daily_mods":["Allstar","Time Dilation","Elite Swarm"],"is_ascension_mode":false,"campfire_choices":[{"floor":6.0,"key":"REST"},{"floor":10,"key":"REST"},{"floor":12,"key":"REST"},{"floor":15,"key":"REST"},{"floor":23,"key":"REST"}],"neow_cost":"","seed_source_timestamp":0,"circlet_count":0,"master_deck":["Defend_G","Defend_G","Defend_G","Defend_G","Survivor","Neutralize","Panache","HandOfGreed","Enlightenment","Mayhem","Cloak And Dagger","Dagger Throw","Bane","Blur","Caltrops","Quick Slash","Corpse Explosion+1","Apotheosis+1","Bullet Time+1","Transmutation+1","Riddle With Holes+1","Phantasmal Killer+1","Dagger Throw","Flying Knee+1","Caltrops","Poisoned Stab","Bite","Bite","Bite","Bite","Bite","Backflip+1","Outmaneuver+1","Dagger Throw"],"special_seed":18082,"relics":["Ring of the Snake","Golden Idol","Toxic Egg 2","Boot","Bag of Preparation","Astrolabe","Ornamental Fan"],"potions_floor_usage":[20],"damage_taken":[{"damage":13.0,"enemies":"Jaw Worm","floor":1.0,"turns":4.0},{"damage":0.0,"enemies":"Small Slimes","floor":3.0,"turns":2.0},{"damage":5.0,"enemies":"2 Louse","floor":5.0,"turns":2.0},{"damage":5.0,"enemies":"2 Fungi Beasts","floor":7.0,"turns":3.0},{"damage":11.0,"enemies":"Exordium Thugs","floor":8.0,"turns":7.0},{"damage":17,"enemies":"Large Slime","floor":11,"turns":6},{"damage":41,"enemies":"Gremlin Nob","floor":13,"turns":5},{"damage":11,"enemies":"Slime Boss","floor":16,"turns":7},{"damage":32,"enemies":"Spheric Guardian","floor":18,"turns":5},{"damage":17,"enemies":"2 Thieves","floor":19,"turns":2},{"damage":0,"enemies":"Snake Plant","floor":22,"turns":2},{"damage":23,"enemies":"Shelled Parasite and Fungi","floor":24,"turns":4},{"damage":10,"enemies":"Cultist and Chosen","floor":25,"turns":2},{"damage":34,"enemies":"Snake Plant","floor":27,"turns":3}],"seed_played":"7892048526688102029","potions_obtained":[{"floor":1.0,"key":"FairyPotion"},{"floor":5.0,"key":"Dexterity Potion"},{"floor":7.0,"key":"PowerPotion"},{"floor":22,"key":"Swift Potion"}],"is_trial":false,"path_per_floor":["M","?","M","?","M","R","M","M","T","R","M","R","E","$","R","B",null,"M","M","$","?","M","R","M","M","T","M"],"character_chosen":"THE_SILENT","items_purchased":["Apotheosis+1","Bag of Preparation","Fruit Juice","Caltrops","Poisoned Stab"],"campfire_rested":5,"item_purchase_floors":[14,14,20,20,20],"current_hp_per_floor":[57,43,43,26,21,42,37,26,26,47,30,51,10,10,31,20,70,38,21,26,26,29,44,30,20,20,0],"gold":153,"neow_bonus":"","is_prod":false,"is_daily":true,"chose_seed":false,"campfire_upgraded":0,"win_rate":0.0,"timestamp":1562353627,"path_taken":["M","?","M","?","M","R","M","M","T","R","M","R","E","$","R","BOSS","M","M","$","?","M","R","M","M","T","M"],"build_version":"2019-07-01","purchased_purges":0,"victory":false,"max_hp_per_floor":[70,70,70,70,70,70,70,70,70,70,70,70,70,70,70,70,70,70,70,75,52,52,52,52,52,52,52],"card_choices":[{"not_picked":["Sucker Punch","Concentrate"],"picked":"Cloak And Dagger","floor":1.0},{"not_picked":["Cloak And Dagger","Deflect"],"picked":"Dagger Throw","floor":3.0},{"not_picked":["Acrobatics","Deflect"],"picked":"Bane","floor":5.0},{"not_picked":["Caltrops","Dagger Throw"],"picked":"Blur","floor":7.0},{"not_picked":["Escape Plan","Night Terror"],"picked":"Caltrops","floor":8.0},{"not_picked":["Choke","PiercingWail+1"],"picked":"Quick Slash","floor":11},{"not_picked":["Adrenaline+1","After Image"],"picked":"Corpse Explosion+1","floor":13},{"not_picked":["Storm of Steel+1","Wraith Form v2"],"picked":"Bullet Time+1","floor":16},{"not_picked":["Flechettes+1","Bane+1"],"picked":"Dagger Throw","floor":18},{"not_picked":["Choke","Concentrate+1"],"picked":"Flying Knee+1","floor":19},{"not_picked":["Underhanded Strike","Catalyst+1"],"picked":"Backflip+1","floor":22},{"not_picked":["Prepared+1","Unload"],"picked":"Outmaneuver+1","floor":24},{"not_picked":["Calculated Gamble+1","Distraction+1"],"picked":"Dagger Throw","floor":25}],"player_experience":17951,"relics_obtained":[{"floor":9,"key":"Toxic Egg 2"},{"floor":13,"key":"Boot"},{"floor":26,"key":"Ornamental Fan"}],"event_choices":[{"damage_healed":0.0,"max_hp_gain":0.0,"max_hp_loss":0.0,"gold_gain":0.0,"event_name":"Shining Light","player_choice":"Entered Light","floor":2.0,"gold_loss":0.0,"damage_taken":14.0,"cards_upgraded":["Violence","Strike_G"]},{"damage_healed":0.0,"max_hp_gain":0.0,"max_hp_loss":0.0,"gold_gain":0.0,"event_name":"Golden Idol","player_choice":"Take Damage","floor":4.0,"gold_loss":0.0,"damage_taken":17.0,"relics_obtained":["Golden Idol"]},{"damage_healed":0,"gold_gain":0,"player_choice":"Became a vampire","damage_taken":0,"max_hp_gain":0,"max_hp_loss":23,"event_name":"Vampires","floor":21,"gold_loss":0,"cards_obtained":["Bite","Bite","Bite","Bite","Bite"]}],"is_beta":false,"boss_relics":[{"not_picked":["Pandora\u0027s Box","Ectoplasm"],"picked":"Astrolabe"}],"items_purged_floors":[],"is_endless":false,"potions_floor_spawned":[1,5,7,16,19,22,24],"killed_by":"Snake Plant","ascension_level":0}