{"gold_per_floor":[112,59,59,59,234,264,264,293,293,305,323,342,342,360,360,459,459,476,487,487,25,25,25,25],"floor_reached":24,"playtime":824,"items_purged":["Writhe"],"score":275,"play_id":"74f6c7f9-d84e-41bf-94c6-e68f110eb457","local_time":"20190617193954","is_ascension_mode":true,"campfire_choices":[{"floor":7,"key":"REST"},{"floor":15,"key":"REST"},{"floor":23,"key":"REST"}],"neow_cost":"NONE","seed_source_timestamp":324714241976744,"circlet_count":0,"master_deck":["Defend_G","Defend_G","Defend_G","Defend_G","Defend_G","Strike_G","Strike_G","Strike_G","Survivor","Neutralize","Dagger Spray","Quick Slash","Poisoned Stab","Noxious Fumes","Caltrops","Bullet Time","Leg Sweep","Catalyst","Die Die Die","Calculated Gamble","Skewer"],"relics":["Runic Pyramid","StoneCalendar","Oddly Smooth Stone","Lantern","Philosopher\u0027s Stone","Snake Skull","Blood Vial","Membership Card"],"potions_floor_usage":[14,16,19],"damage_taken":[{"damage":5,"enemies":"Jaw Worm","floor":1,"turns":4},{"damage":14,"enemies":"3 Sentries","floor":6,"turns":7},{"damage":27,"enemies":"Lagavulin","floor":8,"turns":7},{"damage":0,"enemies":"Small Slimes","floor":10,"turns":3},{"damage":8,"enemies":"2 Louse","floor":11,"turns":3},{"damage":0,"enemies":"2 Fungi Beasts","floor":12,"turns":4},{"damage":1,"enemies":"Red Slaver","floor":14,"turns":4},{"damage":17,"enemies":"Hexaghost","floor":16,"turns":8},{"damage":34,"enemies":"Shell Parasite","floor":18,"turns":7},{"damage":10,"enemies":"Chosen","floor":19,"turns":6},{"damage":47,"enemies":"Book of Stabbing","floor":24,"turns":3}],"seed_played":"-8592960293119282524","potions_obtained":[{"floor":6,"key":"Explosive Potion"},{"floor":11,"key":"Ancient Potion"},{"floor":12,"key":"SkillPotion"},{"floor":16,"key":"Ancient Potion"},{"floor":18,"key":"SpeedPotion"}],"is_trial":false,"path_per_floor":["M","$","?","?","?","E","R","E","T","M","M","M","?","M","R","B",null,"M","M","?","$","?","R","E"],"character_chosen":"THE_SILENT","items_purchased":["Quick Slash","Blood Vial","Membership Card","Catalyst","Die Die Die"],"campfire_rested":3,"item_purchase_floors":[2,21,21,21,21],"current_hp_per_floor":[58,58,63,63,63,49,71,44,44,44,36,36,29,28,50,33,65,31,21,21,21,21,43,0],"gold":25,"neow_bonus":"BOSS_RELIC","is_prod":false,"is_daily":false,"chose_seed":false,"campfire_upgraded":0,"win_rate":0,"timestamp":1560814794,"path_taken":["M","$","?","?","?","E","R","E","T","M","?","M","?","M","R","BOSS","M","M","?","$","?","R","E"],"build_version":"2019-01-23","purchased_purges":1,"victory":false,"max_hp_per_floor":[70,70,75,75,75,75,75,75,75,75,75,75,75,75,75,75,75,75,75,75,75,75,75,75],"card_choices":[{"not_picked":["Cloak And Dagger","Deflect"],"picked":"Dagger Spray","floor":1},{"not_picked":["Outmaneuver","Catalyst"],"picked":"Poisoned Stab","floor":6},{"not_picked":["Bullet Time","PiercingWail"],"picked":"Noxious Fumes","floor":8},{"not_picked":["Cloak And Dagger","Dodge and Roll","Dagger Spray"],"picked":"SKIP","floor":10},{"not_picked":["Acrobatics","Choke","Deflect"],"picked":"SKIP","floor":11},{"not_picked":["Flechettes","Blade Dance"],"picked":"Caltrops","floor":12},{"not_picked":["Prepared","Acrobatics","Cloak And Dagger"],"picked":"SKIP","floor":14},{"not_picked":["A Thousand Cuts","After Image"],"picked":"Bullet Time","floor":16},{"not_picked":["PiercingWail","Blur"],"picked":"Leg Sweep","floor":18},{"not_picked":["Acrobatics","Dagger Spray","Blur"],"picked":"SKIP","floor":19}],"player_experience":463660,"relics_obtained":[{"floor":6,"key":"StoneCalendar"},{"floor":8,"key":"Oddly Smooth Stone"},{"floor":9,"key":"Lantern"}],"event_choices":[{"damage_healed":0,"gold_gain":0,"player_choice":"Donut","damage_taken":0,"max_hp_gain":5,"max_hp_loss":0,"event_name":"Big Fish","floor":3,"gold_loss":0},{"damage_healed":0,"gold_gain":0,"player_choice":"Fled","damage_taken":0,"max_hp_gain":0,"max_hp_loss":0,"event_name":"Scrap Ooze","floor":4,"gold_loss":0},{"damage_healed":0,"gold_gain":175,"player_choice":"AGREE","damage_taken":0,"max_hp_gain":0,"max_hp_loss":0,"event_name":"Liars Game","floor":5,"gold_loss":0,"cards_obtained":["Doubt"]},{"cards_removed":["Doubt"],"damage_healed":0,"gold_gain":0,"player_choice":"Card Removal","damage_taken":7,"max_hp_gain":0,"max_hp_loss":0,"event_name":"Golden Wing","floor":13,"gold_loss":0},{"damage_healed":0,"gold_gain":0,"player_choice":"Opened","damage_taken":0,"relics_obtained":["Snake Skull"],"max_hp_gain":0,"max_hp_loss":0,"event_name":"The Mausoleum","floor":20,"gold_loss":0,"cards_obtained":["Writhe"]},{"damage_healed":0,"gold_gain":0,"cards_transformed":["Strike_G","Strike_G"],"player_choice":"Became Test Subject","damage_taken":0,"max_hp_gain":0,"max_hp_loss":0,"event_name":"Drug Dealer","floor":22,"gold_loss":0,"cards_obtained":["Calculated Gamble","Skewer"]}],"is_beta":false,"boss_relics":[{"not_picked":["Tiny House","Calling Bell"],"picked":"Philosopher\u0027s Stone"}],"items_purged_floors":[21],"is_endless":false,"potions_floor_spawned":[6,11,12,16,18],"killed_by":"Book of Stabbing","ascension_level":7}