{"gold_per_floor":[115,115,115,135,60,90,104,129,129,129,145,164,184,247,247,346,346,361,261,261,279,279],"floor_reached":22,"playtime":831,"items_purged":["Strike_R","Parasite"],"score":255,"play_id":"6a681a37-4da2-4366-9248-52a3872791e3","local_time":"20190303123010","is_ascension_mode":true,"campfire_choices":[{"floor":15,"key":"REST"}],"neow_cost":"TEN_PERCENT_HP_LOSS","seed_source_timestamp":56934887903800,"circlet_count":0,"master_deck":["Strike_R","Strike_R","Strike_R","Strike_R","Defend_R","Defend_R","Defend_R","Defend_R","Bash","Bludgeon","Flame Barrier","Battle Trance","Limit Break"],"relics":["Burning Blood","Dead Branch","Blood Vial","Regal Pillow","Matryoshka","Sozu"],"potions_floor_usage":[8,16,16,16,22],"damage_taken":[{"damage":12,"enemies":"Jaw Worm","floor":1,"turns":2},{"damage":0,"enemies":"Small Slimes","floor":4,"turns":2},{"damage":45,"enemies":"Lagavulin","floor":6,"turns":6},{"damage":6,"enemies":"Cultist","floor":7,"turns":3},{"damage":25,"enemies":"3 Sentries","floor":8,"turns":5},{"damage":13,"enemies":"Exordium Wildlife","floor":11,"turns":5},{"damage":11,"enemies":"Large Slime","floor":12,"turns":6},{"damage":21,"enemies":"Lots of Slimes","floor":13,"turns":6},{"damage":68,"enemies":"The Guardian","floor":16,"turns":13},{"damage":18,"enemies":"3 Byrds","floor":18,"turns":4},{"damage":33,"enemies":"Spheric Guardian","floor":21,"turns":4},{"damage":35,"enemies":"Centurion and Healer","floor":22,"turns":7}],"seed_played":"-2896749661191516028","potions_obtained":[{"floor":7,"key":"Strength Potion"},{"floor":8,"key":"Regen Potion"},{"floor":11,"key":"Dexterity Potion"},{"floor":13,"key":"BloodPotion"},{"floor":16,"key":"BloodPotion"}],"is_trial":false,"path_per_floor":["M","?","T","M","$","E","M","E","T","?","M","M","M","?","R","B",null,"M","$","?","M","M"],"character_chosen":"IRONCLAD","items_purchased":[],"campfire_rested":1,"item_purchase_floors":[],"current_hp_per_floor":[66,66,66,72,72,33,35,18,18,36,31,28,15,15,51,13,57,47,47,47,22,0],"gold":279,"neow_bonus":"THREE_RARE_CARDS","is_prod":false,"is_daily":false,"chose_seed":false,"campfire_upgraded":0,"win_rate":0,"timestamp":1551645010,"path_taken":["M","?","?","M","?","E","M","E","T","?","?","M","M","?","R","BOSS","M","$","?","M","M"],"build_version":"2019-01-23","purchased_purges":2,"victory":false,"max_hp_per_floor":[72,72,72,72,72,72,72,72,72,72,72,72,72,72,72,72,72,72,69,69,69,69],"card_choices":[{"not_picked":["Offering","Berserk"],"picked":"Bludgeon","floor":0},{"not_picked":["Anger","Clothesline","Entrench"],"picked":"SKIP","floor":1},{"not_picked":["Disarm","True Grit","Reckless Charge"],"picked":"SKIP","floor":4},{"not_picked":["Power Through","Armaments"],"picked":"Flame Barrier","floor":6},{"not_picked":["Havoc","Wild Strike","Uppercut"],"picked":"SKIP","floor":7},{"not_picked":["Sever Soul","Shockwave","Warcry"],"picked":"SKIP","floor":8},{"not_picked":["Anger","Clothesline"],"picked":"Battle Trance","floor":11},{"not_picked":["Entrench","Body Slam","Carnage"],"picked":"SKIP","floor":12},{"not_picked":["Body Slam","Armaments","Havoc"],"picked":"SKIP","floor":13},{"not_picked":["Immolate","Impervious"],"picked":"Limit Break","floor":16},{"not_picked":["Uppercut+1","Twin Strike","Ghostly Armor"],"picked":"SKIP","floor":18},{"not_picked":["Heavy Blade","Shrug It Off","Clothesline"],"picked":"SKIP","floor":21}],"player_experience":238042,"relics_obtained":[{"floor":3,"key":"Dead Branch"},{"floor":6,"key":"Blood Vial"},{"floor":8,"key":"Regal Pillow"},{"floor":9,"key":"Matryoshka"}],"event_choices":[{"damage_healed":0,"gold_gain":0,"player_choice":"Ignored","damage_taken":0,"max_hp_gain":0,"max_hp_loss":0,"event_name":"Liars Game","floor":2,"gold_loss":0},{"damage_healed":18,"gold_gain":0,"player_choice":"Healed and dodged fight","damage_taken":0,"max_hp_gain":0,"max_hp_loss":0,"event_name":"Mushrooms","floor":10,"gold_loss":0,"cards_obtained":["Parasite"]},{"damage_healed":0,"gold_gain":63,"player_choice":"Gained Gold","damage_taken":0,"max_hp_gain":0,"max_hp_loss":0,"event_name":"Golden Wing","floor":14,"gold_loss":0},{"damage_healed":0,"gold_gain":0,"player_choice":"Ignored","damage_taken":0,"max_hp_gain":0,"max_hp_loss":0,"event_name":"Ghosts","floor":20,"gold_loss":0}],"is_beta":false,"boss_relics":[{"not_picked":["Empty Cage","Eternal Feather"],"picked":"Sozu"}],"items_purged_floors":[5,19],"is_endless":false,"potions_floor_spawned":[7,8,11,13,16],"killed_by":"Centurion and Healer","ascension_level":6}