{"gold_per_floor":[118,134,145,145,23,23,68,168,168,186,197,210,225,49,49,49],"floor_reached":16,"playtime":1000,"items_purged":["Strike_R"],"score":138,"play_id":"eaa9b2e2-89ae-4b4c-94dd-9d22188082ee","local_time":"20180727181951","is_ascension_mode":true,"campfire_choices":[{"data":"Heavy Blade","floor":6,"key":"SMITH"},{"data":"Rampage","floor":15,"key":"SMITH"}],"neow_cost":"NONE","seed_source_timestamp":1456940734855448,"circlet_count":0,"master_deck":["Strike_R","Strike_R","Strike_R","Strike_R","Defend_R","Defend_R","Defend_R","Defend_R","Bash","Heavy Blade+1","Iron Wave","Shrug It Off","Armaments","Perfected Strike","Cleave","Rampage+1","Mind Blast","Sever Soul"],"relics":["Burning Blood","Boot","Pear"],"potions_floor_usage":[],"damage_taken":[{"damage":20,"enemies":"Small Slimes","floor":1,"turns":4},{"damage":10,"enemies":"Cultist","floor":2,"turns":5},{"damage":2,"enemies":"Jaw Worm","floor":3,"turns":3},{"damage":9,"enemies":"3 Louse","floor":10,"turns":5},{"damage":32,"enemies":"Gremlin Gang","floor":11,"turns":7},{"damage":0,"enemies":"Blue Slaver","floor":12,"turns":4},{"damage":5,"enemies":"Exordium Wildlife","floor":13,"turns":5},{"damage":67,"enemies":"Hexaghost","floor":16,"turns":9}],"seed_played":"-7045841202692761911","potions_obtained":[{"floor":1,"key":"Swift Potion"},{"floor":3,"key":"Ancient Potion"},{"floor":13,"key":"SteroidPotion"}],"is_trial":false,"path_per_floor":["M","M","M","?","$","R","T","?","T","M","M","M","M","$","R"],"character_chosen":"IRONCLAD","items_purchased":["Shrug It Off","Mind Blast","Sever Soul"],"campfire_rested":0,"item_purchase_floors":[5,14,14],"current_hp_per_floor":[74,70,74,74,74,74,74,74,84,81,55,61,62,62,62,0],"gold":49,"neow_bonus":"TEN_PERCENT_HP_BONUS","is_prod":false,"is_daily":false,"chose_seed":false,"campfire_upgraded":2,"win_rate":0,"timestamp":1532711991,"path_taken":["M","M","M","?","$","R","?","?","T","M","M","M","?","$","R","BOSS"],"build_version":"2018-07-26","purchased_purges":1,"victory":false,"max_hp_per_floor":[88,88,88,88,88,88,88,88,98,98,98,98,98,98,98,98],"card_choices":[{"not_picked":["Sentinel","Anger","Evolve"],"picked":"SKIP","floor":1},{"not_picked":["Intimidate","Thunderclap"],"picked":"Heavy Blade","floor":2},{"not_picked":["Havoc","Clash"],"picked":"Iron Wave","floor":3},{"not_picked":["Clash","Second Wind"],"picked":"Armaments","floor":10},{"not_picked":["Combust","Warcry"],"picked":"Perfected Strike","floor":11},{"not_picked":["True Grit","Clash"],"picked":"Cleave","floor":12},{"not_picked":["Uppercut","Sentinel"],"picked":"Rampage","floor":13}],"player_experience":516383,"relics_obtained":[{"floor":7,"key":"Boot"},{"floor":9,"key":"Pear"}],"event_choices":[{"event_name":"The Woman in Blue","player_choice":"Bought 0 Potions","floor":4,"damage_taken":0},{"event_name":"Golden Shrine","player_choice":"Pray","floor":8,"damage_taken":0}],"is_beta":false,"boss_relics":[],"items_purged_floors":[5],"is_endless":false,"potions_floor_spawned":[1,3,13],"killed_by":"Hexaghost","ascension_level":4}