{"gold_per_floor":[113,113,133,83,83,83,101,101,127,142,152,77,97,111,111,209,209,223,243,258,357,17,17,17,36,36,55,55,72,85,102,102,206,206,217,229,26,26,42,42,52,52,52,52],"floor_reached":44,"playtime":6352,"items_purged":["Strike_G","Strike_G"],"score":558,"play_id":"dd72281a-953e-4a37-b62e-6586910a4efb","local_time":"20180714163627","is_ascension_mode":false,"campfire_choices":[{"data":"Flying Knee","floor":6,"key":"SMITH"},{"data":"Bane","floor":8,"key":"SMITH"},{"floor":15,"key":"REST"},{"floor":23,"key":"REST"},{"data":"Corpse Explosion","floor":28,"key":"SMITH"},{"floor":32,"key":"REST"},{"floor":40,"key":"REST"}],"neow_cost":"","seed_source_timestamp":308164443114866,"circlet_count":0,"master_deck":["Defend_G","Defend_G","Defend_G","Defend_G","Defend_G","Strike_G","Strike_G","Survivor","Neutralize","Dagger Throw","Flying Knee+1","Bane+1","Noxious Fumes","Noxious Fumes","Cloak And Dagger","Corpse Explosion+1","Poisoned Stab","Bandage Up","Malaise","Parasite","Footwork+1","Outmaneuver+1","Envenom","Madness","Madness","Clumsy"],"relics":["Ring of the Snake","Bronze Scales","Cursed Key","Happy Flower","Paper Crane","Bottled Flame","Velvet Choker","TwistedFunnel","Tough Bandages","Strawberry"],"potions_floor_usage":[18,19,27,29,33],"damage_taken":[{"damage":4,"enemies":"Cultist","floor":1,"turns":5},{"damage":0,"enemies":"Small Slimes","floor":3,"turns":3},{"damage":0,"enemies":"Jaw Worm","floor":7,"turns":2},{"damage":8,"enemies":"Large Slime","floor":10,"turns":4},{"damage":2,"enemies":"Looter","floor":11,"turns":3},{"damage":0,"enemies":"2 Fungi Beasts","floor":13,"turns":3},{"damage":8,"enemies":"Exordium Thugs","floor":14,"turns":4},{"damage":34,"enemies":"The Guardian","floor":16,"turns":10},{"damage":0,"enemies":"Chosen","floor":18,"turns":4},{"damage":12,"enemies":"2 Thieves","floor":19,"turns":4},{"damage":6,"enemies":"Centurion and Healer","floor":20,"turns":4},{"damage":15,"enemies":"Snecko","floor":25,"turns":5},{"damage":0,"enemies":"Cultist and Chosen","floor":27,"turns":5},{"damage":12,"enemies":"3 Cultists","floor":29,"turns":5},{"damage":6,"enemies":"Slaver and Parasite","floor":30,"turns":4},{"damage":7,"enemies":"Snake Plant","floor":31,"turns":4},{"damage":55,"enemies":"Automaton","floor":33,"turns":9},{"damage":5,"enemies":"Orb Walker","floor":35,"turns":4},{"damage":17,"enemies":"3 Darklings","floor":36,"turns":3},{"damage":1,"floor":38,"turns":8},{"damage":2,"enemies":"4 Shapes","floor":39,"turns":4},{"damage":39,"enemies":"Transient","floor":41,"turns":5},{"damage":34,"enemies":"Flame Bruiser 2 Orb","floor":44,"turns":2}],"seed_played":"3056254682203226010","potions_obtained":[{"floor":3,"key":"Explosive Potion"},{"floor":13,"key":"Poison Potion"},{"floor":18,"key":"Fire Potion"},{"floor":20,"key":"Explosive Potion"},{"floor":25,"key":"Poison Potion"},{"floor":27,"key":"AttackPotion"},{"floor":35,"key":"Ancient Potion"},{"floor":36,"key":"GhostInAJar"}],"is_trial":false,"path_per_floor":["M","?","M","?","?","R","M","R","T","M","M","$","M","M","R","B",null,"M","M","M","?","$","R","?","M","T","M","R","M","M","M","R","B",null,"M","M","$","?","M","R","M","?","T"],"character_chosen":"THE_SILENT","items_purchased":["Happy Flower","Bandage Up","TwistedFunnel"],"campfire_rested":4,"item_purchase_floors":[22,22,37],"current_hp_per_floor":[66,66,66,66,66,66,66,66,66,58,56,56,56,48,69,35,70,70,58,52,52,52,70,70,55,55,59,59,51,49,46,67,15,70,65,52,52,55,57,70,31,22,29,0],"gold":52,"neow_bonus":"","is_prod":false,"is_daily":false,"chose_seed":false,"campfire_upgraded":3,"win_rate":0,"timestamp":1531582587,"path_taken":["M","?","M","?","?","R","M","R","T","M","M","$","M","?","R","BOSS","M","?","M","?","$","R","?","M","T","M","R","M","M","?","R","BOSS","M","M","$","?","M","R","M","?","T","?"],"build_version":"2018-07-12","purchased_purges":2,"victory":false,"max_hp_per_floor":[70,70,70,70,70,70,70,70,70,70,70,70,70,70,70,70,70,70,70,70,70,70,70,70,70,70,70,70,70,70,70,70,70,70,70,70,70,70,70,70,70,70,77,77],"card_choices":[{"not_picked":["Underhanded Strike","Prepared"],"picked":"Dagger Throw","floor":1},{"not_picked":["Accuracy","Venomology"],"picked":"Flying Knee","floor":3},{"not_picked":["Underhanded Strike","Deflect"],"picked":"Bane","floor":7},{"not_picked":["Eviscerate","Crippling Poison"],"picked":"Noxious Fumes","floor":10},{"not_picked":["Predator","Backflip"],"picked":"Noxious Fumes","floor":11},{"not_picked":["Blur","Flechettes"],"picked":"Cloak And Dagger","floor":13},{"not_picked":["Calculated Gamble","Quick Slash","Dagger Spray"],"picked":"SKIP","floor":14},{"not_picked":["Unload","Tactician"],"picked":"Corpse Explosion","floor":16},{"not_picked":["Expertise+1","Riddle With Holes","Sucker Punch"],"picked":"SKIP","floor":18},{"not_picked":["Leg Sweep+1","Dagger Throw+1"],"picked":"Poisoned Stab","floor":19},{"not_picked":["Bane","Expertise","PiercingWail"],"picked":"SKIP","floor":20},{"not_picked":["Quick Slash","Acrobatics"],"picked":"Malaise","floor":25},{"not_picked":["Terror+1","Underhanded Strike"],"picked":"Footwork+1","floor":27},{"not_picked":["Backflip","Acrobatics+1","Dagger Throw"],"picked":"SKIP","floor":29},{"not_picked":["Prepared","Quick Slash"],"picked":"Outmaneuver+1","floor":30},{"not_picked":["Dagger Throw","Tools of the Trade","Footwork"],"picked":"SKIP","floor":31},{"not_picked":["Night Terror","Corpse Explosion"],"picked":"Envenom","floor":33},{"not_picked":["Dagger Throw","Poisoned Stab","Quick Slash"],"picked":"SKIP","floor":35},{"not_picked":["Calculated Gamble+1","Deflect","Flechettes"],"picked":"SKIP","floor":36},{"not_picked":["Quick Slash+1","Underhanded Strike+1","Malaise"],"picked":"SKIP","floor":39},{"not_picked":["Expertise","Flying Knee+1","Slice"],"picked":"SKIP","floor":41}],"player_experience":318784,"relics_obtained":[{"floor":9,"key":"Bronze Scales"},{"floor":26,"key":"Bottled Flame"},{"floor":38,"key":"Tough Bandages"},{"floor":43,"key":"Strawberry"}],"event_choices":[{"event_name":"Golden Idol","player_choice":"Ignored","floor":2,"damage_taken":0},{"event_name":"The Cleric","player_choice":"Card Removal","floor":4,"damage_taken":0},{"event_name":"The Woman in Blue","player_choice":"Bought 0 Potions","floor":5,"damage_taken":0},{"event_name":"Nest","player_choice":"Stole From Cult","floor":21,"damage_taken":0},{"event_name":"The Mausoleum","player_choice":"Yes","floor":24,"damage_taken":0},{"event_name":"MindBloom","player_choice":"Fight","floor":38,"damage_taken":0},{"event_name":"Winding Halls","player_choice":"Embrace Madness","floor":42,"damage_taken":0}],"boss_relics":[{"not_picked":["Orrery","Philosopher\u0027s Stone"],"picked":"Cursed Key"},{"not_picked":["Pandora\u0027s Box","Empty Cage"],"picked":"Velvet Choker"}],"items_purged_floors":[12,22],"is_endless":false,"potions_floor_spawned":[3,13,18,20,25,27,35,36],"killed_by":"Flame Bruiser 2 Orb","ascension_level":0}