{"gold_per_floor":[109,109,109,126,126,126,160,160,183,27,57,72,72,88,88,193,193,207,207,219,219,239,239,270,286,286,306,306,95,128,143,143,243,243,259,259,275,14,27,27,58,8,8,8,8,8,28,28,28,28],"floor_reached":50,"playtime":4341,"items_purged":["Strike_R+1","Strike_R+1"],"score":767,"play_id":"92f5caa0-b56b-4042-bf34-3b1c8952ec88","local_time":"20190114200451","is_ascension_mode":true,"campfire_choices":[{"data":"Armaments","floor":6,"key":"SMITH"},{"data":"Bash","floor":8,"key":"SMITH"},{"data":"True Grit","floor":13,"key":"SMITH"},{"data":"Heavy Blade","floor":15,"key":"SMITH"},{"floor":23,"key":"REST"},{"floor":28,"key":"REST"},{"floor":32,"key":"REST"},{"floor":40,"key":"REST"},{"floor":45,"key":"REST"},{"floor":49,"key":"REST"}],"neow_cost":"NONE","seed_source_timestamp":154079036054614,"circlet_count":0,"master_deck":["Strike_R+1","Defend_R+1","Defend_R+1","Defend_R+1","Defend_R+1","Bash+1","Armaments+1","Headbutt","Ghostly Armor","Spot Weakness","Dark Shackles","True Grit+1","Heavy Blade+1","Bludgeon","Cleave","Body Slam","Disarm","Spot Weakness","Feed","Feed","Anger+1","Limit Break","Deep Breath","Warcry","Shrug It Off","Shockwave","Injury","Clothesline+1"],"relics":["Burning Blood","NeowsBlessing","Smiling Mask","Oddly Smooth Stone","Gambling Chip","Fusion Hammer","Blue Candle","Question Card","Vajra","Cursed Key","Shuriken","Thread and Needle","Ginger"],"potions_floor_usage":[11,16,22,30,39,41,41,50,50],"damage_taken":[{"damage":0,"enemies":"Jaw Worm","floor":1,"turns":1},{"damage":0,"enemies":"2 Louse","floor":4,"turns":1},{"damage":0,"enemies":"3 Sentries","floor":7,"turns":2},{"damage":14,"enemies":"Gremlin Nob","floor":11,"turns":5},{"damage":0,"enemies":"Small Slimes","floor":12,"turns":5},{"damage":3,"enemies":"Looter","floor":14,"turns":4},{"damage":9,"enemies":"The Guardian","floor":16,"turns":13},{"damage":15,"enemies":"Spheric Guardian","floor":18,"turns":4},{"damage":4,"enemies":"Shell Parasite","floor":20,"turns":5},{"damage":13,"enemies":"3 Cultists","floor":22,"turns":8},{"damage":18,"enemies":"Book of Stabbing","floor":24,"turns":5},{"damage":24,"enemies":"Snecko","floor":25,"turns":4},{"damage":10,"enemies":"Shelled Parasite and Fungi","floor":27,"turns":6},{"damage":29,"enemies":"Gremlin Leader","floor":30,"turns":8},{"damage":2,"enemies":"3 Cultists","floor":31,"turns":4},{"damage":71,"enemies":"Automaton","floor":33,"turns":8},{"damage":0,"enemies":"3 Shapes","floor":35,"turns":6},{"damage":1,"enemies":"Orb Walker","floor":37,"turns":3},{"damage":14,"enemies":"Spire Growth","floor":39,"turns":6},{"damage":67,"enemies":"Giant Head","floor":41,"turns":9},{"damage":20,"enemies":"Maw","floor":47,"turns":9},{"damage":86,"enemies":"Awakened One","floor":50,"turns":8}],"seed_played":"6318193838781101374","potions_obtained":[{"floor":7,"key":"Block Potion"},{"floor":11,"key":"SteroidPotion"},{"floor":16,"key":"Ancient Potion"},{"floor":20,"key":"SneckoOil"},{"floor":22,"key":"SpeedPotion"},{"floor":27,"key":"BloodPotion"},{"floor":30,"key":"Weak Potion"},{"floor":39,"key":"SpeedPotion"},{"floor":41,"key":"PowerPotion"}],"is_trial":false,"path_per_floor":["M","?","?","M","?","R","E","R","T","$","E","M","R","M","R","B",null,"M","?","M","?","M","R","E","M","T","M","R","$","E","M","R","B",null,"M","?","M","$","M","R","E","$","T","?","R","T","M","?","R","B"],"character_chosen":"IRONCLAD","items_purchased":["Spot Weakness","Dark Shackles","Feed","Shuriken"],"campfire_rested":6,"item_purchase_floors":[10,10,29,38],"current_hp_per_floor":[78,83,83,85,85,85,85,85,85,85,77,83,83,85,85,82,84,75,75,77,77,70,85,73,55,55,51,76,76,53,60,86,21,71,80,80,85,85,77,91,30,30,30,30,57,57,43,43,70,0],"gold":28,"neow_bonus":"THREE_ENEMY_KILL","is_prod":false,"is_daily":false,"chose_seed":false,"campfire_upgraded":4,"win_rate":0,"timestamp":1547496291,"path_taken":["M","?","?","M","?","R","E","R","T","$","E","M","R","M","R","BOSS","M","?","M","?","M","R","E","M","T","?","R","$","E","M","R","BOSS","M","?","M","$","M","R","E","$","T","?","R","?","M","?","R","BOSS"],"build_version":"2019-01-10","purchased_purges":2,"victory":false,"max_hp_per_floor":[80,85,85,85,85,85,85,85,85,85,85,85,85,85,85,85,85,85,85,85,85,85,85,85,85,85,85,85,85,85,88,88,88,88,91,91,91,91,91,91,91,91,91,91,91,91,91,91,91,94],"card_choices":[{"not_picked":["Metallicize","Combust"],"picked":"Armaments","floor":1},{"not_picked":["Thunderclap","Clash"],"picked":"Headbutt","floor":4},{"not_picked":["Metallicize","Pommel Strike"],"picked":"Ghostly Armor","floor":7},{"not_picked":["Searing Blow","Perfected Strike"],"picked":"True Grit","floor":11},{"not_picked":["Iron Wave","Headbutt","Wild Strike"],"picked":"SKIP","floor":12},{"not_picked":["Havoc","Feel No Pain"],"picked":"Heavy Blade","floor":14},{"not_picked":["Berserk","Impervious"],"picked":"Bludgeon","floor":16},{"not_picked":["True Grit+1","Wild Strike+1","Havoc"],"picked":"SKIP","floor":18},{"not_picked":["Corruption","Bloodletting"],"picked":"Cleave","floor":20},{"not_picked":["Armaments","Searing Blow+1","Blood for Blood"],"picked":"SKIP","floor":22},{"not_picked":["Shockwave","Burning Pact"],"picked":"Disarm","floor":24},{"not_picked":["Clash","Warcry","Entrench"],"picked":"SKIP","floor":25},{"not_picked":["Ghostly Armor","True Grit","Pummel"],"picked":"Spot Weakness","floor":27},{"not_picked":["Second Wind","Power Through+1","Clash"],"picked":"Feed","floor":30},{"not_picked":["Thunderclap","Wild Strike","Iron Wave"],"picked":"Anger+1","floor":31},{"not_picked":["Impervious","Reaper","Fiend Fire"],"picked":"Limit Break","floor":33},{"not_picked":["Thunderclap+1","Sever Soul+1","Cleave+1","Anger"],"picked":"SKIP","floor":35},{"not_picked":["Discovery","PanicButton","Bandage Up"],"picked":"Deep Breath","floor":36},{"not_picked":["Armaments+1","Evolve+1","Sever Soul+1"],"picked":"Warcry","floor":37},{"not_picked":["Rage+1","Thunderclap","Havoc"],"picked":"Shrug It Off","floor":39},{"not_picked":["Corruption+1","Combust+1","Rage"],"picked":"Shockwave","floor":41},{"not_picked":["Second Wind","Dual Wield+1","Twin Strike"],"picked":"Clothesline+1","floor":47}],"player_experience":954189,"relics_obtained":[{"floor":7,"key":"Smiling Mask"},{"floor":9,"key":"Oddly Smooth Stone"},{"floor":11,"key":"Gambling Chip"},{"floor":24,"key":"Blue Candle"},{"floor":26,"key":"Question Card"},{"floor":30,"key":"Vajra"},{"floor":41,"key":"Thread and Needle"},{"floor":43,"key":"Ginger"}],"event_choices":[{"damage_healed":0,"gold_gain":0,"player_choice":"Donut","damage_taken":0,"max_hp_gain":5,"max_hp_loss":0,"event_name":"Big Fish","floor":2,"gold_loss":0},{"damage_healed":0,"gold_gain":0,"player_choice":"Ignored","damage_taken":0,"max_hp_gain":0,"max_hp_loss":0,"event_name":"Liars Game","floor":3,"gold_loss":0},{"cards_removed":["Strike_R"],"damage_healed":0,"gold_gain":0,"player_choice":"Forget","damage_taken":0,"max_hp_gain":0,"max_hp_loss":0,"event_name":"Living Wall","floor":5,"gold_loss":0},{"damage_healed":0,"gold_gain":0,"player_choice":"Simplicity","damage_taken":0,"max_hp_gain":0,"max_hp_loss":0,"event_name":"Back to Basics","floor":19,"gold_loss":0,"cards_upgraded":["Strike_R","Strike_R","Strike_R","Strike_R","Defend_R","Defend_R","Defend_R","Defend_R"]},{"damage_healed":0,"gold_gain":0,"cards_transformed":["Strike_R"],"player_choice":"Transformed","damage_taken":0,"max_hp_gain":0,"max_hp_loss":0,"event_name":"Transmorgrifier","floor":21,"gold_loss":0,"cards_obtained":["Body Slam"]},{"damage_healed":0,"gold_gain":0,"player_choice":"Memory 1","damage_taken":0,"max_hp_gain":0,"max_hp_loss":0,"event_name":"SensoryStone","floor":36,"gold_loss":0},{"damage_healed":0,"gold_gain":0,"player_choice":"Ignored","damage_taken":0,"max_hp_gain":0,"max_hp_loss":0,"event_name":"The Moai Head","floor":44,"gold_loss":0},{"damage_healed":0,"gold_gain":0,"player_choice":"Ignored","damage_taken":0,"max_hp_gain":0,"max_hp_loss":0,"event_name":"Mysterious Sphere","floor":48,"gold_loss":0}],"is_beta":false,"boss_relics":[{"not_picked":["Tiny House","Pandora\u0027s Box"],"picked":"Fusion Hammer"},{"not_picked":["Coffee Dripper","Runic Pyramid"],"picked":"Cursed Key"}],"items_purged_floors":[29,42],"is_endless":false,"potions_floor_spawned":[7,11,16,20,22,27,30,39,41],"killed_by":"Awakened One","ascension_level":7}