{"gold_per_floor":[111,111,111,184,204,204,230,230,230,230,261,278,278,297,297,393,393,408,408,408,431,206,206,206,206,206,226,226,226,243,256,256,354,354,370,470,470,522,188,188,199,234,257,274,151,164,196,4,4,4],"floor_reached":51,"playtime":1816,"items_purged":["Strike_R","Strike_R","Defend_R","Defend_R"],"score":1281,"play_id":"557e8b60-3335-497e-8d7b-52199dab57f5","local_time":"20190502154744","is_ascension_mode":true,"campfire_choices":[{"data":"Flex","floor":6.0,"key":"SMITH"},{"data":"Sword Boomerang","floor":13.0,"key":"SMITH"},{"floor":15.0,"key":"REST"},{"data":"Heavy Blade","floor":23.0,"key":"SMITH"},{"data":"Thunderclap","floor":25.0,"key":"SMITH"},{"data":"Offering","floor":29,"key":"SMITH"},{"floor":32,"key":"REST"},{"floor":40,"key":"REST"},{"floor":49,"key":"REST"}],"neow_cost":"NONE","seed_source_timestamp":0,"circlet_count":0,"master_deck":["AscendersBane","Defend_R+1","Defend_R+1","Bash+1","Flex+1","Sword Boomerang+1","Heavy Blade+1","Offering+1","Thunderclap+1","Flex+1","Battle Trance+1","Flex+1"],"special_seed":0,"relics":["Burning Blood","NeowsBlessing","Mummified Hand","Centennial Puzzle","Bottled Flame","Bag of Marbles","Calling Bell","Boot","The Courier","Champion Belt","Potion Belt","DollysMirror","Pen Nib","Empty Cage","Nunchaku","Ice Cream","Membership Card","Vajra","PreservedInsect","Question Card","Oddly Smooth Stone","Whetstone","Dream Catcher","Thread and Needle"],"potions_floor_usage":[28,33,33,38,50,50,50],"damage_taken":[{"damage":0.0,"enemies":"2 Louse","floor":1.0,"turns":1.0},{"damage":0.0,"enemies":"Cultist","floor":5.0,"turns":1.0},{"damage":0.0,"enemies":"Lagavulin","floor":7.0,"turns":1.0},{"damage":37.0,"enemies":"Gremlin Nob","floor":11.0,"turns":4.0},{"damage":0.0,"enemies":"Small Slimes","floor":12.0,"turns":2.0},{"damage":23.0,"enemies":"Exordium Wildlife","floor":14.0,"turns":5.0},{"damage":51.0,"enemies":"Hexaghost","floor":16.0,"turns":9.0},{"damage":8.0,"enemies":"2 Thieves","floor":18.0,"turns":2.0},{"damage":3.0,"enemies":"Spheric Guardian","floor":27.0,"turns":3.0},{"damage":0,"enemies":"Slavers","floor":28,"turns":1},{"damage":18,"enemies":"Snake Plant","floor":30,"turns":2},{"damage":6,"enemies":"Chosen and Byrds","floor":31,"turns":2},{"damage":53,"enemies":"Collector","floor":33,"turns":7},{"damage":13,"enemies":"3 Shapes","floor":35,"turns":4},{"damage":6,"enemies":"Mind Bloom Boss Battle","floor":36,"turns":3},{"damage":22,"enemies":"2 Orb Walkers","floor":38,"turns":4},{"damage":12,"enemies":"Orb Walker","floor":41,"turns":3},{"damage":6,"enemies":"Giant Head","floor":42,"turns":4},{"damage":10,"enemies":"Jaw Worm Horde","floor":44,"turns":2},{"damage":0,"enemies":"Sphere and 2 Shapes","floor":46,"turns":2},{"damage":23,"enemies":"Nemesis","floor":47,"turns":3},{"damage":17,"enemies":"Time Eater","floor":50,"turns":3}],"seed_played":"-1604252074077154546","potions_obtained":[{"floor":1.0,"key":"Regen Potion"},{"floor":7.0,"key":"Dexterity Potion"},{"floor":12.0,"key":"SmokeBomb"},{"floor":16.0,"key":"EssenceOfSteel"},{"floor":31,"key":"Dexterity Potion"},{"floor":33,"key":"Swift Potion"},{"floor":38,"key":"Strength Potion"},{"floor":41,"key":"FearPotion"},{"floor":44,"key":"Strength Potion"}],"is_trial":false,"path_per_floor":["M","?","$","T","M","R","E","$","T","?","E","M","R","M","R","B",null,"M","?","?","T","$","R","?","R","T","M","E","R","M","M","R","B",null,"M","?","?","?","$","R","M","E","T","M","$","M","E","$","R","B",null],"character_chosen":"IRONCLAD","items_purchased":["DollysMirror","Membership Card","Vajra","PreservedInsect","Whetstone","Thread and Needle"],"campfire_rested":4,"item_purchase_floors":[22,39,39,39,45,48],"current_hp_per_floor":[78,78,78,78,80,80,80,80,80,64,45,51,51,34,58,13,63,61,61,61,61,61,61,61,61,61,64,70,70,58,58,80,33,68,61,61,61,45,45,69,63,63,63,59,59,65,48,48,72,61],"gold":4,"neow_bonus":"THREE_ENEMY_KILL","is_prod":false,"is_daily":false,"chose_seed":false,"campfire_upgraded":5,"win_rate":0,"timestamp":1556837264,"path_taken":["M","?","$","?","M","R","E","$","T","?","E","?","R","M","R","BOSS","M","?","?","?","$","R","?","R","T","M","E","R","M","?","R","BOSS","M","?","?","?","$","R","M","E","T","?","?","?","E","$","R","BOSS"],"build_version":"2019-01-23","purchased_purges":4,"victory":true,"max_hp_per_floor":[80,80,80,80,80,80,80,80,80,80,80,80,80,80,80,80,80,80,80,80,80,80,80,80,80,80,80,80,80,80,80,80,80,80,80,80,80,80,80,80,80,80,80,80,80,80,80,80,80,80],"card_choices":[{"not_picked":["Power Through","Rupture","Evolve"],"picked":"SKIP","floor":1.0},{"not_picked":["Sever Soul","True Grit"],"picked":"Flex","floor":5.0},{"not_picked":["Rage","Reckless Charge","Infernal Blade"],"picked":"SKIP","floor":7.0},{"not_picked":["Perfected Strike","Clash","Carnage"],"picked":"SKIP","floor":11.0},{"not_picked":["Perfected Strike","Carnage"],"picked":"Clash","floor":11.0},{"not_picked":["Cleave","Armaments"],"picked":"Sword Boomerang","floor":12.0},{"not_picked":["Corruption","Brutality"],"picked":"Heavy Blade","floor":14.0},{"not_picked":["Feed","Demon Form"],"picked":"Offering","floor":16.0},{"not_picked":["Flame Barrier","Body Slam+1","Havoc"],"picked":"SKIP","floor":18.0},{"not_picked":["Thunderclap","Twin Strike","Armaments"],"picked":"SKIP","floor":27.0},{"not_picked":["Iron Wave","Rampage","Body Slam"],"picked":"SKIP","floor":30},{"not_picked":["Armaments","Anger","Fiend Fire"],"picked":"SKIP","floor":31},{"not_picked":["Armaments","Pommel Strike","Infernal Blade"],"picked":"SKIP","floor":35},{"not_picked":["Warcry+1","Metallicize","Havoc"],"picked":"SKIP","floor":41},{"not_picked":["Sword Boomerang","Dropkick"],"picked":"Battle Trance+1","floor":42},{"not_picked":["Rupture+1","Rage+1","Body Slam"],"picked":"Flex+1","floor":44},{"not_picked":["Demon Form","Dual Wield","Twin Strike","Intimidate"],"picked":"SKIP","floor":46},{"not_picked":["Armaments","Shrug It Off","Heavy Blade+1","Disarm"],"picked":"SKIP","floor":47}],"player_experience":356815,"relics_obtained":[{"floor":4.0,"key":"Mummified Hand"},{"floor":7.0,"key":"Centennial Puzzle"},{"floor":9.0,"key":"Bottled Flame"},{"floor":11.0,"key":"Bag of Marbles"},{"floor":17.0,"key":"Boot"},{"floor":17.0,"key":"The Courier"},{"floor":17.0,"key":"Champion Belt"},{"floor":21.0,"key":"Potion Belt"},{"floor":26.0,"key":"Pen Nib"},{"floor":36,"key":"Nunchaku"},{"floor":38,"key":"Ice Cream"},{"floor":42,"key":"Question Card"},{"floor":43,"key":"Oddly Smooth Stone"},{"floor":47,"key":"Dream Catcher"}],"event_choices":[{"cards_removed":["Strike_R"],"damage_healed":0.0,"max_hp_gain":0.0,"max_hp_loss":0.0,"gold_gain":0.0,"event_name":"Purifier","player_choice":"Purged","floor":2.0,"gold_loss":0.0,"damage_taken":0.0},{"damage_healed":0.0,"max_hp_gain":0.0,"max_hp_loss":0.0,"gold_gain":0.0,"event_name":"Shining Light","player_choice":"Entered Light","floor":10.0,"gold_loss":0.0,"damage_taken":16.0,"cards_upgraded":["Defend_R","Defend_R"]},{"damage_healed":0.0,"max_hp_gain":0.0,"max_hp_loss":0.0,"gold_gain":0.0,"event_name":"Vampires","player_choice":"Ignored","floor":19.0,"gold_loss":0.0,"damage_taken":0.0},{"damage_healed":0.0,"max_hp_gain":0.0,"max_hp_loss":0.0,"gold_gain":0.0,"event_name":"The Library","player_choice":"Read","floor":20.0,"gold_loss":0.0,"damage_taken":0.0,"cards_obtained":["Thunderclap"]},{"damage_healed":0.0,"max_hp_gain":0.0,"max_hp_loss":0.0,"gold_gain":0.0,"event_name":"Ghosts","player_choice":"Ignored","floor":24.0,"gold_loss":0.0,"damage_taken":0.0},{"damage_healed":0,"gold_gain":0,"player_choice":"Fight","damage_taken":0,"max_hp_gain":0,"max_hp_loss":0,"event_name":"MindBloom","floor":36,"gold_loss":0},{"cards_removed":["Clash"],"damage_healed":0,"gold_gain":0,"player_choice":"Removed Attack","damage_taken":0,"max_hp_gain":0,"max_hp_loss":0,"event_name":"Falling","floor":37,"gold_loss":0},{"damage_healed":0,"gold_gain":0,"player_choice":"Fight","damage_taken":0,"max_hp_gain":0,"max_hp_loss":0,"event_name":"Mysterious Sphere","floor":38,"gold_loss":0}],"is_beta":false,"boss_relics":[{"not_picked":["Black Star","Snecko Eye"],"picked":"Calling Bell"},{"not_picked":["Runic Pyramid","Philosopher\u0027s Stone"],"picked":"Empty Cage"}],"items_purged_floors":[22,39,45,48],"is_endless":false,"potions_floor_spawned":[1,7,12,16,28,31,33,38,41,44],"ascension_level":12}