{"gold_per_floor":[118,137,12,29,29,59,72,72,72,72,82,142,156,183,183,287,287,268,268,282,132,132,132],"floor_reached":23,"playtime":2040,"items_purged":[],"score":277,"play_id":"3632f9b7-eb0e-4e40-998c-a80f28ef7181","local_time":"20181109194604","is_ascension_mode":true,"campfire_choices":[{"floor":8,"key":"REST"},{"floor":10,"key":"REST"},{"floor":15,"key":"REST"}],"neow_cost":"NONE","seed_source_timestamp":1821986438067477,"circlet_count":0,"master_deck":["Defend_G+1","Defend_G","Defend_G","Defend_G","Defend_G","Strike_G","Strike_G","Strike_G","Strike_G","Strike_G","Survivor","Neutralize","Slice","Terror","Blade Dance+1","Caltrops","Backflip","Deflect","Dagger Spray","Noxious Fumes","Flying Knee","A Thousand Cuts","Dodge and Roll","Catalyst","After Image+1","Poisoned Stab","Footwork","Blur"],"relics":["Ring of the Snake","Bottled Tornado","Paper Crane","Potion Belt","Odd Mushroom","Fusion Hammer"],"potions_floor_usage":[12,16,16],"damage_taken":[{"damage":0,"enemies":"2 Louse","floor":1,"turns":3},{"damage":0,"enemies":"Jaw Worm","floor":2,"turns":4},{"damage":0,"enemies":"Small Slimes","floor":4,"turns":2},{"damage":26,"enemies":"3 Sentries","floor":6,"turns":10},{"damage":3,"enemies":"Looter","floor":7,"turns":3},{"damage":7,"enemies":"Exordium Thugs","floor":11,"turns":5},{"damage":24,"enemies":"Gremlin Nob","floor":12,"turns":4},{"damage":8,"enemies":"3 Louse","floor":13,"turns":3},{"damage":13,"enemies":"The Mushroom Lair","floor":14,"turns":4},{"damage":30,"enemies":"The Guardian","floor":16,"turns":10},{"damage":13,"enemies":"2 Thieves","floor":18,"turns":4},{"damage":4,"enemies":"Shell Parasite","floor":20,"turns":6},{"damage":40,"enemies":"Gremlin Leader","floor":23,"turns":5}],"seed_played":"6362186850463467181","potions_obtained":[{"floor":1,"key":"Dexterity Potion"},{"floor":6,"key":"Energy Potion"},{"floor":11,"key":"GamblersBrew"},{"floor":12,"key":"Swift Potion"}],"is_trial":false,"path_per_floor":["M","M","$","M","?","E","M","R","T","R","M","?","M","?","R","B",null,"M","?","M","$","?","E"],"character_chosen":"THE_SILENT","items_purchased":["Caltrops","Backflip","Footwork","Blur"],"campfire_rested":3,"item_purchase_floors":[3,3,21,21],"current_hp_per_floor":[63,63,63,63,49,23,20,41,41,62,55,31,23,10,31,1,53,40,40,36,36,36,0],"gold":132,"neow_bonus":"THREE_CARDS","is_prod":false,"is_daily":false,"chose_seed":false,"campfire_upgraded":0,"win_rate":0,"timestamp":1541792764,"path_taken":["M","M","$","M","?","E","M","R","T","R","M","?","M","?","R","BOSS","M","?","M","?","?","E"],"build_version":"2018-11-08","purchased_purges":0,"victory":false,"max_hp_per_floor":[70,70,70,70,70,70,70,70,70,70,70,70,70,70,70,70,70,70,70,70,70,70,70],"card_choices":[{"not_picked":["Dodge and Roll","Expertise"],"picked":"Slice","floor":0},{"not_picked":["Reflex","Noxious Fumes"],"picked":"Terror","floor":1},{"not_picked":["Slice","Poisoned Stab"],"picked":"Blade Dance","floor":2},{"not_picked":["Poisoned Stab","Heel Hook"],"picked":"Deflect","floor":4},{"not_picked":["Night Terror","Underhanded Strike"],"picked":"Dagger Spray","floor":6},{"not_picked":["Skewer","Tactician"],"picked":"Noxious Fumes","floor":7},{"not_picked":["Underhanded Strike","Escape Plan"],"picked":"Flying Knee","floor":11},{"not_picked":["Quick Slash","Underhanded Strike"],"picked":"A Thousand Cuts","floor":12},{"not_picked":["Deflect","Skewer"],"picked":"Dodge and Roll","floor":13},{"not_picked":["Escape Plan","Blade Dance"],"picked":"Catalyst","floor":14},{"not_picked":["Grand Finale","Adrenaline"],"picked":"After Image","floor":16},{"not_picked":["Dagger Spray","Eviscerate","Reflex+1"],"picked":"SKIP","floor":18},{"not_picked":["Escape Plan","Blade Dance"],"picked":"Poisoned Stab","floor":20}],"player_experience":800603,"relics_obtained":[{"floor":6,"key":"Bottled Tornado"},{"floor":9,"key":"Paper Crane"},{"floor":12,"key":"Potion Belt"},{"floor":14,"key":"Odd Mushroom"}],"event_choices":[{"damage_healed":0,"gold_gain":0,"player_choice":"Entered Light","damage_taken":14,"max_hp_gain":0,"max_hp_loss":0,"event_name":"Shining Light","floor":5,"gold_loss":0,"cards_upgraded":["Blade Dance","Defend_G"]},{"damage_healed":0,"gold_gain":30,"player_choice":"Searched \u00272\u0027 times","damage_taken":0,"max_hp_gain":0,"max_hp_loss":0,"event_name":"Dead Adventurer","floor":12,"gold_loss":0},{"damage_healed":0,"gold_gain":0,"player_choice":"Fought Mushrooms","damage_taken":0,"max_hp_gain":0,"max_hp_loss":0,"event_name":"Mushrooms","floor":14,"gold_loss":0},{"damage_healed":0,"gold_gain":0,"player_choice":"Forge","damage_taken":0,"max_hp_gain":0,"max_hp_loss":0,"event_name":"Accursed Blacksmith","floor":19,"gold_loss":0,"cards_upgraded":["After Image"]},{"damage_healed":0,"gold_gain":0,"player_choice":"Ignored","damage_taken":0,"max_hp_gain":0,"max_hp_loss":0,"event_name":"Ghosts","floor":22,"gold_loss":0}],"is_beta":false,"boss_relics":[{"not_picked":["Lizard Tail","Velvet Choker"],"picked":"Fusion Hammer"}],"items_purged_floors":[],"is_endless":false,"potions_floor_spawned":[1,6,11,12],"killed_by":"Gremlin Leader","ascension_level":9}