{"gold_per_floor":[111,38,50,122,134,134,146,180,203,168,168,178,190,208,208,309,309,249,249,249,249,249,249,249,249,249,249,1,1,1],"floor_reached":30,"playtime":919,"items_purged":[],"score":350,"play_id":"1b0dc391-0670-4d3a-a233-00f9c0f36c08","local_time":"20190627204006","is_ascension_mode":true,"campfire_choices":[{"floor":6,"key":"REST"},{"floor":11,"key":"REST"},{"floor":15,"key":"REST"},{"floor":23,"key":"REST"},{"floor":27,"key":"REST"},{"floor":29,"key":"REST"}],"neow_cost":"NONE","seed_source_timestamp":97566380648626,"circlet_count":0,"master_deck":["Defend_G","Defend_G","Defend_G","Defend_G","Defend_G","Strike_G","Strike_G","Strike_G","Strike_G","Strike_G","Survivor","Neutralize","Bouncing Flask","Noxious Fumes","PiercingWail","Night Terror","Poisoned Stab","Predator","Noxious Fumes","Caltrops","Dash","Caltrops","Catalyst","Catalyst","A Thousand Cuts","Leg Sweep","Burst"],"relics":["Orrery","Bag of Marbles","Orichalcum","Ectoplasm","Potion Belt","Bronze Scales","Oddly Smooth Stone","Bag of Preparation","Paper Crane"],"potions_floor_usage":[8,8,16,18,30],"damage_taken":[{"damage":13,"enemies":"2 Louse","floor":1,"turns":3},{"damage":8,"enemies":"Small Slimes","floor":3,"turns":4},{"damage":7,"enemies":"Jaw Worm","floor":5,"turns":5},{"damage":23,"enemies":"3 Louse","floor":7,"turns":5},{"damage":31,"enemies":"Gremlin Nob","floor":8,"turns":5},{"damage":6,"enemies":"Looter","floor":12,"turns":3},{"damage":8,"enemies":"Red Slaver","floor":13,"turns":4},{"damage":17,"enemies":"3 Louse","floor":14,"turns":3},{"damage":26,"enemies":"Hexaghost","floor":16,"turns":9},{"damage":16,"enemies":"2 Thieves","floor":18,"turns":4},{"damage":14,"enemies":"Spheric Guardian","floor":22,"turns":5},{"damage":38,"enemies":"Gremlin Leader","floor":24,"turns":7},{"damage":6,"enemies":"Centurion and Healer","floor":25,"turns":7},{"damage":50,"enemies":"Slavers","floor":30,"turns":3}],"seed_played":"-3904173570629005231","potions_obtained":[{"floor":1,"key":"SteroidPotion"},{"floor":7,"key":"Weak Potion"},{"floor":8,"key":"Explosive Potion"},{"floor":13,"key":"Regen Potion"},{"floor":25,"key":"LiquidBronze"}],"is_trial":false,"path_per_floor":["M","$","M","?","M","R","M","E","T","?","R","M","M","M","R","B",null,"M","?","?","T","M","R","E","M","T","R","$","R","E"],"character_chosen":"THE_SILENT","items_purchased":["Noxious Fumes","Paper Crane"],"campfire_rested":6,"item_purchase_floors":[2,28],"current_hp_per_floor":[50,50,42,42,35,56,33,2,2,19,40,34,26,9,30,19,57,41,41,41,41,27,48,10,4,4,25,25,46,0],"gold":1,"neow_bonus":"BOSS_RELIC","is_prod":false,"is_daily":false,"chose_seed":false,"campfire_upgraded":0,"win_rate":0,"timestamp":1561682406,"path_taken":["M","$","M","?","M","R","M","E","T","?","R","M","M","M","R","BOSS","M","?","?","?","M","R","E","M","T","R","$","R","E"],"build_version":"2019-01-23","purchased_purges":0,"victory":false,"max_hp_per_floor":[70,70,70,70,70,70,70,70,70,70,70,70,70,70,70,70,70,70,70,70,70,70,70,70,70,70,70,70,70,70],"card_choices":[{"not_picked":["Escape Plan","Predator"],"picked":"Bouncing Flask","floor":0},{"not_picked":["Flying Knee","Sucker Punch"],"picked":"Noxious Fumes","floor":0},{"not_picked":["Deflect","Heel Hook"],"picked":"PiercingWail","floor":0},{"not_picked":["Flying Knee","Quick Slash"],"picked":"Night Terror","floor":0},{"not_picked":["Acrobatics","Deflect"],"picked":"Poisoned Stab","floor":0},{"not_picked":["Prepared","PiercingWail"],"picked":"Predator","floor":1},{"not_picked":["Quick Slash","Sucker Punch"],"picked":"Caltrops","floor":3},{"not_picked":["Expertise","Eviscerate","Flying Knee"],"picked":"SKIP","floor":5},{"not_picked":["Acrobatics","Wraith Form v2"],"picked":"Dash","floor":7},{"not_picked":["Dodge and Roll","Finisher"],"picked":"Caltrops","floor":8},{"not_picked":["Flechettes","Distraction","Prepared"],"picked":"SKIP","floor":12},{"not_picked":["PiercingWail","Well Laid Plans"],"picked":"Catalyst","floor":13},{"not_picked":["Poisoned Stab","Cloak And Dagger"],"picked":"Catalyst","floor":14},{"not_picked":["Envenom","Night Terror"],"picked":"A Thousand Cuts","floor":16},{"not_picked":["Blade Dance","Backflip"],"picked":"Leg Sweep","floor":18},{"not_picked":["Accuracy+1","Choke","Dagger Throw"],"picked":"SKIP","floor":22},{"not_picked":["Reflex","Blur"],"picked":"Burst","floor":24},{"not_picked":["Escape Plan+1","Underhanded Strike+1","Blade Dance"],"picked":"SKIP","floor":25}],"player_experience":500508,"relics_obtained":[{"floor":8,"key":"Bag of Marbles"},{"floor":9,"key":"Orichalcum"},{"floor":21,"key":"Bronze Scales"},{"floor":24,"key":"Oddly Smooth Stone"},{"floor":26,"key":"Bag of Preparation"}],"event_choices":[{"damage_healed":0,"gold_gain":72,"player_choice":"Gained Gold","damage_taken":0,"max_hp_gain":0,"max_hp_loss":0,"event_name":"Golden Wing","floor":4,"gold_loss":0},{"damage_healed":17,"gold_gain":0,"player_choice":"Healed","damage_taken":0,"max_hp_gain":0,"max_hp_loss":0,"event_name":"The Cleric","floor":10,"gold_loss":35},{"damage_healed":0,"gold_gain":0,"player_choice":"Ignored","damage_taken":0,"max_hp_gain":0,"max_hp_loss":0,"event_name":"Vampires","floor":19,"gold_loss":0},{"damage_healed":0,"gold_gain":0,"player_choice":"Opened","damage_taken":0,"relics_obtained":["Potion Belt"],"max_hp_gain":0,"max_hp_loss":0,"event_name":"The Mausoleum","floor":20,"gold_loss":0}],"is_beta":false,"boss_relics":[{"not_picked":["White Beast Statue","HoveringKite"],"picked":"Ectoplasm"}],"items_purged_floors":[],"is_endless":false,"potions_floor_spawned":[1,7,8,13,25],"killed_by":"Slavers","ascension_level":8}