{"gold_per_floor":[115,132,46,63,75,75,100,118,144,156,156,156,79,106,118,234,246,278,389,415,427,439,451,520,532,570,594,293,293],"floor_reached":29,"playtime":1482,"items_purged":[],"score":304,"play_id":"d08e4ffc-08fc-4a61-b7bf-984de1dee85a","local_time":"20181103234234","is_ascension_mode":true,"campfire_choices":[{"data":"Fire Breathing","floor":6,"key":"SMITH"},{"data":"Armaments","floor":11,"key":"SMITH"},{"floor":15,"key":"REST"},{"floor":23,"key":"REST"}],"neow_cost":"NONE","seed_source_timestamp":1318297807330300,"circlet_count":0,"master_deck":["Strike_R+1","Strike_R+1","Strike_R+1","Strike_R+1","Strike_R+1","Defend_R+1","Defend_R+1","Defend_R+1","Defend_R+1","Bash+1","Ghostly Armor","Shrug It Off","Metallicize","Cleave","Fire Breathing+1","Spot Weakness","Demon Form","Anger+1","Armaments+1","Inflame","Demon Form","Demon Form","Warcry+1","Perfected Strike","Bandage Up","Entrench"],"relics":["Burning Blood","Mercury Hourglass","Orichalcum","MawBank","Busted Crown","Tiny Chest","Oddly Smooth Stone","Pen Nib"],"potions_floor_usage":[5,7,8,8,14,27],"damage_taken":[{"damage":6,"enemies":"Cultist","floor":1,"turns":3},{"damage":2,"enemies":"Jaw Worm","floor":2,"turns":3},{"damage":0,"enemies":"2 Louse","floor":4,"turns":3},{"damage":19,"enemies":"Large Slime","floor":5,"turns":8},{"damage":15,"enemies":"Gremlin Nob","floor":7,"turns":4},{"damage":15,"enemies":"Exordium Thugs","floor":8,"turns":4},{"damage":3,"enemies":"2 Fungi Beasts","floor":10,"turns":3},{"damage":10,"enemies":"Lagavulin","floor":14,"turns":7},{"damage":42,"enemies":"The Guardian","floor":16,"turns":8},{"damage":17,"enemies":"Chosen","floor":18,"turns":5},{"damage":13,"enemies":"Shell Parasite","floor":20,"turns":6},{"damage":55,"enemies":"Gremlin Leader","floor":24,"turns":7},{"damage":15,"enemies":"Snake Plant","floor":27,"turns":3},{"damage":28,"enemies":"Slavers","floor":29,"turns":1}],"seed_played":"2876213328809741065","potions_obtained":[{"floor":1,"key":"Swift Potion"},{"floor":4,"key":"EntropicBrew"},{"floor":5,"key":"SkillPotion"},{"floor":8,"key":"SpeedPotion"},{"floor":24,"key":"Strength Potion"}],"is_trial":false,"path_per_floor":["M","M","$","M","M","R","E","M","T","M","R","?","$","E","R","B",null,"M","?","M","?","?","R","E","?","T","M","$","E"],"character_chosen":"IRONCLAD","items_purchased":["Metallicize","Cleave","Inflame","Pen Nib","Bandage Up","Entrench"],"campfire_rested":2,"item_purchase_floors":[3,3,13,28,28,28],"current_hp_per_floor":[80,80,80,80,67,67,58,57,57,60,60,60,60,56,80,44,80,69,69,62,62,62,80,31,31,31,22,22,0],"gold":293,"neow_bonus":"UPGRADE_CARD","is_prod":false,"is_daily":false,"chose_seed":false,"campfire_upgraded":2,"win_rate":0,"timestamp":1541288554,"path_taken":["M","M","$","M","M","R","E","M","T","M","R","?","$","E","R","BOSS","M","?","M","?","?","R","E","?","T","?","$","E"],"build_version":"2018-11-01","purchased_purges":0,"victory":false,"max_hp_per_floor":[80,80,80,80,80,80,80,80,80,80,80,80,80,80,80,80,80,80,80,80,80,80,80,80,80,80,80,80,80],"card_choices":[{"not_picked":["Intimidate","Flex"],"picked":"Ghostly Armor","floor":1},{"not_picked":["Anger","Pommel Strike"],"picked":"Shrug It Off","floor":2},{"not_picked":["Second Wind","Pommel Strike"],"picked":"Fire Breathing","floor":4},{"not_picked":["Heavy Blade","Cleave"],"picked":"Spot Weakness","floor":5},{"not_picked":["Disarm","Sword Boomerang"],"picked":"Demon Form","floor":7},{"not_picked":["Sword Boomerang","Havoc"],"picked":"Anger","floor":8},{"not_picked":["Twin Strike","Clash"],"picked":"Armaments","floor":10},{"not_picked":["Battle Trance","Sever Soul"],"picked":"Demon Form","floor":14},{"not_picked":["Dark Embrace","Fiend Fire"],"picked":"Demon Form","floor":16},{"not_picked":[],"picked":"Warcry+1","floor":18},{"not_picked":["Perfected Strike+1"],"picked":"SKIP","floor":20},{"not_picked":["Iron Wave"],"picked":"SKIP","floor":24},{"not_picked":["Clash"],"picked":"SKIP","floor":27}],"player_experience":783025,"relics_obtained":[{"floor":7,"key":"Mercury Hourglass"},{"floor":9,"key":"Orichalcum"},{"floor":14,"key":"MawBank"},{"floor":24,"key":"Tiny Chest"},{"floor":26,"key":"Oddly Smooth Stone"}],"event_choices":[{"damage_healed":0,"gold_gain":0,"player_choice":"Grow","damage_taken":0,"max_hp_gain":0,"max_hp_loss":0,"event_name":"Living Wall","floor":12,"gold_loss":0,"cards_upgraded":["Anger"]},{"damage_healed":0,"gold_gain":99,"player_choice":"Stole From Cult","damage_taken":0,"max_hp_gain":0,"max_hp_loss":0,"event_name":"Nest","floor":19,"gold_loss":0},{"damage_healed":0,"gold_gain":0,"player_choice":"Simplicity","damage_taken":0,"max_hp_gain":0,"max_hp_loss":0,"event_name":"Back to Basics","floor":21,"gold_loss":0,"cards_upgraded":["Strike_R","Strike_R","Strike_R","Strike_R","Strike_R","Defend_R","Defend_R","Defend_R","Defend_R"]},{"damage_healed":0,"gold_gain":0,"player_choice":"Read","damage_taken":0,"max_hp_gain":0,"max_hp_loss":0,"event_name":"The Library","floor":22,"gold_loss":0,"cards_obtained":["Perfected Strike"]},{"damage_healed":0,"gold_gain":0,"player_choice":"Ignored","damage_taken":0,"max_hp_gain":0,"max_hp_loss":0,"event_name":"Beggar","floor":25,"gold_loss":0}],"is_beta":false,"boss_relics":[{"not_picked":["Snecko Eye","Pandora\u0027s Box"],"picked":"Busted Crown"}],"items_purged_floors":[],"is_endless":false,"potions_floor_spawned":[1,4,5,8,24],"killed_by":"Slavers","ascension_level":4}