{"gold_per_floor":[213,233,248,92,92,122,122,153,183,57,232,252,271,30,30,133,133,153,177,189,189,203,203,223,223],"floor_reached":25,"playtime":1918,"items_purged":[],"score":309,"play_id":"e5b8bcd5-9dba-4034-a186-c91982428d5c","local_time":"20181025220120","is_ascension_mode":true,"campfire_choices":[{"floor":7,"key":"REST"},{"floor":15,"key":"REST"},{"floor":23,"key":"REST"}],"neow_cost":"NONE","seed_source_timestamp":530552214578492,"circlet_count":0,"master_deck":["Defend_G","Defend_G","Defend_G","Defend_G","Defend_G","Strike_G","Strike_G","Strike_G","Strike_G","Strike_G","Survivor","Neutralize","Dagger Throw","Noxious Fumes","Deflect","A Thousand Cuts","Acrobatics","Skewer","Cloak And Dagger","Deadly Poison","Noxious Fumes","A Thousand Cuts","Flying Knee","Envenom","Dagger Spray+1","Bane+1","Footwork+1","Slice"],"relics":["Ring of the Snake","Snake Skull","Bronze Scales","Bottled Lightning","Tiny Chest","DollysMirror","Sozu","Strawberry"],"potions_floor_usage":[6,6,12,16,18,18,22],"damage_taken":[{"damage":2,"enemies":"Cultist","floor":1,"turns":6},{"damage":3,"enemies":"Small Slimes","floor":2,"turns":6},{"damage":0,"enemies":"2 Louse","floor":3,"turns":3},{"damage":10,"enemies":"Lagavulin","floor":6,"turns":8},{"damage":17,"enemies":"3 Sentries","floor":8,"turns":6},{"damage":17,"enemies":"Red Slaver","floor":12,"turns":4},{"damage":8,"enemies":"Blue Slaver","floor":13,"turns":4},{"damage":41,"enemies":"The Guardian","floor":16,"turns":9},{"damage":16,"enemies":"Shell Parasite","floor":18,"turns":5},{"damage":24,"enemies":"2 Thieves","floor":20,"turns":4},{"damage":16,"enemies":"3 Cultists","floor":22,"turns":5},{"damage":15,"enemies":"Snecko","floor":24,"turns":5},{"damage":35,"enemies":"Book of Stabbing","floor":25,"turns":4}],"seed_played":"-8556865076840932898","potions_obtained":[{"floor":5,"key":"AttackPotion"},{"floor":5,"key":"PowerPotion"},{"floor":5,"key":"Fruit Juice"},{"floor":6,"key":"Weak Potion"},{"floor":8,"key":"Swift Potion"},{"floor":12,"key":"Fire Potion"},{"floor":13,"key":"Energy Potion"},{"floor":16,"key":"Regen Potion"}],"is_trial":false,"path_per_floor":["M","M","M","$","?","E","R","E","T","$","?","M","M","$","R","B",null,"M","T","M","?","M","R","M"],"character_chosen":"THE_SILENT","items_purchased":["Snake Skull","Skewer","Cloak And Dagger","DollysMirror","Flying Knee"],"campfire_rested":3,"item_purchase_floors":[4,10,10,14,14],"current_hp_per_floor":[61,58,58,58,58,48,69,52,52,52,52,40,32,32,54,13,60,53,60,36,36,20,44,29,0],"gold":223,"neow_bonus":"HUNDRED_GOLD","is_prod":false,"is_daily":false,"chose_seed":false,"campfire_upgraded":0,"win_rate":0,"timestamp":1540501280,"path_taken":["M","M","M","?","?","E","R","E","T","$","?","M","M","$","R","BOSS","M","?","M","?","M","R","M","E"],"build_version":"2018-10-18","purchased_purges":0,"victory":false,"max_hp_per_floor":[70,70,70,70,70,70,70,70,70,70,70,75,75,75,75,75,75,75,82,82,82,82,82,82,82],"card_choices":[{"not_picked":["Poisoned Stab","Tactician"],"picked":"Dagger Throw","floor":1},{"not_picked":["Reflex","Slice"],"picked":"Noxious Fumes","floor":2},{"not_picked":["Caltrops","Crippling Poison"],"picked":"Deflect","floor":3},{"not_picked":["Escape Plan","Quick Slash"],"picked":"A Thousand Cuts","floor":6},{"not_picked":["Underhanded Strike","Tactician"],"picked":"Acrobatics","floor":8},{"not_picked":["Reflex","Eviscerate"],"picked":"Deadly Poison","floor":12},{"not_picked":["Blade Dance","Cloak And Dagger"],"picked":"Noxious Fumes","floor":13},{"not_picked":["Glass Knife","Venomology"],"picked":"Envenom","floor":16},{"not_picked":["Cloak And Dagger","All Out Attack"],"picked":"Dagger Spray+1","floor":18},{"not_picked":["Finisher","Quick Slash"],"picked":"Bane+1","floor":20},{"not_picked":["Slice+1","Flying Knee"],"picked":"Footwork+1","floor":22},{"not_picked":["Choke","Prepared"],"picked":"Slice","floor":24}],"player_experience":762839,"relics_obtained":[{"floor":6,"key":"Bronze Scales"},{"floor":8,"key":"Bottled Lightning"},{"floor":9,"key":"Tiny Chest"},{"floor":19,"key":"Strawberry"}],"event_choices":[{"damage_healed":0,"gold_gain":0,"player_choice":"Got Potions","damage_taken":0,"max_hp_gain":0,"max_hp_loss":0,"event_name":"The Lab","floor":5,"gold_loss":0},{"damage_healed":0,"gold_gain":175,"player_choice":"AGREE","damage_taken":0,"max_hp_gain":0,"max_hp_loss":0,"event_name":"Liars Game","floor":11,"gold_loss":0,"cards_obtained":["Doubt"]},{"cards_removed":["Doubt"],"damage_healed":0,"gold_gain":0,"player_choice":"Purged","damage_taken":0,"max_hp_gain":0,"max_hp_loss":0,"event_name":"Purifier","floor":21,"gold_loss":0}],"is_beta":false,"boss_relics":[{"not_picked":["Velvet Choker","Ectoplasm"],"picked":"Sozu"}],"items_purged_floors":[],"is_endless":false,"potions_floor_spawned":[6,8,12,13,16,18,22,24],"killed_by":"Book of Stabbing","ascension_level":9}