{"gold_per_floor":[112,37,50,62,62,62,76,76,103,53,67,67,67,67,67,172,172,185,185,285,285,185,185,185,185,185,203,219,219,247,272,272,376,376,386,402,38,51,51,51,83,83,83,118,118,136,136,166,166,166],"floor_reached":51,"playtime":2259,"items_purged":["Strike_R","Strike_R","Defend_R"],"score":929,"play_id":"cd67c4bd-8cca-4412-9c1e-9e7661dd1b79","local_time":"20190211151226","is_ascension_mode":true,"campfire_choices":[{"data":"Cleave","floor":6,"key":"SMITH"},{"data":"Pommel Strike","floor":12,"key":"SMITH"},{"data":"Bash","floor":15,"key":"SMITH"},{"floor":23,"key":"REST"},{"floor":29,"key":"REST"},{"floor":32,"key":"REST"},{"floor":40,"key":"REST"},{"floor":42,"key":"REST"},{"data":"Limit Break","floor":47,"key":"SMITH"},{"data":"Limit Break","floor":49,"key":"SMITH"}],"neow_cost":"NONE","seed_source_timestamp":193767177604800,"circlet_count":0,"master_deck":["Strike_R+1","Defend_R","Defend_R","Defend_R","Bash+1","Sword Boomerang+1","Pommel Strike+1","Cleave+1","Dual Wield","Limit Break+1","Sword Boomerang+1","Heavy Blade+1","Flex+1","Limit Break+1","Shrug It Off+1","Headbutt+1","Panache","Spot Weakness+1","Thunderclap+1","Flex+1"],"relics":["Burning Blood","PreservedInsect","Molten Egg 2","Sozu","Incense Burner","Bottled Lightning","Champion Belt","Whetstone","Dream Catcher","Philosopher\u0027s Stone","Shuriken","Mercury Hourglass","Sundial","Thread and Needle","Dodecahedron"],"potions_floor_usage":[16,35,50],"damage_taken":[{"damage":0,"enemies":"Small Slimes","floor":1,"turns":4},{"damage":6,"enemies":"Jaw Worm","floor":3,"turns":4},{"damage":1,"enemies":"2 Louse","floor":4,"turns":2},{"damage":17,"enemies":"Looter","floor":7,"turns":3},{"damage":12,"enemies":"2 Fungi Beasts","floor":11,"turns":2},{"damage":45,"enemies":"Slime Boss","floor":16,"turns":11},{"damage":23,"enemies":"2 Thieves","floor":18,"turns":4},{"damage":41,"enemies":"Colosseum Slavers","floor":20,"turns":4},{"damage":19,"enemies":"Colosseum Nobs","floor":20,"turns":3},{"damage":36,"enemies":"Shell Parasite","floor":27,"turns":4},{"damage":27,"enemies":"Snake Plant","floor":28,"turns":4},{"damage":21,"enemies":"Slavers","floor":30,"turns":3},{"damage":50,"enemies":"Automaton","floor":33,"turns":6},{"damage":0,"enemies":"Orb Walker","floor":35,"turns":3},{"damage":41,"enemies":"3 Darklings","floor":36,"turns":4},{"damage":25,"enemies":"Writhing Mass","floor":38,"turns":4},{"damage":0,"enemies":"Nemesis","floor":41,"turns":3},{"damage":14,"enemies":"Giant Head","floor":44,"turns":5},{"damage":0,"enemies":"Transient","floor":46,"turns":5},{"damage":0,"enemies":"Reptomancer","floor":48,"turns":2},{"damage":31,"enemies":"Awakened One","floor":50,"turns":5}],"seed_played":"7997253198313829624","potions_obtained":[{"floor":3,"key":"Weak Potion"},{"floor":7,"key":"SpeedPotion"},{"floor":11,"key":"SpeedPotion"}],"is_trial":false,"path_per_floor":["M","$","M","M","?","R","M","?","T","?","M","R","T","$","R","B",null,"M","?","?","?","$","R","?","?","T","M","M","R","E","T","R","B",null,"M","M","$","M","?","R","E","R","T","E","?","M","R","E","R","B",null],"character_chosen":"IRONCLAD","items_purchased":["Shuriken"],"campfire_rested":5,"item_purchase_floors":[37],"current_hp_per_floor":[80,80,80,80,80,80,69,74,74,74,68,68,68,68,68,29,85,68,68,20,20,20,45,73,73,73,43,22,47,32,32,57,13,85,85,50,50,31,31,56,62,85,85,77,77,83,83,85,85,60],"gold":166,"neow_bonus":"THREE_CARDS","is_prod":false,"is_daily":false,"chose_seed":false,"campfire_upgraded":5,"win_rate":0,"timestamp":1549926746,"path_taken":["M","$","M","M","?","R","M","?","T","?","M","R","?","?","R","BOSS","M","?","?","?","$","R","?","?","T","?","M","R","E","?","R","BOSS","M","M","$","M","?","R","E","R","T","E","?","M","R","E","R","BOSS"],"build_version":"2019-01-23","purchased_purges":3,"victory":true,"max_hp_per_floor":[80,80,80,80,80,80,80,85,85,85,85,85,85,85,85,85,85,85,85,85,85,85,85,85,85,85,85,85,85,85,85,85,85,85,85,85,85,85,85,85,85,85,85,85,85,85,85,85,85,85],"card_choices":[{"not_picked":["Wild Strike","Clash"],"picked":"Sword Boomerang","floor":0},{"not_picked":["Heavy Blade","Evolve"],"picked":"Pommel Strike","floor":1},{"not_picked":["Heavy Blade","Havoc"],"picked":"Cleave","floor":3},{"not_picked":["Reckless Charge","Flame Barrier"],"picked":"Dual Wield","floor":4},{"not_picked":["Second Wind","Juggernaut","True Grit"],"picked":"SKIP","floor":7},{"not_picked":["Perfected Strike","Anger","Body Slam"],"picked":"SKIP","floor":11},{"not_picked":["Berserk","Juggernaut"],"picked":"Limit Break","floor":16},{"not_picked":["Cleave+1","Metallicize+1"],"picked":"Sword Boomerang+1","floor":18},{"not_picked":["Pommel Strike+1","Cleave+1"],"picked":"Heavy Blade+1","floor":20},{"not_picked":["Havoc","Shrug It Off","Wild Strike+1"],"picked":"SKIP","floor":27},{"not_picked":["Clash+1","Armaments"],"picked":"Flex+1","floor":28},{"not_picked":["Pommel Strike+1","Warcry","Berserk"],"picked":"SKIP","floor":30},{"not_picked":["Impervious","Dark Embrace"],"picked":"Limit Break","floor":33},{"not_picked":["Anger+1","Power Through"],"picked":"Shrug It Off+1","floor":35},{"not_picked":["Perfected Strike+1","Clash+1","Fire Breathing"],"picked":"SKIP","floor":36},{"not_picked":["Havoc+1","Armaments+1"],"picked":"Headbutt+1","floor":38},{"not_picked":["Dramatic Entrance+1","Finesse"],"picked":"Panache","floor":39},{"not_picked":["Shrug It Off","Evolve+1"],"picked":"Spot Weakness+1","floor":40},{"not_picked":["Pommel Strike+1","Offering","Wild Strike+1"],"picked":"SKIP","floor":41},{"not_picked":["Flex","Anger+1"],"picked":"Thunderclap+1","floor":44},{"not_picked":["Heavy Blade+1","Havoc+1","Anger+1"],"picked":"SKIP","floor":46},{"not_picked":["Anger+1","Clash+1","Impervious"],"picked":"SKIP","floor":48}],"player_experience":140307,"relics_obtained":[{"floor":9,"key":"PreservedInsect"},{"floor":13,"key":"Molten Egg 2"},{"floor":20,"key":"Incense Burner"},{"floor":20,"key":"Bottled Lightning"},{"floor":26,"key":"Champion Belt"},{"floor":30,"key":"Whetstone"},{"floor":31,"key":"Dream Catcher"},{"floor":41,"key":"Mercury Hourglass"},{"floor":43,"key":"Sundial"},{"floor":44,"key":"Thread and Needle"},{"floor":48,"key":"Dodecahedron"}],"event_choices":[{"damage_healed":0,"gold_gain":0,"player_choice":"Ignored","damage_taken":0,"max_hp_gain":0,"max_hp_loss":0,"event_name":"Liars Game","floor":5,"gold_loss":0},{"damage_healed":0,"gold_gain":0,"player_choice":"Donut","damage_taken":0,"max_hp_gain":5,"max_hp_loss":0,"event_name":"Big Fish","floor":8,"gold_loss":0},{"cards_removed":["Strike_R"],"damage_healed":0,"gold_gain":0,"player_choice":"Card Removal","damage_taken":0,"max_hp_gain":0,"max_hp_loss":0,"event_name":"The Cleric","floor":10,"gold_loss":50},{"damage_healed":0,"gold_gain":0,"player_choice":"Ignored","damage_taken":0,"max_hp_gain":0,"max_hp_loss":0,"event_name":"Vampires","floor":19,"gold_loss":0},{"damage_healed":0,"gold_gain":0,"player_choice":"Fight","damage_taken":0,"max_hp_gain":0,"max_hp_loss":0,"event_name":"Colosseum","floor":20,"gold_loss":0},{"damage_healed":0,"gold_gain":0,"player_choice":"Fought Nobs","damage_taken":0,"max_hp_gain":0,"max_hp_loss":0,"event_name":"Colosseum","floor":20,"gold_loss":0},{"damage_healed":0,"gold_gain":0,"player_choice":"Ignored","damage_taken":0,"max_hp_gain":0,"max_hp_loss":0,"event_name":"Ghosts","floor":21,"gold_loss":0},{"damage_healed":28,"gold_gain":0,"player_choice":"Heal","damage_taken":0,"max_hp_gain":0,"max_hp_loss":0,"event_name":"The Library","floor":24,"gold_loss":0},{"cards_removed":["Strike_R"],"damage_healed":0,"gold_gain":0,"player_choice":"Elegance","damage_taken":0,"max_hp_gain":0,"max_hp_loss":0,"event_name":"Back to Basics","floor":25,"gold_loss":0},{"damage_healed":0,"gold_gain":0,"player_choice":"Memory 1","damage_taken":0,"max_hp_gain":0,"max_hp_loss":0,"event_name":"SensoryStone","floor":39,"gold_loss":0},{"damage_healed":0,"gold_gain":0,"player_choice":"Copied","damage_taken":0,"max_hp_gain":0,"max_hp_loss":0,"event_name":"Duplicator","floor":45,"gold_loss":0,"cards_obtained":["Flex"]}],"is_beta":false,"boss_relics":[{"not_picked":["Black Star","Orrery"],"picked":"Sozu"},{"not_picked":["Runic Dome","Tiny House"],"picked":"Philosopher\u0027s Stone"}],"items_purged_floors":[2,22,37],"is_endless":false,"potions_floor_spawned":[3,7,11,18,28,35,36,44,48],"ascension_level":3}