{"gold_per_floor":[113,188,198,0,15,15,34,34,59,59,59,70,70,101,101,201,201,219,144,154,104,104,134,134,148,148,148,30,30,30,50,50,155,155,171,183,183,183,183,183,208,208,208,223,240,81,81,95,95,95],"floor_reached":51,"playtime":7038,"items_purged":["Strike_G"],"score":793,"play_id":"c696daf4-a12f-44a8-90f5-88bce803eac7","local_time":"20180808195834","is_ascension_mode":true,"campfire_choices":[{"floor":6,"key":"REST"},{"data":"Neutralize","floor":8,"key":"SMITH"},{"data":"Footwork","floor":11,"key":"SMITH"},{"floor":15,"key":"REST"},{"floor":24,"key":"REST"},{"floor":27,"key":"REST"},{"floor":32,"key":"REST"},{"floor":40,"key":"REST"},{"floor":42,"key":"REST"},{"floor":47,"key":"REST"},{"floor":49,"key":"REST"}],"neow_cost":"","seed_source_timestamp":441047424578400,"circlet_count":0,"master_deck":["Defend_G","Defend_G","Defend_G","Defend_G","Defend_G","Strike_G","Strike_G","Survivor","Neutralize+1","Slice","Sucker Punch","Panache","Footwork+1","Dodge and Roll","Dagger Throw","Backstab","After Image","Prepared","Noxious Fumes","Backflip","Deflect+1","Catalyst+1","Flying Knee","Leg Sweep","Cloak And Dagger","Cloak And Dagger+1","Adrenaline","Terror+1","Blur","Cloak And Dagger+1","Footwork","Deadly Poison+1","Noxious Fumes+1","Bane","Well Laid Plans","Acrobatics","Caltrops"],"relics":["Ring of the Snake","Bronze Scales","Matryoshka","Dream Catcher","Velvet Choker","Happy Flower","Blood Vial","Ancient Tea Set","Lizard Tail","NlothsMask","Torii","The Specimen"],"potions_floor_usage":[7,20,23,23,36,50,50],"damage_taken":[{"damage":11,"enemies":"Jaw Worm","floor":1,"turns":6},{"damage":0,"enemies":"2 Louse","floor":3,"turns":3},{"damage":2,"enemies":"Small Slimes","floor":5,"turns":3},{"damage":5,"enemies":"Exordium Wildlife","floor":7,"turns":4},{"damage":0,"enemies":"Large Slime","floor":12,"turns":6},{"damage":30,"enemies":"Lagavulin","floor":14,"turns":11},{"damage":20,"enemies":"Hexaghost","floor":16,"turns":13},{"damage":4,"enemies":"Shell Parasite","floor":18,"turns":7},{"damage":12,"enemies":"Spheric Guardian","floor":20,"turns":4},{"damage":34,"enemies":"Slavers","floor":23,"turns":7},{"damage":21,"enemies":"Snecko","floor":25,"turns":7},{"damage":10,"enemies":"Slaver and Parasite","floor":31,"turns":7},{"damage":16,"enemies":"Automaton","floor":33,"turns":14},{"damage":9,"enemies":"Flame Bruiser 1 Orb","floor":35,"turns":9},{"damage":27,"enemies":"3 Darklings","floor":36,"turns":4},{"damage":7,"floor":38,"turns":8},{"damage":51,"enemies":"Giant Head","floor":41,"turns":13},{"damage":44,"enemies":"Spire Growth","floor":44,"turns":6},{"damage":1,"enemies":"Flame Bruiser 2 Orb","floor":45,"turns":6},{"damage":0,"enemies":"Maw","floor":48,"turns":7},{"damage":28,"enemies":"Time Eater","floor":50,"turns":18}],"seed_played":"8788144290596482879","potions_obtained":[{"floor":3,"key":"Fire Potion"},{"floor":12,"key":"GhostInAJar"},{"floor":16,"key":"Block Potion"},{"floor":20,"key":"PowerPotion"},{"floor":33,"key":"EssenceOfSteel"},{"floor":44,"key":"GamblersBrew"},{"floor":48,"key":"Dexterity Potion"}],"is_trial":false,"path_per_floor":["M","?","M","$","M","R","M","R","T","$","R","M","T","E","R","B",null,"M","?","M","?","?","E","R","M","T","R","$","?","?","M","R","B",null,"M","M","?","?","?","R","E","R","T","M","M","$","R","M","R","B"],"character_chosen":"THE_SILENT","items_purchased":["Panache","Flying Knee","Leg Sweep","Strength Potion","Well Laid Plans"],"campfire_rested":9,"item_purchase_floors":[4,28,28,46,46],"current_hp_per_floor":[59,48,48,48,46,67,62,62,62,62,62,62,62,32,53,33,70,66,66,54,54,54,20,41,20,20,41,41,34,34,26,47,33,70,61,36,36,31,31,52,3,24,24,19,20,20,41,43,64,38],"gold":95,"neow_bonus":"","is_prod":false,"is_daily":false,"chose_seed":false,"campfire_upgraded":2,"win_rate":0,"timestamp":1533754714,"path_taken":["M","?","M","$","M","R","M","R","T","$","R","M","?","E","R","BOSS","M","?","?","?","?","E","R","M","T","R","$","?","?","?","R","BOSS","M","M","?","?","?","R","E","R","T","M","?","$","R","M","R","BOSS"],"build_version":"2018-08-02","purchased_purges":1,"victory":true,"max_hp_per_floor":[70,70,70,70,70,70,70,70,70,70,70,70,70,70,70,70,70,70,70,70,70,70,70,70,70,70,70,70,70,70,70,70,70,70,70,70,70,70,70,70,70,70,70,70,70,70,70,70,70,70],"card_choices":[{"not_picked":["Poisoned Stab","Riddle With Holes"],"picked":"Slice","floor":1},{"not_picked":["Backflip","Deadly Poison"],"picked":"Sucker Punch","floor":3},{"not_picked":["Leg Sweep","Poisoned Stab"],"picked":"Footwork","floor":5},{"not_picked":["Riddle With Holes","Quick Slash"],"picked":"Dagger Spray","floor":7},{"not_picked":["Slice","Acrobatics"],"picked":"Dodge and Roll","floor":12},{"not_picked":["Reflex","Skewer"],"picked":"Dagger Throw","floor":14},{"not_picked":["Slice","Setup"],"picked":"Backstab","floor":15},{"not_picked":["Burst","Tools of the Trade"],"picked":"After Image","floor":16},{"not_picked":["Escape Plan","Setup","Endless Agony"],"picked":"SKIP","floor":18},{"not_picked":["Tactician","Acrobatics+1"],"picked":"Prepared","floor":20},{"not_picked":["Poisoned Stab","Wraith Form v2"],"picked":"Noxious Fumes","floor":23},{"not_picked":["Slice","Dagger Throw"],"picked":"Backflip","floor":24},{"not_picked":["Deadly Poison+1","Underhanded Strike"],"picked":"Deflect+1","floor":25},{"not_picked":["Night Terror","PiercingWail"],"picked":"Catalyst+1","floor":27},{"not_picked":["Blade Dance+1","Catalyst"],"picked":"Cloak And Dagger","floor":31},{"not_picked":["Poisoned Stab","Blade Dance"],"picked":"Cloak And Dagger+1","floor":32},{"not_picked":["Glass Knife","Phantasmal Killer"],"picked":"Adrenaline","floor":33},{"not_picked":["Slice+1","Crippling Poison+1"],"picked":"Terror+1","floor":35},{"not_picked":["Underhanded Strike","Flying Knee"],"picked":"Blur","floor":36},{"not_picked":["Prepared","Backflip+1"],"picked":"Cloak And Dagger+1","floor":38},{"not_picked":["Acrobatics","Die Die Die"],"picked":"Footwork","floor":40},{"not_picked":["Dagger Throw+1","Infinite Blades"],"picked":"Deadly Poison+1","floor":41},{"not_picked":["Choke","Dagger Spray"],"picked":"Noxious Fumes+1","floor":42},{"not_picked":["Prepared","Poisoned Stab+1","Backflip+1"],"picked":"SKIP","floor":44},{"not_picked":["Reflex","Dagger Throw"],"picked":"Bane","floor":45},{"not_picked":["Underhanded Strike","Cloak And Dagger"],"picked":"Acrobatics","floor":48},{"not_picked":["Well Laid Plans+1","Dagger Throw+1"],"picked":"Caltrops","floor":49}],"player_experience":596249,"relics_obtained":[{"floor":9,"key":"Bronze Scales"},{"floor":13,"key":"Matryoshka"},{"floor":14,"key":"Dream Catcher"},{"floor":23,"key":"Happy Flower"},{"floor":26,"key":"Blood Vial"},{"floor":26,"key":"Ancient Tea Set"},{"floor":38,"key":"Torii"},{"floor":41,"key":"The Specimen"}],"event_choices":[{"event_name":"World of Goop","player_choice":"Gather Gold","floor":2,"damage_taken":0},{"event_name":"Beggar","player_choice":"Gave Gold","floor":19,"damage_taken":0},{"event_name":"The Joust","player_choice":"Bet on Murderer","floor":21,"damage_taken":0},{"event_name":"Purifier","player_choice":"One Purge","floor":22,"damage_taken":0},{"event_name":"Knowing Skull","player_choice":"","floor":29,"damage_taken":0},{"event_name":"Addict","player_choice":"Ignored","floor":30,"damage_taken":0},{"event_name":"FaceTrader","player_choice":"Trade","floor":37,"damage_taken":0},{"event_name":"MindBloom","player_choice":"Fight","floor":38,"damage_taken":0},{"event_name":"Falling","player_choice":"Removed Attack","floor":39,"damage_taken":0}],"is_beta":false,"boss_relics":[{"not_picked":["Pandora\u0027s Box","Fusion Hammer"],"picked":"Velvet Choker"},{"not_picked":["Calling Bell","Empty Cage"],"picked":"Lizard Tail"}],"items_purged_floors":[46],"is_endless":false,"potions_floor_spawned":[3,12,16,20,33,44,48],"ascension_level":3}