{"gold_per_floor":[111,131,131,41,58,92,104,104,104,104,2,2,2,20,20,120,120,134,149,149],"floor_reached":20,"playtime":518,"items_purged":["Strike_G"],"score":252,"play_id":"dd9b815f-27f5-4954-8798-5eeec82ea298","local_time":"20190602233630","is_ascension_mode":true,"campfire_choices":[{"floor":8.0,"key":"REST"},{"data":"Flying Knee","floor":10.0,"key":"SMITH"},{"data":"Deadly Poison","floor":12.0,"key":"SMITH"},{"data":"Catalyst","floor":15.0,"key":"SMITH"}],"neow_cost":"NONE","seed_source_timestamp":0,"circlet_count":0,"master_deck":["Defend_G","Defend_G","Defend_G","Defend_G","Defend_G","Strike_G","Strike_G","Strike_G","Survivor","Neutralize","Backflip","Backstab","Catalyst+1","Flying Knee+1","Flechettes","Flying Knee","Deadly Poison+1","Quick Slash","Deadly Poison","Sucker Punch","Quick Slash","Dagger Spray+1"],"special_seed":0,"relics":["Ring of the Snake","NeowsBlessing","Prayer Wheel","Sundial","Philosopher\u0027s Stone"],"potions_floor_usage":[],"damage_taken":[{"damage":0.0,"enemies":"Cultist","floor":1.0,"turns":1.0},{"damage":0.0,"enemies":"Small Slimes","floor":2.0,"turns":1.0},{"damage":0.0,"enemies":"2 Louse","floor":5.0,"turns":1.0},{"damage":36.0,"enemies":"Gremlin Nob","floor":6.0,"turns":5.0},{"damage":0.0,"enemies":"Blue Slaver","floor":7.0,"turns":4.0},{"damage":10.0,"enemies":"Red Slaver","floor":14.0,"turns":2.0},{"damage":21,"enemies":"Slime Boss","floor":16,"turns":8},{"damage":22,"enemies":"2 Thieves","floor":18,"turns":3},{"damage":22,"enemies":"3 Byrds","floor":19,"turns":4},{"damage":25,"enemies":"Colosseum Slavers","floor":20,"turns":2}],"seed_played":"-6592920831146819237","potions_obtained":[{"floor":5.0,"key":"GamblersBrew"},{"floor":14.0,"key":"Ancient Potion"},{"floor":18,"key":"PowerPotion"}],"is_trial":false,"path_per_floor":["M","M","?","$","M","E","M","R","T","R","$","R","$","M","R","B",null,"M","M","?"],"character_chosen":"THE_SILENT","items_purchased":["Catalyst","Flying Knee","Deadly Poison"],"campfire_rested":1,"item_purchase_floors":[4,4,11],"current_hp_per_floor":[63,63,63,63,63,27,27,48,48,48,48,48,48,38,38,17,57,35,13,0],"gold":149,"neow_bonus":"THREE_ENEMY_KILL","is_prod":false,"is_daily":false,"chose_seed":false,"campfire_upgraded":3,"win_rate":0,"timestamp":1559543790,"path_taken":["M","?","?","$","M","E","M","R","T","R","$","R","$","M","R","BOSS","M","?","?"],"build_version":"2019-01-23","purchased_purges":1,"victory":false,"max_hp_per_floor":[70,70,70,70,70,70,70,70,70,70,70,70,70,70,70,70,70,70,70,70],"card_choices":[{"not_picked":["Cloak And Dagger","Deflect"],"picked":"Backflip","floor":1.0},{"not_picked":["Cloak And Dagger","Backflip"],"picked":"Backstab","floor":2.0},{"not_picked":["Blur","Backflip"],"picked":"Flechettes","floor":5.0},{"not_picked":["Outmaneuver","Cloak And Dagger","Underhanded Strike"],"picked":"SKIP","floor":6.0},{"not_picked":["Predator","Acrobatics"],"picked":"Flying Knee","floor":7.0},{"not_picked":["Underhanded Strike","Slice","Predator"],"picked":"SKIP","floor":7.0},{"not_picked":["Finisher","Cloak And Dagger"],"picked":"Quick Slash","floor":14.0},{"not_picked":["Prepared","Reflex"],"picked":"Deadly Poison","floor":14.0},{"not_picked":["All Out Attack+1","Heel Hook"],"picked":"Sucker Punch","floor":18},{"not_picked":["Dagger Throw+1","Caltrops"],"picked":"Quick Slash","floor":18},{"not_picked":["Underhanded Strike+1","Deflect"],"picked":"Dagger Spray+1","floor":19},{"not_picked":["Footwork","Bane","Cloak And Dagger"],"picked":"SKIP","floor":19}],"player_experience":425817,"relics_obtained":[{"floor":6.0,"key":"Prayer Wheel"},{"floor":9.0,"key":"Sundial"}],"event_choices":[{"cards_removed":["Strike_G"],"damage_healed":0.0,"max_hp_gain":0.0,"max_hp_loss":0.0,"gold_gain":0.0,"event_name":"Purifier","player_choice":"Purged","floor":3.0,"gold_loss":0.0,"damage_taken":0.0},{"damage_healed":0,"gold_gain":0,"player_choice":"Fight","damage_taken":0,"max_hp_gain":0,"max_hp_loss":0,"event_name":"Colosseum","floor":20,"gold_loss":0}],"is_beta":false,"boss_relics":[{"not_picked":["Velvet Choker","Ring of the Serpent"],"picked":"Philosopher\u0027s Stone"}],"items_purged_floors":[11],"is_endless":false,"potions_floor_spawned":[5,14,18],"killed_by":"Colosseum Slavers","ascension_level":9}