{"path_per_floor":["M","$","M","M","M","E","M","M","T","?","R","M","R","M","R","B",null,"M","?","?","$","?","R","?","R","T","M","R","M","M","?","R","B",null,"M","?","M","$","?","R"],"character_chosen":"IRONCLAD","items_purchased":["Pommel Strike","Dropkick","Happy Flower","Regal Pillow"],"gold_per_floor":[215,91,102,122,142,171,184,197,224,224,224,235,235,245,245,350,350,365,365,290,121,121,121,121,121,166,179,179,189,200,200,200,301,301,315,315,330,27,27,27,27],"floor_reached":41,"campfire_rested":2,"playtime":4293,"current_hp_per_floor":[80,80,80,80,80,71,69,75,75,75,75,80,80,80,80,38,80,49,49,49,49,75,75,80,80,80,74,74,42,28,28,52,46,80,67,67,36,36,36,75,0],"items_purged":["Strike_R","Strike_R"],"gold":27,"score":393,"play_id":"069ab853-1214-4d90-bfcd-3048af3939ad","local_time":"20180512194205","is_prod":false,"is_daily":false,"chose_seed":false,"is_ascension_mode":false,"campfire_upgraded":6,"timestamp":1526150525,"path_taken":["M","$","M","M","?","E","M","M","T","?","R","?","R","M","R","BOSS","M","?","?","$","?","R","?","R","T","M","R","?","M","?","R","BOSS","M","?","?","$","?","R","M"],"build_version":"2018-05-03","seed_source_timestamp":268186744918356,"purchased_purges":2,"victory":false,"master_deck":["Strike_R","Defend_R","Defend_R","Defend_R","Bash","Iron Wave","Pommel Strike","Armaments+1","Rampage+1","Fire Breathing+1","Thunderclap","Flex+1","Berserk+1","Dropkick+1","Headbutt","Clash","Reaper","Fire Breathing+1","Rupture"],"max_hp_per_floor":[80,80,80,80,80,80,80,80,80,80,80,80,80,80,80,80,80,80,80,80,80,80,80,80,80,80,80,80,80,80,80,80,80,80,80,80,80,80,80,80,80],"relics":["Burning Blood","Bag of Marbles","Ancient Tea Set","Lizard Tail","Vajra","Runic Pyramid","Happy Flower","Regal Pillow"],"card_choices":[{"not_picked":["Sword Boomerang","Bloodletting"],"picked":"Iron Wave","floor":1},{"not_picked":["Thunderclap","Body Slam"],"picked":"Armaments","floor":4},{"not_picked":["Sentinel","Warcry"],"picked":"Rampage","floor":5},{"not_picked":["Spot Weakness","Headbutt"],"picked":"Fire Breathing","floor":6},{"not_picked":["Armaments","Bludgeon"],"picked":"Thunderclap","floor":12},{"not_picked":["Armaments","Heavy Blade"],"picked":"Flex","floor":14},{"not_picked":["Reaper","Dark Embrace"],"picked":"Berserk","floor":16},{"not_picked":["Sword Boomerang","Thunderclap"],"picked":"Headbutt","floor":27},{"not_picked":["Flex","Wild Strike"],"picked":"Clash","floor":29},{"not_picked":["Bludgeon","Brutality"],"picked":"Reaper","floor":33},{"not_picked":["Combust","Reckless Charge"],"picked":"Fire Breathing","floor":35}],"player_experience":117785,"potions_floor_usage":[8,16,29,33,33],"damage_taken":[{"damage":5,"enemies":"Cultist","floor":1,"turns":4},{"damage":3,"enemies":"Jaw Worm","floor":3,"turns":5},{"damage":1,"enemies":"2 Louse","floor":4,"turns":3},{"damage":0,"enemies":"Large Slime","floor":5,"turns":6},{"damage":15,"enemies":"Gremlin Nob","floor":6,"turns":4},{"damage":8,"enemies":"2 Fungi Beasts","floor":7,"turns":3},{"damage":0,"enemies":"Blue Slaver","floor":8,"turns":3},{"damage":0,"enemies":"Exordium Wildlife","floor":12,"turns":4},{"damage":0,"enemies":"3 Louse","floor":14,"turns":4},{"damage":48,"enemies":"Hexaghost","floor":16,"turns":9},{"damage":37,"enemies":"Spheric Guardian","floor":18,"turns":6},{"damage":12,"enemies":"2 Thieves","floor":27,"turns":4},{"damage":38,"enemies":"Sentry and Sphere","floor":29,"turns":7},{"damage":20,"enemies":"Centurion and Healer","floor":30,"turns":4},{"damage":65,"enemies":"Collector","floor":33,"turns":9},{"damage":28,"enemies":"3 Shapes","floor":35,"turns":6},{"damage":55,"enemies":"3 Darklings","floor":37,"turns":5},{"damage":84,"enemies":"Maw","floor":41,"turns":8}],"event_choices":[{"event_name":"The Woman in Blue","player_choice":"Bought 0 Potions","floor":10,"damage_taken":0},{"event_name":"The Lab","player_choice":"Got Potions","floor":19,"damage_taken":0},{"event_name":"Beggar","player_choice":"Gave Gold","floor":20,"damage_taken":0},{"event_name":"The Library","player_choice":"Heal","floor":22,"damage_taken":0},{"event_name":"Wheel of Change","player_choice":"Full Heal","floor":24,"damage_taken":0},{"event_name":"The Mausoleum","player_choice":"No","floor":31,"damage_taken":0},{"event_name":"Transmorgrifier","player_choice":"Transform","floor":39,"damage_taken":0}],"boss_relics":[{"not_picked":["Orrery","Tiny House"],"picked":"Lizard Tail"},{"not_picked":["Sozu","Calling Bell"],"picked":"Runic Pyramid"}],"potions_floor_spawned":[1,3,7,14,16,27,29],"seed_played":"4024753381385417041","killed_by":"Maw","ascension_level":0,"is_trial":false}