{"gold_per_floor":[110,126,78,253,270,302,315,315,365,110,128,146,146,164,164,267,267,278,297,34,49,49,49,63,81,136,136],"floor_reached":27,"playtime":2359,"items_purged":["Doubt","Pain"],"score":269,"play_id":"3e6dcbda-5554-47eb-b2ee-5fe163dd4073","local_time":"20190204202725","is_ascension_mode":false,"campfire_choices":[{"data":"Strike_R","floor":8,"key":"SMITH"},{"floor":13,"key":"REST"},{"data":"Rage","floor":15,"key":"SMITH"},{"floor":23,"key":"REST"}],"neow_cost":"NONE","seed_source_timestamp":153555142350492,"circlet_count":0,"master_deck":["Strike_R+1","Strike_R","Strike_R","Strike_R","Strike_R","Defend_R","Defend_R","Defend_R","Defend_R","Bash","Rage+1","Uppercut","Flex","Warcry","Dropkick","Headbutt","Dramatic Entrance","Anger","Shrug It Off","Perfected Strike","Thunderclap","Corruption","Juggernaut","Perfected Strike+1","Carnage","Chrysalis","Rampage+1","Normality","Bash","Dropkick+1","Intimidate","Decay"],"relics":["Cursed Key","Pantograph","Centennial Puzzle","Velvet Choker","Regal Pillow"],"potions_floor_usage":[14,16,27],"damage_taken":[{"damage":3,"enemies":"Small Slimes","floor":1,"turns":3},{"damage":1,"enemies":"2 Louse","floor":2,"turns":3},{"damage":0,"enemies":"Cultist","floor":5,"turns":2},{"damage":20,"enemies":"Gremlin Nob","floor":6,"turns":5},{"damage":1,"enemies":"Exordium Wildlife","floor":7,"turns":4},{"damage":4,"enemies":"3 Louse","floor":11,"turns":3},{"damage":0,"enemies":"Looter","floor":12,"turns":3},{"damage":8,"enemies":"Blue Slaver","floor":14,"turns":3},{"damage":8,"enemies":"Slime Boss","floor":16,"turns":6},{"damage":11,"enemies":"Chosen","floor":18,"turns":3},{"damage":18,"enemies":"3 Byrds","floor":19,"turns":4},{"damage":25,"enemies":"Shelled Parasite and Fungi","floor":21,"turns":4},{"damage":10,"enemies":"Centurion and Healer","floor":24,"turns":4},{"damage":12,"enemies":"Cultist and Chosen","floor":25,"turns":4},{"damage":10,"enemies":"Colosseum Slavers","floor":27,"turns":4},{"damage":32,"enemies":"Colosseum Nobs","floor":27,"turns":3}],"seed_played":"4640049595092766172","potions_obtained":[{"floor":2,"key":"FearPotion"},{"floor":6,"key":"EssenceOfSteel"},{"floor":7,"key":"SmokeBomb"},{"floor":19,"key":"Swift Potion"},{"floor":24,"key":"SmokeBomb"}],"is_trial":false,"path_per_floor":["M","M","$","?","M","E","M","R","T","$","M","M","R","M","R","B",null,"M","M","$","M","?","R","M","M","T","?"],"character_chosen":"IRONCLAD","items_purchased":["Flex","Dramatic Entrance","Anger","Shrug It Off","Chrysalis"],"campfire_rested":2,"item_purchase_floors":[3,10,10,10,20],"current_hp_per_floor":[77,76,76,76,76,56,55,55,55,55,51,51,75,67,67,72,80,69,51,51,26,26,50,40,28,28,0],"gold":136,"neow_bonus":"BOSS_RELIC","is_prod":false,"is_daily":false,"chose_seed":false,"campfire_upgraded":2,"win_rate":0.0,"timestamp":1549340845,"path_taken":["M","M","$","?","M","E","M","R","T","$","M","M","R","M","R","BOSS","M","M","$","M","?","R","M","?","T","?"],"build_version":"2019-01-23","purchased_purges":2,"victory":false,"max_hp_per_floor":[80,80,80,80,80,80,80,80,80,80,80,80,80,80,80,80,80,80,80,80,80,80,80,80,80,80,80],"card_choices":[{"not_picked":["Thunderclap","Whirlwind"],"picked":"Rage","floor":1},{"not_picked":["Headbutt","Sword Boomerang"],"picked":"Uppercut","floor":2},{"not_picked":["Body Slam","Heavy Blade"],"picked":"Warcry","floor":5},{"not_picked":["Twin Strike","Pommel Strike"],"picked":"Dropkick","floor":6},{"not_picked":["Barricade","Clothesline"],"picked":"Headbutt","floor":7},{"not_picked":["Flex","True Grit"],"picked":"Perfected Strike","floor":11},{"not_picked":["Body Slam","Warcry"],"picked":"Thunderclap","floor":12},{"not_picked":["Thunderclap","Flex"],"picked":"Corruption","floor":14},{"not_picked":["Fiend Fire","Barricade"],"picked":"Juggernaut","floor":16},{"not_picked":["Warcry","Cleave"],"picked":"Perfected Strike+1","floor":18},{"not_picked":["Sword Boomerang","Reckless Charge"],"picked":"Carnage","floor":19},{"not_picked":["Warcry+1","Corruption"],"picked":"Rampage+1","floor":21},{"not_picked":["Shrug It Off","True Grit"],"picked":"Dropkick+1","floor":24},{"not_picked":["True Grit","Burning Pact"],"picked":"Intimidate","floor":25}],"player_experience":7571,"relics_obtained":[{"floor":6,"key":"Pantograph"},{"floor":9,"key":"Centennial Puzzle"},{"floor":26,"key":"Regal Pillow"}],"event_choices":[{"damage_healed":0,"gold_gain":175,"player_choice":"AGREE","damage_taken":0,"max_hp_gain":0,"max_hp_loss":0,"event_name":"Liars Game","floor":4,"gold_loss":0,"cards_obtained":["Doubt"]},{"damage_healed":0,"gold_gain":0,"player_choice":"2 cards matched","damage_taken":0,"max_hp_gain":0,"max_hp_loss":0,"event_name":"Match and Keep!","floor":22,"gold_loss":0,"cards_obtained":["Normality","Bash"]},{"damage_healed":0,"gold_gain":0,"player_choice":"Fight","damage_taken":0,"max_hp_gain":0,"max_hp_loss":0,"event_name":"Colosseum","floor":27,"gold_loss":0},{"damage_healed":0,"gold_gain":0,"player_choice":"Fought Nobs","damage_taken":0,"max_hp_gain":0,"max_hp_loss":0,"event_name":"Colosseum","floor":27,"gold_loss":0}],"is_beta":false,"boss_relics":[{"not_picked":["Busted Crown","Ectoplasm"],"picked":"Velvet Choker"}],"items_purged_floors":[10,20],"is_endless":false,"potions_floor_spawned":[2,6,7,19,24],"killed_by":"Colosseum Nobs","ascension_level":0}