{"gold_per_floor":[118,128,128,78,95,95,106,125,195,48,79,79,96,108,108,209,209,223,37,37,37,37,37,49,49,49,64,82,95,114,129,129,129],"floor_reached":33,"playtime":3543,"items_purged":["Strike_G"],"score":278,"play_id":"960dc7f3-de4c-43b8-b507-e2a10e28fa78","local_time":"20180722232732","is_ascension_mode":true,"campfire_choices":[{"data":"Venomology","floor":6,"key":"SMITH"},{"floor":15,"key":"REST"},{"data":"Enlightenment","floor":23,"key":"SMITH"},{"data":"Footwork","floor":25,"key":"SMITH"},{"floor":32,"key":"REST"}],"neow_cost":"NONE","seed_source_timestamp":1030197653344702,"circlet_count":0,"master_deck":["Defend_G","Defend_G","Defend_G","Defend_G","Strike_G","Strike_G","Strike_G","Survivor","Neutralize","Venomology+1","Prepared","Cloak And Dagger","Blade Dance","Escape Plan","Quick Slash","Footwork+1","Cloak And Dagger","Heel Hook","Night Terror","Enlightenment+1","Accuracy+1","Finisher"],"relics":["Ring of the Snake","Letter Opener","Dead Branch","Bag of Marbles"],"potions_floor_usage":[2,5,7,8,8,11,14,16,24,28,28,29,29,30,31,31,31,33,33],"damage_taken":[{"damage":3,"enemies":"2 Louse","floor":1,"turns":4},{"damage":0,"enemies":"Small Slimes","floor":2,"turns":4},{"damage":6,"enemies":"Jaw Worm","floor":5,"turns":5},{"damage":3,"enemies":"Red Slaver","floor":7,"turns":4},{"damage":0,"enemies":"Exordium Wildlife","floor":8,"turns":6},{"damage":2,"enemies":"3 Sentries","floor":11,"turns":6},{"damage":2,"enemies":"3 Louse","floor":13,"turns":3},{"damage":0,"enemies":"Exordium Thugs","floor":14,"turns":2},{"damage":8,"enemies":"Slime Boss","floor":16,"turns":8},{"damage":15,"enemies":"Chosen","floor":18,"turns":8},{"damage":9,"enemies":"2 Thieves","floor":24,"turns":4},{"damage":16,"enemies":"Snecko","floor":27,"turns":7},{"damage":17,"enemies":"3 Cultists","floor":28,"turns":5},{"damage":17,"enemies":"Centurion and Healer","floor":29,"turns":6},{"damage":4,"enemies":"Snecko","floor":30,"turns":6},{"damage":1,"enemies":"Snake Plant","floor":31,"turns":6},{"damage":32,"enemies":"Collector","floor":33,"turns":3}],"seed_played":"-4401368247744163498","potions_obtained":[{"floor":2,"key":"FearPotion"},{"floor":11,"key":"SpeedPotion"},{"floor":14,"key":"Explosive Potion"},{"floor":27,"key":"Fruit Juice"},{"floor":30,"key":"SkillPotion"}],"is_trial":false,"path_per_floor":["M","M","?","?","M","R","M","M","T","$","E","?","M","M","R","B",null,"M","$","?","?","?","R","M","R","T","M","M","M","M","M","R"],"character_chosen":"THE_SILENT","items_purchased":["Footwork","Enlightenment"],"campfire_rested":2,"item_purchase_floors":[10,19],"current_hp_per_floor":[67,67,72,72,66,66,63,63,63,63,61,61,59,59,75,67,75,60,60,60,60,60,60,51,51,51,35,23,6,2,1,25,0],"gold":129,"neow_bonus":"ONE_RANDOM_RARE_CARD","is_prod":false,"is_daily":false,"chose_seed":false,"campfire_upgraded":3,"win_rate":0,"timestamp":1532298452,"path_taken":["M","M","?","?","?","R","M","M","T","?","E","?","M","?","R","BOSS","M","$","?","?","?","R","M","R","T","M","M","M","M","M","R","BOSS"],"build_version":"2018-07-19v2","purchased_purges":1,"victory":false,"max_hp_per_floor":[70,70,75,75,75,75,75,75,75,75,75,75,75,75,75,75,75,75,75,75,75,75,75,75,75,75,75,80,80,80,80,80,80],"card_choices":[{"not_picked":["Underhanded Strike","Sucker Punch"],"picked":"Prepared","floor":1},{"not_picked":["Underhanded Strike","Concentrate"],"picked":"Cloak And Dagger","floor":2},{"not_picked":["PiercingWail","Heel Hook"],"picked":"Blade Dance","floor":5},{"not_picked":["Endless Agony","PiercingWail"],"picked":"Escape Plan","floor":7},{"not_picked":["Choke","Reflex"],"picked":"Quick Slash","floor":8},{"not_picked":["Deadly Poison","Expertise"],"picked":"Cloak And Dagger","floor":11},{"not_picked":["All Out Attack","Endless Agony","Cloak And Dagger"],"picked":"SKIP","floor":13},{"not_picked":["Escape Plan","Reflex","Quick Slash"],"picked":"SKIP","floor":14},{"not_picked":["Wraith Form v2","Grand Finale"],"picked":"Night Terror","floor":16},{"not_picked":["Sucker Punch","PiercingWail+1","Setup"],"picked":"SKIP","floor":18},{"not_picked":["Backflip","Deadly Poison+1"],"picked":"Accuracy+1","floor":24},{"not_picked":["Cloak And Dagger","Prepared"],"picked":"Finisher","floor":27},{"not_picked":["Sucker Punch","Dagger Throw","Heel Hook"],"picked":"SKIP","floor":28},{"not_picked":["Heel Hook+1","Terror","Prepared+1"],"picked":"SKIP","floor":29},{"not_picked":["Quick Slash","Underhanded Strike+1","Backflip"],"picked":"SKIP","floor":30},{"not_picked":["Prepared","Underhanded Strike","Cloak And Dagger"],"picked":"SKIP","floor":31}],"player_experience":444454,"relics_obtained":[{"floor":9,"key":"Letter Opener"},{"floor":11,"key":"Dead Branch"},{"floor":26,"key":"Bag of Marbles"}],"event_choices":[{"event_name":"Big Fish","player_choice":"Donut","floor":3,"damage_taken":0},{"event_name":"The Cleric","player_choice":"Card Removal","floor":4,"damage_taken":0},{"event_name":"Transmorgrifier","player_choice":"Transform","floor":12,"damage_taken":0},{"event_name":"Addict","player_choice":"Ignored","floor":20,"damage_taken":0},{"event_name":"The Lab","player_choice":"Got Potions","floor":21,"damage_taken":0},{"event_name":"Beggar","player_choice":"Ignored","floor":22,"damage_taken":0}],"is_beta":false,"boss_relics":[{"not_picked":["Runic Pyramid","Calling Bell","Velvet Choker"]}],"items_purged_floors":[10],"is_endless":false,"potions_floor_spawned":[2,11,14,27,30],"killed_by":"Collector","ascension_level":2}