{"gold_per_floor":[119,44,44,44,56,56,83,83,83,11,23,49,67,67,67,67],"floor_reached":16,"playtime":543,"items_purged":["Strike_R"],"score":124,"play_id":"0619c13b-934c-40d8-aa77-07c80c166230","local_time":"20190210161421","is_ascension_mode":true,"campfire_choices":[{"data":"Bash","floor":6,"key":"SMITH"},{"floor":15,"key":"REST"}],"neow_cost":"NONE","seed_source_timestamp":112802416423200,"circlet_count":0,"master_deck":["Strike_R","Strike_R","Defend_R","Defend_R","Defend_R","Bash+1","Metallicize","Shrug It Off","Iron Wave","Whirlwind","Barricade","Sentinel"],"relics":["Burning Blood","Bag of Marbles","Bottled Flame","Blood Vial"],"potions_floor_usage":[16,16,16],"damage_taken":[{"damage":4,"enemies":"2 Louse","floor":1,"turns":4},{"damage":14,"enemies":"Jaw Worm","floor":5,"turns":5},{"damage":52,"enemies":"Gremlin Nob","floor":7,"turns":6},{"damage":0,"enemies":"Small Slimes","floor":11,"turns":3},{"damage":28,"enemies":"Lagavulin","floor":12,"turns":7},{"damage":9,"enemies":"Red Slaver","floor":13,"turns":8},{"damage":35,"enemies":"The Guardian","floor":16,"turns":8}],"seed_played":"7921704633411613099","potions_obtained":[{"floor":1,"key":"Ancient Potion"},{"floor":11,"key":"EssenceOfSteel"},{"floor":12,"key":"FearPotion"}],"is_trial":false,"path_per_floor":["M","$","?","?","M","R","E","$","T","$","M","E","M","?","R","B"],"character_chosen":"IRONCLAD","items_purchased":["Whirlwind"],"campfire_rested":1,"item_purchase_floors":[10],"current_hp_per_floor":[80,80,80,80,72,72,26,26,26,26,32,10,9,9,33,0],"gold":67,"neow_bonus":"TRANSFORM_CARD","is_prod":false,"is_daily":false,"chose_seed":false,"campfire_upgraded":1,"win_rate":0,"timestamp":1549844061,"path_taken":["M","$","?","?","M","R","E","$","T","?","M","E","M","?","R","BOSS"],"build_version":"2019-01-23","purchased_purges":1,"victory":false,"max_hp_per_floor":[80,80,80,80,80,80,80,80,80,80,80,80,80,80,80,80],"card_choices":[{"not_picked":["Thunderclap","Sword Boomerang"],"picked":"Shrug It Off","floor":1},{"not_picked":["Shrug It Off","Heavy Blade","Perfected Strike"],"picked":"SKIP","floor":5},{"not_picked":["Feel No Pain","Armaments"],"picked":"Iron Wave","floor":7},{"not_picked":["Clash","Uppercut","Body Slam"],"picked":"SKIP","floor":11},{"not_picked":["True Grit","Rampage"],"picked":"Barricade","floor":12},{"not_picked":["Clash","Clothesline"],"picked":"Sentinel","floor":13}],"player_experience":116919,"relics_obtained":[{"floor":7,"key":"Bag of Marbles"},{"floor":9,"key":"Bottled Flame"},{"floor":12,"key":"Blood Vial"}],"event_choices":[{"damage_healed":0,"gold_gain":0,"player_choice":"Leave","damage_taken":0,"max_hp_gain":0,"max_hp_loss":0,"event_name":"The Cleric","floor":3,"gold_loss":0},{"cards_removed":["Defend_R"],"damage_healed":0,"gold_gain":0,"player_choice":"Forget","damage_taken":0,"max_hp_gain":0,"max_hp_loss":0,"event_name":"Living Wall","floor":4,"gold_loss":0},{"cards_removed":["Strike_R"],"damage_healed":0,"gold_gain":0,"player_choice":"Offered Basic","damage_taken":0,"max_hp_gain":0,"max_hp_loss":0,"event_name":"Bonfire Elementals","floor":14,"gold_loss":0}],"is_beta":false,"boss_relics":[],"items_purged_floors":[2],"is_endless":false,"potions_floor_spawned":[1,11,12],"killed_by":"The Guardian","ascension_level":3}