{"path_per_floor":["M","M","$","M","?","R","?","$","T","M","?","?","R","$","R","B",null,"M","?","M","$","?","R"],"character_chosen":"IRONCLAD","items_purchased":["Art of War","Whirlwind"],"gold_per_floor":[119,132,57,70,70,70,70,70,70,86,186,186,186,41,41,167,167,186,186,211,35,35,35,35],"floor_reached":24,"campfire_rested":2,"playtime":1022,"item_purchase_floors":[],"current_hp_per_floor":[80,80,80,80,64,64,44,44,44,50,50,50,50,50,74,35,80,69,53,30,30,30,54,0],"items_purged":["Strike_R","Feel No Pain+1"],"gold":35,"score":182,"play_id":"51f64cf8-c79d-4983-9ab8-1780cf19c50f","local_time":"20180608123520","is_prod":false,"is_daily":false,"chose_seed":false,"is_ascension_mode":false,"campfire_upgraded":2,"win_rate":0,"timestamp":1528457720,"campfire_choices":[{"data":"Searing Blow","floor":6.0,"key":"SMITH"},{"data":"Searing Blow+1","floor":13.0,"key":"SMITH"},{"floor":15.0,"key":"REST"},{"floor":23,"key":"REST"}],"path_taken":["M","M","$","M","?","R","?","$","T","?","?","?","R","?","R","BOSS","M","?","M","$","?","R","E"],"build_version":"2018-06-07","seed_source_timestamp":0,"purchased_purges":2,"victory":false,"master_deck":["Strike_R+1","Strike_R","Defend_R","Defend_R","Defend_R+1","Bash","Searing Blow+2","Iron Wave","Headbutt","Rampage+1","Barricade","Havoc+1","Clothesline+1","Pommel Strike","Armaments+1","Whirlwind"],"max_hp_per_floor":[80,80,80,80,80,80,80,80,80,80,80,80,80,80,80,80,80,80,80,80,80,80,80,80],"relics":["Burning Blood","NeowsBlessing","Golden Idol","Darkstone Periapt","Art of War","Astrolabe","Enchiridion"],"card_choices":[{"not_picked":["Bloodletting","Armaments"],"picked":"Searing Blow","floor":1.0},{"not_picked":["Clash","Anger"],"picked":"Iron Wave","floor":2.0},{"not_picked":["Wild Strike","Pummel"],"picked":"Headbutt","floor":4.0},{"not_picked":["Shrug It Off","Havoc"],"picked":"Rampage","floor":10.0},{"not_picked":["Brutality","Exhume"],"picked":"Barricade","floor":16.0},{"not_picked":["Flex","Wild Strike+1"],"picked":"Pommel Strike","floor":18},{"not_picked":["Havoc","Wild Strike+1"],"picked":"Armaments+1","floor":20}],"player_experience":265744,"potions_floor_usage":[24,24],"damage_taken":[{"damage":0.0,"enemies":"Small Slimes","floor":1.0,"turns":1.0},{"damage":0.0,"enemies":"Cultist","floor":2.0,"turns":1.0},{"damage":0.0,"enemies":"Jaw Worm","floor":4.0,"turns":1.0},{"damage":0.0,"enemies":"Looter","floor":10.0,"turns":4.0},{"damage":45.0,"enemies":"The Guardian","floor":16.0,"turns":12.0},{"damage":17,"enemies":"2 Thieves","floor":18,"turns":4},{"damage":29,"enemies":"Shell Parasite","floor":20,"turns":6},{"damage":54,"enemies":"Slavers","floor":24,"turns":5}],"relics_obtained":[{"floor":9.0,"key":"Darkstone Periapt"},{"floor":19,"key":"Enchiridion"}],"event_choices":[{"event_name":"Shining Light","player_choice":"Entered Light","floor":5.0,"damage_taken":0.0},{"event_name":"Golden Idol","player_choice":"Take Damage","floor":7.0,"damage_taken":0.0},{"event_name":"Golden Shrine","player_choice":"Pray","floor":11.0,"damage_taken":0.0},{"event_name":"Upgrade Shrine","player_choice":"Upgraded","floor":12.0,"damage_taken":0.0},{"event_name":"Cursed Tome","player_choice":"Obtained Book","floor":19,"damage_taken":0},{"event_name":"Drug Dealer","player_choice":"Ignored","floor":22,"damage_taken":0}],"boss_relics":[{"not_picked":["Runic Pyramid","Snecko Eye"],"picked":"Astrolabe"}],"items_purged_floors":[],"potions_floor_spawned":[1,18,20],"seed_played":"-3173611888626668226","killed_by":"Slavers","ascension_level":0,"potions_obtained":[{"floor":1.0,"key":"GamblersBrew"},{"floor":18,"key":"Swift Potion"},{"floor":20,"key":"Explosive Potion"}],"is_trial":false}