{"gold_per_floor":[119,134,59,70,70,70,102,102,102,102,102,112,128,128,128,254,254,279,279,272,172,172],"floor_reached":22,"playtime":1128,"items_purged":["Defend_G","Defend_G"],"score":193,"play_id":"0cf0e7a6-a7ba-452f-87dd-8552c599a448","local_time":"20190210145355","is_ascension_mode":true,"campfire_choices":[{"data":"Backflip","floor":6,"key":"SMITH"},{"data":"Crippling Poison","floor":8,"key":"SMITH"},{"data":"Neutralize","floor":10,"key":"SMITH"},{"floor":15,"key":"REST"}],"neow_cost":"NONE","seed_source_timestamp":107389917950700,"circlet_count":0,"master_deck":["Defend_G","Defend_G","Defend_G","Strike_G","Strike_G","Survivor","Neutralize+1","Flying Knee","Backflip+1","Slice","Crippling Poison+1","Heel Hook","Necronomicurse","Dodge and Roll+1"],"relics":["Ring of the Snake","Dodecahedron","Shuriken","Pantograph","Golden Idol","Empty Cage","Necronomicon"],"potions_floor_usage":[7,16],"damage_taken":[{"damage":0,"enemies":"2 Louse","floor":1,"turns":4},{"damage":2,"enemies":"Cultist","floor":2,"turns":5},{"damage":0,"enemies":"Small Slimes","floor":4,"turns":3},{"damage":32,"enemies":"3 Sentries","floor":7,"turns":12},{"damage":0,"enemies":"Exordium Wildlife","floor":12,"turns":3},{"damage":0,"enemies":"Red Slaver","floor":13,"turns":4},{"damage":30,"enemies":"The Guardian","floor":16,"turns":11},{"damage":11,"enemies":"Chosen","floor":18,"turns":7},{"damage":15,"enemies":"2 Thieves","floor":20,"turns":4},{"damage":28,"enemies":"Shelled Parasite and Fungi","floor":22,"turns":6}],"seed_played":"9157743297327837261","potions_obtained":[{"floor":2,"key":"Poison Potion"},{"floor":4,"key":"SkillPotion"},{"floor":7,"key":"LiquidBronze"}],"is_trial":false,"path_per_floor":["M","M","$","M","$","R","E","R","T","R","?","M","M","?","R","B",null,"M","?","M","$","M"],"character_chosen":"THE_SILENT","items_purchased":[],"campfire_rested":1,"item_purchase_floors":[],"current_hp_per_floor":[70,68,68,68,68,68,36,36,36,36,36,36,36,19,40,35,70,59,43,28,28,0],"gold":172,"neow_bonus":"REMOVE_CARD","is_prod":false,"is_daily":false,"chose_seed":false,"campfire_upgraded":3,"win_rate":0,"timestamp":1549839235,"path_taken":["M","M","$","M","$","R","E","R","T","R","?","?","M","?","R","BOSS","M","?","M","$","M"],"build_version":"2019-01-23","purchased_purges":2,"victory":false,"max_hp_per_floor":[70,70,70,70,70,70,70,70,70,70,70,70,70,70,70,70,70,70,70,70,70,70],"card_choices":[{"not_picked":["Dagger Spray","Sucker Punch"],"picked":"Flying Knee","floor":1},{"not_picked":["Heel Hook","Dodge and Roll"],"picked":"Backflip","floor":2},{"not_picked":["Underhanded Strike","Dagger Throw"],"picked":"Slice","floor":4},{"not_picked":["Endless Agony","Catalyst"],"picked":"Crippling Poison","floor":7},{"not_picked":["Backflip","Setup","Dagger Throw"],"picked":"SKIP","floor":12},{"not_picked":["Wraith Form v2","Slice","Outmaneuver"],"picked":"SKIP","floor":13},{"not_picked":["Outmaneuver","Quick Slash+1"],"picked":"Heel Hook","floor":18},{"not_picked":["Blade Dance","Backflip"],"picked":"Dodge and Roll+1","floor":20}],"player_experience":111566,"relics_obtained":[{"floor":7,"key":"Dodecahedron"},{"floor":9,"key":"Shuriken"},{"floor":19,"key":"Necronomicon"}],"event_choices":[{"damage_healed":0,"gold_gain":0,"player_choice":"Gave Potion","damage_taken":0,"relics_obtained":["Pantograph"],"max_hp_gain":0,"max_hp_loss":0,"event_name":"WeMeetAgain","floor":11,"gold_loss":0},{"damage_healed":0,"gold_gain":0,"player_choice":"Take Damage","damage_taken":17,"relics_obtained":["Golden Idol"],"max_hp_gain":0,"max_hp_loss":0,"event_name":"Golden Idol","floor":14,"gold_loss":0},{"damage_healed":0,"gold_gain":0,"player_choice":"Obtained Book","damage_taken":16,"max_hp_gain":0,"max_hp_loss":0,"event_name":"Cursed Tome","floor":19,"gold_loss":0}],"is_beta":false,"boss_relics":[{"not_picked":["Calling Bell","Velvet Choker"],"picked":"Empty Cage"}],"items_purged_floors":[3,21],"is_endless":false,"potions_floor_spawned":[2,4,7],"killed_by":"Shelled Parasite and Fungi","ascension_level":1}