{"gold_per_floor":[118,135,135,135,60,60,60,74,74,74,93,93,107,120,120,239,239,255,354,367,72,93,93],"floor_reached":23,"playtime":1405,"items_purged":["Normality","Strike_R"],"score":220,"play_id":"14d218b3-ae9f-40ff-8df5-0ae77b8a4ef9","local_time":"20180725185622","is_ascension_mode":true,"campfire_choices":[{"data":"Armaments","floor":6,"key":"SMITH"},{"data":"Inflame","floor":10,"key":"SMITH"},{"data":"Heavy Blade","floor":15,"key":"SMITH"}],"neow_cost":"CURSE","seed_source_timestamp":1285702982514819,"circlet_count":0,"master_deck":["Strike_R","Defend_R","Defend_R","Defend_R","Defend_R","Bash","Inflame+1","Armaments+1","Dropkick","Flex","Thunderclap","Combust","Heavy Blade+1","Impervious","Flex","Twin Strike","Ghostly Armor","Metallicize"],"relics":["Burning Blood","Bird Faced Urn","Golden Idol","Mummified Hand","Runic Dome","Regal Pillow"],"potions_floor_usage":[16,23],"damage_taken":[{"damage":10,"enemies":"Jaw Worm","floor":1,"turns":5},{"damage":1,"enemies":"Cultist","floor":2,"turns":4},{"damage":0,"enemies":"Small Slimes","floor":8,"turns":3},{"damage":8,"enemies":"Blue Slaver","floor":11,"turns":4},{"damage":9,"enemies":"Red Slaver","floor":13,"turns":3},{"damage":0,"enemies":"Large Slime","floor":14,"turns":4},{"damage":20,"enemies":"The Guardian","floor":16,"turns":9},{"damage":10,"enemies":"2 Thieves","floor":18,"turns":3},{"damage":15,"enemies":"Shell Parasite","floor":20,"turns":4},{"damage":17,"enemies":"Snecko","floor":22,"turns":5},{"damage":86,"enemies":"Gremlin Leader","floor":23,"turns":7}],"seed_played":"4886789420426932084","potions_obtained":[{"floor":2,"key":"FairyPotion"},{"floor":8,"key":"Strength Potion"},{"floor":13,"key":"Strength Potion"},{"floor":16,"key":"EssenceOfSteel"}],"is_trial":false,"path_per_floor":["M","M","?","?","$","R","?","M","T","R","M","?","M","M","R","B",null,"M","?","M","$","M"],"character_chosen":"IRONCLAD","items_purchased":["Ghostly Armor","Regal Pillow"],"campfire_rested":0,"item_purchase_floors":[21,21],"current_hp_per_floor":[76,80,80,60,60,60,53,61,61,61,61,61,60,68,68,58,80,76,76,69,69,60,0],"gold":93,"neow_bonus":"ONE_RARE_RELIC","is_prod":false,"is_daily":false,"chose_seed":false,"campfire_upgraded":3,"win_rate":0,"timestamp":1532541382,"path_taken":["M","M","?","?","$","R","?","M","T","R","M","?","M","M","R","BOSS","M","?","M","$","M","E"],"build_version":"2018-07-19v2","purchased_purges":2,"victory":false,"max_hp_per_floor":[80,80,80,80,80,80,80,80,80,80,80,80,80,80,80,80,80,80,80,80,80,80,80],"card_choices":[{"not_picked":["Anger","Twin Strike"],"picked":"Inflame","floor":1},{"not_picked":["Fire Breathing","Wild Strike"],"picked":"Armaments","floor":2},{"not_picked":["Carnage","Fire Breathing"],"picked":"Flex","floor":8},{"not_picked":["Hemokinesis","Berserk"],"picked":"Thunderclap","floor":11},{"not_picked":["Twin Strike","Pommel Strike"],"picked":"Heavy Blade","floor":13},{"not_picked":["Rupture","Clothesline","Entrench"],"picked":"SKIP","floor":14},{"not_picked":["Feed","Reaper"],"picked":"Impervious","floor":16},{"not_picked":["Power Through","Perfected Strike"],"picked":"Flex","floor":18},{"not_picked":["Infernal Blade","Clothesline"],"picked":"Twin Strike","floor":20},{"not_picked":["Searing Blow","Heavy Blade"],"picked":"Metallicize","floor":22}],"player_experience":505572,"relics_obtained":[{"floor":9,"key":"Mummified Hand"}],"event_choices":[{"event_name":"Transmorgrifier","player_choice":"Transform","floor":3,"damage_taken":0},{"event_name":"Golden Idol","player_choice":"Take Damage","floor":4,"damage_taken":0},{"event_name":"Golden Wing","player_choice":"Card Removal","floor":7,"damage_taken":0},{"event_name":"Living Wall","player_choice":"Change","floor":12,"damage_taken":0},{"event_name":"Nest","player_choice":"Stole From Cult","floor":19,"damage_taken":0}],"is_beta":false,"boss_relics":[{"not_picked":["Astrolabe","Philosopher\u0027s Stone"],"picked":"Runic Dome"}],"items_purged_floors":[5,21],"is_endless":false,"potions_floor_spawned":[2,8,13,16,18,22],"killed_by":"Gremlin Leader","ascension_level":4}