{"gold_per_floor":[119,136,150,165,340,340,365,381,407,407,427,128,160,160,160,263,263,282,293,86,98,198,227,227,227,254,254,265,265,265,276,276,374,374,388,388,70,70,81,81,8,8,8,8,8,28,28,28],"floor_reached":48,"playtime":4065,"items_purged":["Doubt"],"score":689,"play_id":"e9c833a7-3e35-44bf-a385-692ab88aef45","local_time":"20181117001619","is_ascension_mode":true,"campfire_choices":[{"data":"Neutralize","floor":6.0,"key":"SMITH"},{"floor":10.0,"key":"REST"},{"data":"Blade Dance","floor":15.0,"key":"SMITH"},{"floor":24,"key":"REST"},{"data":"Mind Blast","floor":29,"key":"SMITH"},{"floor":32,"key":"REST"},{"floor":40,"key":"REST"},{"floor":45,"key":"REST"},{"floor":47,"key":"REST"}],"neow_cost":"NONE","seed_source_timestamp":0,"circlet_count":0,"master_deck":["Defend_G+1","Defend_G+1","Defend_G+1","Defend_G+1","Strike_G+1","Strike_G+1","Strike_G+1","Strike_G+1","Strike_G+1","Survivor","Neutralize+1","Blade Dance+1","Well Laid Plans","Calculated Gamble+1","Deadly Poison","Backflip","Flying Knee","Dash","Flying Knee","Masterful Stab","After Image","Cloak And Dagger","PiercingWail","Noxious Fumes","Backstab","Mind Blast+1","Envenom","Bullet Time","Necronomicurse","Accuracy+1","Cloak And Dagger","Storm of Steel","Neutralize","Die Die Die","Swift Strike","Noxious Fumes","Madness","Madness","Terror","Infinite Blades"],"special_seed":0,"relics":["Ring of the Snake","War Paint","Bronze Scales","Kunai","Bag of Preparation","Juzu Bracelet","Art of War","Necronomicon","Fusion Hammer","Strange Spoon","Dodecahedron"],"potions_floor_usage":[19,21,21,23,23,31,48],"damage_taken":[{"damage":0.0,"enemies":"2 Louse","floor":1.0,"turns":4.0},{"damage":8.0,"enemies":"Jaw Worm","floor":2.0,"turns":7.0},{"damage":0.0,"enemies":"Cultist","floor":3.0,"turns":4.0},{"damage":1.0,"enemies":"2 Fungi Beasts","floor":4.0,"turns":4.0},{"damage":15.0,"enemies":"Lagavulin","floor":7.0,"turns":8.0},{"damage":1.0,"enemies":"Blue Slaver","floor":8.0,"turns":5.0},{"damage":0.0,"enemies":"3 Louse","floor":11.0,"turns":4.0},{"damage":26.0,"enemies":"3 Sentries","floor":13.0,"turns":10.0},{"damage":26.0,"enemies":"Slime Boss","floor":16.0,"turns":15.0},{"damage":24,"enemies":"2 Thieves","floor":18,"turns":5},{"damage":0,"enemies":"3 Byrds","floor":19,"turns":3},{"damage":7,"enemies":"Cultist and Chosen","floor":21,"turns":7},{"damage":28,"enemies":"Slavers","floor":23,"turns":8},{"damage":8,"enemies":"Centurion and Healer","floor":28,"turns":8},{"damage":2,"enemies":"Snake Plant","floor":31,"turns":3},{"damage":20,"enemies":"Collector","floor":33,"turns":14},{"damage":0,"enemies":"3 Shapes","floor":35,"turns":5},{"damage":32,"enemies":"3 Darklings","floor":39,"turns":7},{"damage":69,"enemies":"Transient","floor":46,"turns":5},{"damage":36,"enemies":"Giant Head","floor":48,"turns":6}],"seed_played":"-2778893625818457169","potions_obtained":[{"floor":3.0,"key":"Dexterity Potion"},{"floor":4.0,"key":"GamblersBrew"},{"floor":7.0,"key":"GamblersBrew"},{"floor":8.0,"key":"Block Potion"},{"floor":16.0,"key":"Regen Potion"},{"floor":18,"key":"Regen Potion"},{"floor":19,"key":"Weak Potion"},{"floor":21,"key":"Explosive Potion"},{"floor":23,"key":"Swift Potion"},{"floor":46,"key":"Dexterity Potion"}],"is_trial":false,"path_per_floor":["M","M","M","M","?","R","E","M","T","R","M","$","E","?","R","B",null,"M","M","$","M","?","E","R","?","T","?","M","R","?","M","R","B",null,"M","?","$","?","M","R","$","?","T","?","R","M","R","E"],"character_chosen":"THE_SILENT","items_purchased":["Kunai","Flying Knee","Noxious Fumes","Backstab","Mind Blast","Strange Spoon","Noxious Fumes","Infinite Blades"],"campfire_rested":6,"item_purchase_floors":[12,12,20,20,20,37,37,41],"current_hp_per_floor":[70,62,62,61,61,61,46,45,45,68,68,68,42,67,67,41,68,44,56,56,63,63,35,58,77,77,61,53,53,53,51,74,54,71,71,71,71,61,29,52,52,52,52,52,75,6,29,0],"gold":28,"neow_bonus":"TEN_PERCENT_HP_BONUS","is_prod":false,"is_daily":false,"chose_seed":false,"campfire_upgraded":3,"win_rate":0,"timestamp":1542413779,"path_taken":["M","M","M","M","?","R","E","M","T","R","M","$","E","?","R","BOSS","M","M","$","M","?","E","R","?","T","?","M","R","?","M","R","BOSS","M","?","$","?","M","R","$","?","T","?","R","M","R","E"],"build_version":"2018-11-15","purchased_purges":1,"victory":false,"max_hp_per_floor":[77,77,77,77,77,77,77,77,77,77,77,77,77,77,77,77,77,77,77,77,77,77,77,77,77,77,77,77,77,77,77,77,77,77,77,77,77,77,77,77,77,77,77,77,77,77,77,77],"card_choices":[{"not_picked":["Sucker Punch","Masterful Stab"],"picked":"Blade Dance","floor":1.0},{"not_picked":["Underhanded Strike","Quick Slash"],"picked":"Well Laid Plans","floor":2.0},{"not_picked":["Acrobatics","Heel Hook"],"picked":"Calculated Gamble","floor":3.0},{"not_picked":["Underhanded Strike","Concentrate"],"picked":"Deadly Poison","floor":4.0},{"not_picked":["Riddle With Holes","Predator"],"picked":"Backflip","floor":7.0},{"not_picked":["Outmaneuver","Calculated Gamble"],"picked":"Flying Knee","floor":8.0},{"not_picked":["Prepared","Choke"],"picked":"Dash","floor":11.0},{"not_picked":["Dagger Throw","Acrobatics"],"picked":"Masterful Stab","floor":13.0},{"not_picked":["Storm of Steel","Burst"],"picked":"After Image","floor":16.0},{"not_picked":["Bane","Slice+1"],"picked":"Cloak And Dagger","floor":18},{"not_picked":["Backflip","Tactician+1"],"picked":"PiercingWail","floor":19},{"not_picked":["Deflect","Prepared"],"picked":"Envenom","floor":21},{"not_picked":["Outmaneuver","Noxious Fumes"],"picked":"Bullet Time","floor":23},{"not_picked":["PiercingWail","Slice"],"picked":"Accuracy+1","floor":28},{"not_picked":["Slice","Dagger Spray"],"picked":"Cloak And Dagger","floor":31},{"not_picked":["Burst","Unload"],"picked":"Storm of Steel","floor":33},{"not_picked":["Prepared+1","Deadly Poison","Sucker Punch"],"picked":"SKIP","floor":35},{"not_picked":["Well Laid Plans+1","Outmaneuver"],"picked":"Terror","floor":39},{"not_picked":["Flying Knee+1","Underhanded Strike+1","Acrobatics"],"picked":"SKIP","floor":46}],"player_experience":844476,"relics_obtained":[{"floor":7.0,"key":"War Paint"},{"floor":9.0,"key":"Bronze Scales"},{"floor":13.0,"key":"Bag of Preparation"},{"floor":23,"key":"Juzu Bracelet"},{"floor":26,"key":"Art of War"},{"floor":27,"key":"Necronomicon"},{"floor":43,"key":"Dodecahedron"}],"event_choices":[{"damage_healed":0.0,"max_hp_gain":0.0,"max_hp_loss":0.0,"gold_gain":175.0,"event_name":"Liars Game","player_choice":"AGREE","floor":5.0,"gold_loss":0.0,"damage_taken":0.0,"cards_obtained":["Doubt"]},{"damage_healed":25.0,"max_hp_gain":0.0,"max_hp_loss":0.0,"gold_gain":0.0,"event_name":"Big Fish","player_choice":"Banana","floor":14.0,"gold_loss":0.0,"damage_taken":0.0},{"damage_healed":0,"gold_gain":100,"player_choice":"Pray","damage_taken":0,"max_hp_gain":0,"max_hp_loss":0,"event_name":"Golden Shrine","floor":22,"gold_loss":0},{"damage_healed":25,"gold_gain":0,"player_choice":"Heal","damage_taken":0,"max_hp_gain":0,"max_hp_loss":0,"event_name":"The Library","floor":25,"gold_loss":0},{"damage_healed":0,"gold_gain":0,"player_choice":"Obtained Book","damage_taken":16,"max_hp_gain":0,"max_hp_loss":0,"event_name":"Cursed Tome","floor":27,"gold_loss":0},{"damage_healed":0,"gold_gain":0,"player_choice":"Simplicity","damage_taken":0,"max_hp_gain":0,"max_hp_loss":0,"event_name":"Back to Basics","floor":30,"gold_loss":0,"cards_upgraded":["Defend_G","Defend_G","Defend_G","Defend_G","Strike_G","Strike_G","Strike_G","Strike_G","Strike_G"]},{"damage_healed":0,"gold_gain":0,"player_choice":"3 cards matched","damage_taken":0,"max_hp_gain":0,"max_hp_loss":0,"event_name":"Match and Keep!","floor":36,"gold_loss":0,"cards_obtained":["Neutralize","Die Die Die","Swift Strike"]},{"damage_healed":0,"gold_gain":0,"player_choice":"Embrace Madness","damage_taken":10,"max_hp_gain":0,"max_hp_loss":0,"event_name":"Winding Halls","floor":38,"gold_loss":0,"cards_obtained":["Madness","Madness"]},{"damage_healed":0,"gold_gain":0,"player_choice":"Ignored","damage_taken":0,"max_hp_gain":0,"max_hp_loss":0,"event_name":"Mysterious Sphere","floor":42,"gold_loss":0},{"cards_removed":["Defend_G"],"damage_healed":0,"gold_gain":0,"player_choice":"Removed Skill","damage_taken":0,"max_hp_gain":0,"max_hp_loss":0,"event_name":"Falling","floor":44,"gold_loss":0}],"is_beta":false,"boss_relics":[{"not_picked":["Velvet Choker","Snecko Eye","HoveringKite"]},{"not_picked":["Eternal Feather","Coffee Dripper"],"picked":"Fusion Hammer"}],"items_purged_floors":[37],"is_endless":false,"potions_floor_spawned":[3,4,7,8,16,18,19,21,23,46],"killed_by":"Giant Head","ascension_level":9}