{"gold_per_floor":[15,15,29,29,104,104,116,133,133,133,161,86,97,43,43,121,121,137,137,48,67,80,80,130,130,201,211,221,93,104,104],"floor_reached":31,"playtime":991,"items_purged":["Defend_R","Strike_R"],"score":474,"play_id":"b882e119-377a-4bc3-bc4b-55d140fe14b2","local_time":"20190801170348","is_ascension_mode":true,"campfire_choices":[{"floor":6.0,"key":"REST"},{"data":"Flex","floor":15.0,"key":"SMITH"},{"data":"Heavy Blade","floor":23.0,"key":"SMITH"},{"data":"Limit Break","floor":25.0,"key":"SMITH"}],"neow_cost":"NO_GOLD","seed_source_timestamp":0,"circlet_count":0,"master_deck":["AscendersBane","Strike_R","Strike_R","Defend_R+1","Defend_R","Defend_R","Bash+1","Flex+1","Flex+1","Thunderclap","Limit Break+1","Heavy Blade+1","Whirlwind","Heavy Blade","Sword Boomerang+1","Flex"],"special_seed":0,"relics":["Burning Blood","Potion Belt","Frozen Egg 2","Philosopher\u0027s Stone","Gremlin Horn"],"potions_floor_usage":[31],"damage_taken":[{"damage":8.0,"enemies":"2 Louse","floor":1.0,"turns":5.0},{"damage":2.0,"enemies":"Small Slimes","floor":3.0,"turns":6.0},{"damage":1.0,"enemies":"Cultist","floor":7.0,"turns":4.0},{"damage":5.0,"enemies":"Large Slime","floor":8.0,"turns":7.0},{"damage":24.0,"enemies":"Lagavulin","floor":11.0,"turns":5.0},{"damage":7.0,"enemies":"Exordium Wildlife","floor":13.0,"turns":4.0},{"damage":58.0,"enemies":"The Guardian","floor":16.0,"turns":12.0},{"damage":16.0,"enemies":"Chosen","floor":18.0,"turns":5.0},{"damage":7.0,"enemies":"Spheric Guardian","floor":21.0,"turns":3.0},{"damage":19.0,"enemies":"Centurion and Healer","floor":22.0,"turns":4.0},{"damage":28.0,"enemies":"Shelled Parasite and Fungi","floor":27.0,"turns":3.0},{"damage":0.0,"enemies":"3 Cultists","floor":28.0,"turns":3.0},{"damage":0,"enemies":"Cultist and Chosen","floor":30,"turns":3},{"damage":27,"enemies":"Snake Plant","floor":31,"turns":2}],"seed_played":"6835172734819336149","potions_obtained":[{"floor":1.0,"key":"Ancient Potion"},{"floor":7.0,"key":"Explosive Potion"},{"floor":10.0,"key":"Fire Potion"},{"floor":10.0,"key":"BloodPotion"},{"floor":11.0,"key":"Fire Potion"},{"floor":16.0,"key":"Block Potion"},{"floor":18.0,"key":"Strength Potion"},{"floor":21.0,"key":"SpeedPotion"},{"floor":22.0,"key":"LiquidBronze"}],"is_trial":false,"path_per_floor":["M","?","M","?","?","R","M","M","T","?","E","$","M","$","R","B",null,"M","?","$","M","M","R","?","R","T","M","M","$","M","M"],"character_chosen":"IRONCLAD","items_purchased":["Thunderclap","Whirlwind","Flex"],"campfire_rested":1,"item_purchase_floors":[14,20,29],"current_hp_per_floor":[66,66,70,47,36,58,63,64,64,64,46,46,45,45,45,11,59,49,49,49,48,35,35,35,35,35,13,19,19,25,0],"gold":104,"neow_bonus":"REMOVE_TWO","is_prod":false,"is_daily":false,"chose_seed":false,"campfire_upgraded":3,"win_rate":0,"timestamp":1564704228,"path_taken":["M","?","M","?","?","R","M","M","T","?","E","$","?","$","R","BOSS","M","?","$","M","M","R","?","R","T","M","?","$","M","M"],"build_version":"2019-07-17","purchased_purges":2,"victory":false,"max_hp_per_floor":[75,75,75,75,75,75,75,75,75,75,75,75,75,75,75,75,75,75,75,75,75,75,75,75,75,75,75,75,75,75,75],"card_choices":[{"not_picked":["Clash","Cleave"],"picked":"Flex","floor":1.0},{"not_picked":["Havoc","Anger","Carnage"],"picked":"SKIP","floor":3.0},{"not_picked":["Wild Strike","Warcry","Clothesline"],"picked":"SKIP","floor":7.0},{"not_picked":["Wild Strike","Dual Wield"],"picked":"Flex","floor":8.0},{"not_picked":["True Grit","Infernal Blade","Iron Wave"],"picked":"SKIP","floor":11.0},{"not_picked":["Clash","Entrench","Fiend Fire"],"picked":"SKIP","floor":13.0},{"not_picked":["Brutality+1","Juggernaut+1"],"picked":"Limit Break","floor":16.0},{"not_picked":["Havoc","Uppercut+1"],"picked":"Heavy Blade","floor":18.0},{"not_picked":["Thunderclap","Clothesline","Cleave"],"picked":"SKIP","floor":21.0},{"not_picked":["Perfected Strike","Headbutt"],"picked":"Heavy Blade","floor":22.0},{"not_picked":["Clash","Heavy Blade+1","Pommel Strike"],"picked":"SKIP","floor":27.0},{"not_picked":["Clash","Iron Wave"],"picked":"Sword Boomerang+1","floor":28.0},{"not_picked":["Dropkick","Power Through","Sword Boomerang"],"picked":"SKIP","floor":30}],"player_experience":493700,"relics_obtained":[{"floor":9.0,"key":"Potion Belt"},{"floor":11.0,"key":"Frozen Egg 2"},{"floor":26.0,"key":"Gremlin Horn"}],"event_choices":[{"damage_healed":0.0,"max_hp_gain":0.0,"max_hp_loss":0.0,"gold_gain":0.0,"event_name":"Living Wall","player_choice":"Grow","floor":2.0,"gold_loss":0.0,"damage_taken":0.0,"cards_upgraded":["Flex"]},{"damage_healed":0.0,"max_hp_gain":0.0,"max_hp_loss":0.0,"gold_gain":0.0,"event_name":"Shining Light","player_choice":"Entered Light","floor":4.0,"gold_loss":0.0,"damage_taken":23.0,"cards_upgraded":["Bash","Defend_R"]},{"damage_healed":0.0,"max_hp_gain":0.0,"max_hp_loss":0.0,"gold_gain":75.0,"event_name":"World of Goop","player_choice":"Gather Gold","floor":5.0,"gold_loss":0.0,"damage_taken":11.0},{"damage_healed":0.0,"max_hp_gain":0.0,"max_hp_loss":0.0,"gold_gain":0.0,"event_name":"Lab","player_choice":"Got Potions","floor":10.0,"gold_loss":0.0,"damage_taken":0.0},{"damage_healed":0.0,"max_hp_gain":0.0,"max_hp_loss":0.0,"gold_gain":0.0,"event_name":"Vampires","player_choice":"Ignored","floor":19.0,"gold_loss":0.0,"damage_taken":0.0},{"damage_healed":0.0,"max_hp_gain":0.0,"max_hp_loss":0.0,"gold_gain":100.0,"event_name":"The Joust","player_choice":"Bet on Murderer","floor":24.0,"gold_loss":50.0,"damage_taken":0.0}],"is_beta":false,"boss_relics":[{"not_picked":["Fusion Hammer","Sozu"],"picked":"Philosopher\u0027s Stone"}],"items_purged_floors":[12,29],"is_endless":false,"potions_floor_spawned":[1,7,11,16,18,21,22],"killed_by":"Snake Plant","ascension_level":20}