{"gold_per_floor":[118,135,145,220,71,71,99,127,127,51,84,103,137,155,155,253,303,243,257,257,275,275],"floor_reached":22,"playtime":2084,"items_purged":["Strike_G"],"score":286,"play_id":"2c08aaa7-4364-40a1-8cc6-0c4d90b951bd","local_time":"20181024114336","is_ascension_mode":true,"campfire_choices":[{"floor":6.0,"key":"REST"},{"floor":15.0,"key":"REST"}],"neow_cost":"NONE","seed_source_timestamp":0,"circlet_count":0,"master_deck":["Defend_G","Defend_G","Defend_G","Defend_G","Defend_G+1","Strike_G","Strike_G","Strike_G","Strike_G","Survivor","Neutralize","Sucker Punch","Noxious Fumes","Prepared","Footwork","Cloak And Dagger","Dodge and Roll","Caltrops","Footwork","Well Laid Plans","Dagger Spray","A Thousand Cuts","Cloak And Dagger","PiercingWail","RitualDagger","Bullet Time"],"special_seed":0,"relics":["Ring of the Snake","Gremlin Horn","Odd Mushroom","Happy Flower","Ninja Scroll","Girya","Tiny House"],"potions_floor_usage":[],"damage_taken":[{"damage":0.0,"enemies":"2 Louse","floor":1.0,"turns":4.0},{"damage":0.0,"enemies":"Jaw Worm","floor":2.0,"turns":5.0},{"damage":5.0,"enemies":"Small Slimes","floor":3.0,"turns":4.0},{"damage":22.0,"enemies":"Lagavulin","floor":7.0,"turns":10.0},{"damage":16.0,"enemies":"The Mushroom Lair","floor":8.0,"turns":7.0},{"damage":19.0,"enemies":"3 Sentries","floor":11.0,"turns":8.0},{"damage":0.0,"enemies":"Blue Slaver","floor":12.0,"turns":4.0},{"damage":8.0,"enemies":"Gremlin Nob","floor":13.0,"turns":5.0},{"damage":0.0,"enemies":"Large Slime","floor":14.0,"turns":6.0},{"damage":9,"enemies":"The Guardian","floor":16,"turns":14},{"damage":19,"enemies":"2 Thieves","floor":18,"turns":4},{"damage":0,"enemies":"3 Byrds","floor":19,"turns":3},{"damage":23,"enemies":"Cultist and Chosen","floor":21,"turns":10},{"damage":28,"enemies":"3 Cultists","floor":22,"turns":4}],"seed_played":"-4892769419613808664","potions_obtained":[{"floor":2.0,"key":"EssenceOfSteel"},{"floor":3.0,"key":"SkillPotion"},{"floor":8.0,"key":"PowerPotion"},{"floor":17,"key":"Dexterity Potion"},{"floor":19,"key":"FearPotion"}],"is_trial":false,"path_per_floor":["M","M","M","?","$","R","E","?","T","$","E","M","E","M","R","B",null,"M","M","?","M"],"character_chosen":"THE_SILENT","items_purchased":["Footwork","Caltrops"],"campfire_rested":2,"item_purchase_floors":[5,10],"current_hp_per_floor":[70,70,65,54,54,77,55,39,39,39,20,20,12,12,35,26,69,50,50,44,21,0],"gold":275,"neow_bonus":"TEN_PERCENT_HP_BONUS","is_prod":false,"is_daily":false,"chose_seed":false,"campfire_upgraded":0,"win_rate":0,"timestamp":1540377816,"path_taken":["M","M","M","?","$","R","E","?","T","$","E","M","E","M","R","BOSS","M","?","?","M","M"],"build_version":"2018-10-18","purchased_purges":1,"victory":false,"max_hp_per_floor":[77,77,77,77,77,77,77,77,77,77,77,77,77,77,77,77,82,82,82,82,82,82],"card_choices":[{"not_picked":["Outmaneuver","Crippling Poison"],"picked":"Sucker Punch","floor":1.0},{"not_picked":["Well Laid Plans","Prepared"],"picked":"Noxious Fumes","floor":2.0},{"not_picked":["Flechettes","Outmaneuver"],"picked":"Prepared","floor":3.0},{"not_picked":["Leg Sweep","PiercingWail"],"picked":"Cloak And Dagger","floor":7.0},{"not_picked":["Concentrate","Prepared"],"picked":"Dodge and Roll","floor":8.0},{"not_picked":["Well Laid Plans","Grand Finale"],"picked":"Footwork","floor":11.0},{"not_picked":["Poisoned Stab","Riddle With Holes"],"picked":"Well Laid Plans","floor":12.0},{"not_picked":["Sucker Punch","Distraction"],"picked":"Dagger Spray","floor":13.0},{"not_picked":["Quick Slash","Blade Dance","Dagger Spray"],"picked":"SKIP","floor":14.0},{"not_picked":["Die Die Die","Night Terror"],"picked":"A Thousand Cuts","floor":16},{"not_picked":["Sucker Punch","Eviscerate"],"picked":"Cloak And Dagger","floor":17},{"not_picked":["Dagger Spray","Reflex"],"picked":"PiercingWail","floor":18},{"not_picked":["PiercingWail","Outmaneuver","Distraction"],"picked":"SKIP","floor":19},{"not_picked":["Cloak And Dagger+1","Poisoned Stab"],"picked":"Bullet Time","floor":21}],"player_experience":747559,"relics_obtained":[{"floor":7.0,"key":"Gremlin Horn"},{"floor":8.0,"key":"Odd Mushroom"},{"floor":9.0,"key":"Happy Flower"},{"floor":11.0,"key":"Ninja Scroll"},{"floor":13.0,"key":"Girya"}],"event_choices":[{"damage_healed":0.0,"max_hp_gain":0.0,"max_hp_loss":0.0,"gold_gain":75.0,"event_name":"World of Goop","player_choice":"Gather Gold","floor":4.0,"gold_loss":0.0,"damage_taken":11.0},{"damage_healed":0.0,"max_hp_gain":0.0,"max_hp_loss":0.0,"gold_gain":0.0,"event_name":"Mushrooms","player_choice":"Fought Mushrooms","floor":8.0,"gold_loss":0.0,"damage_taken":0.0},{"damage_healed":0,"gold_gain":0,"player_choice":"Joined the Cult","damage_taken":6,"max_hp_gain":0,"max_hp_loss":0,"event_name":"Nest","floor":20,"gold_loss":0,"cards_obtained":["RitualDagger"]}],"is_beta":false,"boss_relics":[{"not_picked":["White Beast Statue","Empty Cage"],"picked":"Tiny House"}],"items_purged_floors":[5],"is_endless":false,"potions_floor_spawned":[2,3,8,19],"killed_by":"3 Cultists","ascension_level":8}