{"gold_per_floor":[115,131,206,65,89,89,120,130,153,153,170,170,170,184,184,281,281,298,49,49,0,0,0,18,28,107,107,124,135,135,135,135,239,239,259,73,73,84,99,99],"floor_reached":40,"playtime":3136,"items_purged":[],"score":436,"play_id":"fea36e13-77b1-4a7b-a92a-a5bd6d39bbe0","local_time":"20180721170432","is_ascension_mode":false,"campfire_choices":[{"data":"A Thousand Cuts","floor":6,"key":"SMITH"},{"data":"Neutralize","floor":10,"key":"SMITH"},{"data":"Noxious Fumes","floor":12,"key":"SMITH"},{"floor":15,"key":"REST"},{"data":"Footwork","floor":23,"key":"SMITH"},{"data":"Noxious Fumes","floor":27,"key":"SMITH"},{"floor":30,"key":"REST"},{"floor":32,"key":"REST"}],"neow_cost":"NONE","seed_source_timestamp":919530765680930,"circlet_count":0,"master_deck":["Defend_G","Defend_G","Defend_G","Defend_G","Defend_G","Survivor","Neutralize+1","Well Laid Plans","Flying Knee","A Thousand Cuts+1","Deadly Poison","Deadly Poison","Noxious Fumes+1","Noxious Fumes+1","Corpse Explosion","Outmaneuver","Footwork+1","Panache+1","Dodge and Roll","Bite","Bite","Bite","Bite","Bite","Dagger Throw","Burst","Apotheosis","Deflect+1"],"relics":["Ring of the Snake","NeowsBlessing","Snake Skull","Tingsha","Happy Flower","Sozu","Matryoshka","Eternal Feather","The Courier"],"potions_floor_usage":[28,28,39],"damage_taken":[{"damage":0,"enemies":"Cultist","floor":1,"turns":1},{"damage":0,"enemies":"Jaw Worm","floor":2,"turns":1},{"damage":0,"enemies":"Lagavulin","floor":7,"turns":1},{"damage":5,"enemies":"Small Slimes","floor":8,"turns":4},{"damage":12,"enemies":"Exordium Thugs","floor":11,"turns":4},{"damage":0,"enemies":"3 Louse","floor":14,"turns":4},{"damage":29,"enemies":"Hexaghost","floor":16,"turns":7},{"damage":14,"enemies":"Spheric Guardian","floor":18,"turns":4},{"damage":0,"enemies":"Chosen","floor":24,"turns":4},{"damage":8,"enemies":"Snake Plant","floor":25,"turns":4},{"damage":3,"enemies":"Cultist and Chosen","floor":28,"turns":4},{"damage":35,"enemies":"Slaver and Parasite","floor":29,"turns":4},{"damage":59,"enemies":"Collector","floor":33,"turns":9},{"damage":6,"enemies":"Flame Bruiser 1 Orb","floor":35,"turns":6},{"damage":11,"enemies":"Orb Walker","floor":38,"turns":4},{"damage":36,"enemies":"Flame Bruiser 2 Orb","floor":39,"turns":6},{"damage":51,"enemies":"Giant Head","floor":40,"turns":7}],"seed_played":"-2229799360950691916","potions_obtained":[{"floor":7,"key":"Energy Potion"},{"floor":8,"key":"AttackPotion"},{"floor":11,"key":"Explosive Potion"}],"is_trial":false,"path_per_floor":["M","M","?","$","T","R","E","M","T","R","M","R","?","M","R","B",null,"M","$","?","?","?","R","M","M","T","R","M","M","R","?","R","B",null,"M","$","?","M","M"],"character_chosen":"THE_SILENT","items_purchased":["A Thousand Cuts","Footwork","Panache","Apotheosis"],"campfire_rested":3,"item_purchase_floors":[4,19,19,36],"current_hp_per_floor":[70,70,59,59,59,59,59,54,54,54,42,42,42,42,63,34,70,56,56,56,56,49,49,49,48,48,48,49,22,36,36,49,10,49,49,49,49,46,28,0],"gold":99,"neow_bonus":"THREE_ENEMY_KILL","is_prod":false,"is_daily":false,"chose_seed":false,"campfire_upgraded":5,"win_rate":0,"timestamp":1532189072,"path_taken":["M","?","?","$","?","R","E","M","T","R","M","R","?","M","R","BOSS","M","$","?","?","?","R","M","M","T","R","M","M","R","?","R","BOSS","M","$","?","M","M","E"],"build_version":"2018-07-19v2","purchased_purges":0,"victory":false,"max_hp_per_floor":[70,70,70,70,70,70,70,70,70,70,70,70,70,70,70,70,70,70,70,70,70,49,49,49,49,49,49,49,49,49,49,49,49,49,49,49,49,49,49,49],"card_choices":[{"not_picked":["Dagger Spray","Quick Slash"],"picked":"Well Laid Plans","floor":1},{"not_picked":["Choke","Cloak And Dagger"],"picked":"Flying Knee","floor":2},{"not_picked":["Deflect","Dagger Throw"],"picked":"Deadly Poison","floor":7},{"not_picked":["Dash","Grand Finale"],"picked":"Deadly Poison","floor":8},{"not_picked":["Flying Knee","Dagger Spray"],"picked":"Noxious Fumes","floor":11},{"not_picked":["Bouncing Flask","Calculated Gamble"],"picked":"Noxious Fumes","floor":14},{"not_picked":["Doppelganger","Glass Knife"],"picked":"Corpse Explosion","floor":16},{"not_picked":["Dash","All Out Attack"],"picked":"Outmaneuver","floor":18},{"not_picked":["Dodge and Roll","Eviscerate+1","Expertise"],"picked":"SKIP","floor":24},{"not_picked":["Sucker Punch+1","Slice"],"picked":"Dagger Throw","floor":25},{"not_picked":["Quick Slash","Setup","Tactician"],"picked":"SKIP","floor":28},{"not_picked":["Outmaneuver+1","Sucker Punch+1","Flechettes+1"],"picked":"SKIP","floor":29},{"not_picked":["Wraith Form v2","Corpse Explosion"],"picked":"Burst","floor":33},{"not_picked":["Underhanded Strike","Dagger Throw","Sucker Punch"],"picked":"SKIP","floor":35},{"not_picked":["Distraction","Flying Knee","Sucker Punch+1"],"picked":"SKIP","floor":38},{"not_picked":["Dagger Throw+1","Acrobatics+1"],"picked":"Deflect+1","floor":39}],"player_experience":426855,"relics_obtained":[{"floor":5,"key":"Snake Skull"},{"floor":7,"key":"Tingsha"},{"floor":9,"key":"Happy Flower"},{"floor":26,"key":"Matryoshka"}],"event_choices":[{"event_name":"World of Goop","player_choice":"Gather Gold","floor":3,"damage_taken":0},{"event_name":"The Woman in Blue","player_choice":"Bought 0 Potions","floor":13,"damage_taken":0},{"event_name":"Transmorgrifier","player_choice":"Transform","floor":20,"damage_taken":0},{"event_name":"Masked Bandits","player_choice":"Paid Bandits 49 gold","floor":21,"damage_taken":0},{"event_name":"Vampires","player_choice":"Became a vampire","floor":22,"damage_taken":0},{"event_name":"Upgrade Shrine","player_choice":"Upgraded","floor":31,"damage_taken":0},{"event_name":"Accursed Blacksmith","player_choice":"Rummage","floor":37,"damage_taken":0}],"is_beta":false,"boss_relics":[{"not_picked":["Cursed Key","Orrery"],"picked":"Sozu"},{"not_picked":["Empty Cage","Runic Dome"],"picked":"Eternal Feather"}],"items_purged_floors":[],"is_endless":false,"potions_floor_spawned":[7,8,11,14,33,38],"killed_by":"Giant Head","ascension_level":0}