{"gold_per_floor":[116,136,136,154,53,80,99,99,99,99,112,128,128,128,128,227,227,241,56,66,83,93,93,93,192,192,2,2,15,34,47,47,142,142,161,172,172,185,196,196,207,255,302,318,318,338,338,357,357,357],"floor_reached":51,"playtime":6084,"items_purged":[],"score":657,"play_id":"c68bb72f-fa0f-4de3-a8c7-4c4d8a288b74","local_time":"20190731141019","is_ascension_mode":false,"campfire_choices":[{"data":"Bash","floor":8.0,"key":"SMITH"},{"data":"Dropkick","floor":10.0,"key":"SMITH"},{"data":"Perfected Strike","floor":13.0,"key":"SMITH"},{"floor":15.0,"key":"REST"},{"data":"Armaments","floor":23.0,"key":"SMITH"},{"data":"Demon Form","floor":32.0,"key":"SMITH"},{"data":"Bludgeon","floor":40,"key":"SMITH"},{"data":"Fiend Fire","floor":47,"key":"SMITH"},{"floor":49,"key":"REST"}],"neow_cost":"NONE","seed_source_timestamp":0,"circlet_count":0,"master_deck":["Strike_R","Strike_R","Strike_R","Strike_R","Strike_R","Defend_R","Defend_R","Defend_R","Defend_R","Bash+1","Clash","Sever Soul","Pommel Strike","Heavy Blade","Feed","Dropkick+1","Perfected Strike+1","Headbutt","Twin Strike","Bash","Impervious","Anger","Carnage","Double Tap+1","Warcry","Rampage+1","Armaments+1","Necronomicurse","Inflame","Clash","Sever Soul+1","Demon Form+1","Fiend Fire+1","Thunderclap","Perfected Strike+1","Parasite","Battle Trance","Bludgeon+1","Searing Blow","Cleave+1","Cleave+1","Headbutt+1","Clothesline+1"],"special_seed":0,"relics":["Black Blood","StoneCalendar","Orichalcum","Bag of Preparation","Necronomicon","Vajra","Lantern","Velvet Choker","Unceasing Top","Regal Pillow"],"potions_floor_usage":[36,38,42,50,50,50],"damage_taken":[{"damage":1.0,"enemies":"Cultist","floor":1.0,"turns":3.0},{"damage":3.0,"enemies":"Small Slimes","floor":2.0,"turns":3.0},{"damage":0.0,"enemies":"2 Louse","floor":4.0,"turns":2.0},{"damage":44.0,"enemies":"Lagavulin","floor":6.0,"turns":7.0},{"damage":0.0,"enemies":"Exordium Wildlife","floor":7.0,"turns":2.0},{"damage":20.0,"enemies":"Large Slime","floor":11.0,"turns":5.0},{"damage":1.0,"enemies":"3 Louse","floor":12.0,"turns":2.0},{"damage":35.0,"enemies":"The Guardian","floor":16.0,"turns":7.0},{"damage":30.0,"enemies":"2 Thieves","floor":18.0,"turns":4.0},{"damage":4.0,"enemies":"Chosen","floor":20.0,"turns":3.0},{"damage":25.0,"enemies":"Centurion and Healer","floor":21.0,"turns":4.0},{"damage":8.0,"enemies":"Cultist and Chosen","floor":22.0,"turns":4.0},{"damage":15.0,"enemies":"Snake Plant","floor":29.0,"turns":2.0},{"damage":6.0,"enemies":"Centurion and Healer","floor":30.0,"turns":2.0},{"damage":5.0,"enemies":"Cultist and Chosen","floor":31.0,"turns":3.0},{"damage":35.0,"enemies":"Champ","floor":33.0,"turns":6.0},{"damage":43,"enemies":"3 Darklings","floor":35,"turns":5},{"damage":4,"enemies":"Orb Walker","floor":36,"turns":2},{"damage":17,"enemies":"Writhing Mass","floor":38,"turns":5},{"damage":11,"enemies":"Jaw Worm Horde","floor":39,"turns":3},{"damage":0,"enemies":"Transient","floor":41,"turns":5},{"damage":16,"enemies":"2 Orb Walkers","floor":42,"turns":2},{"damage":0,"enemies":"Spire Growth","floor":44,"turns":2},{"damage":10,"enemies":"Maw","floor":46,"turns":5},{"damage":9,"enemies":"Writhing Mass","floor":48,"turns":2},{"damage":53,"enemies":"Awakened One","floor":50,"turns":7}],"seed_played":"1449667291459208829","potions_obtained":[{"floor":6.0,"key":"BloodPotion"},{"floor":7.0,"key":"SteroidPotion"},{"floor":12.0,"key":"SneckoOil"},{"floor":20.0,"key":"PowerPotion"},{"floor":29.0,"key":"Fire Potion"},{"floor":33.0,"key":"SkillPotion"},{"floor":38,"key":"SneckoOil"},{"floor":39,"key":"SkillPotion"},{"floor":42,"key":"SkillPotion"},{"floor":46,"key":"Poison Potion"},{"floor":48,"key":"FearPotion"}],"is_trial":false,"path_per_floor":["M","M","T","M","$","E","M","R","T","R","M","M","R","?","R","B",null,"M","$","M","M","M","R","?","?","T","$","$","M","M","M","R","B",null,"M","M","?","M","M","R","M","?","T","M","?","M","R","M","R","B",null],"character_chosen":"IRONCLAD","items_purchased":["Heavy Blade","Combust","Carnage","Double Tap","Inflame","Lantern"],"campfire_rested":2,"item_purchase_floors":[5,5,19,19,27,27],"current_hp_per_floor":[88,88,88,88,88,50,56,56,56,56,45,50,50,50,77,48,91,74,74,80,65,67,67,51,51,51,51,51,46,77,82,82,57,97,64,70,70,63,62,62,72,66,66,76,76,76,76,77,97,57],"gold":357,"neow_bonus":"TEN_PERCENT_HP_BONUS","is_prod":false,"is_daily":false,"chose_seed":false,"campfire_upgraded":7,"win_rate":0.0,"timestamp":1564549819,"path_taken":["M","M","?","M","?","E","M","R","T","R","M","M","R","?","R","BOSS","M","$","?","M","M","R","?","?","T","?","$","M","M","M","R","BOSS","M","M","?","M","M","R","M","?","T","M","?","?","R","M","R","BOSS"],"build_version":"2019-07-17","purchased_purges":0,"victory":true,"max_hp_per_floor":[88,88,88,88,88,88,88,88,88,88,91,91,91,91,91,91,91,94,94,94,94,94,94,94,94,94,94,94,94,97,97,97,97,97,97,97,97,97,97,97,97,97,97,97,97,97,97,97,97,100],"card_choices":[{"not_picked":["Heavy Blade","Clothesline"],"picked":"Clash","floor":1.0},{"not_picked":["Body Slam","Twin Strike"],"picked":"Sever Soul","floor":2.0},{"not_picked":["Fire Breathing","Warcry"],"picked":"Pommel Strike","floor":4.0},{"not_picked":["Anger","Clothesline"],"picked":"Feed","floor":6.0},{"not_picked":["Armaments","Headbutt"],"picked":"Dropkick","floor":7.0},{"not_picked":["Rupture","Rage"],"picked":"Perfected Strike","floor":11.0},{"not_picked":["Sword Boomerang","True Grit"],"picked":"Headbutt","floor":12.0},{"not_picked":["Reaper","Juggernaut"],"picked":"Impervious","floor":16.0},{"not_picked":["Sword Boomerang","Perfected Strike"],"picked":"Anger","floor":18.0},{"not_picked":["Thunderclap","Clash"],"picked":"Warcry","floor":20.0},{"not_picked":["Anger","Reckless Charge"],"picked":"Rampage+1","floor":21.0},{"not_picked":["Heavy Blade","Combust"],"picked":"Armaments","floor":22.0},{"not_picked":["Shrug It Off","Bloodletting"],"picked":"Clash","floor":29.0},{"not_picked":["Sword Boomerang","Body Slam+1"],"picked":"Sever Soul+1","floor":30.0},{"not_picked":["Battle Trance+1","Thunderclap"],"picked":"Demon Form","floor":31.0},{"not_picked":["Juggernaut","Reaper"],"picked":"Fiend Fire","floor":33.0},{"not_picked":["Clash","Power Through"],"picked":"Thunderclap","floor":35},{"not_picked":["Warcry","Armaments"],"picked":"Perfected Strike+1","floor":36},{"not_picked":["Anger","True Grit"],"picked":"Battle Trance","floor":38},{"not_picked":["Clothesline","Flex+1"],"picked":"Bludgeon","floor":39},{"not_picked":["Thunderclap","Twin Strike+1"],"picked":"Searing Blow","floor":41},{"not_picked":["Headbutt","Iron Wave+1"],"picked":"Cleave+1","floor":42},{"not_picked":["True Grit","Reaper"],"picked":"Cleave+1","floor":44},{"not_picked":["Anger","Iron Wave"],"picked":"Headbutt+1","floor":46},{"not_picked":["Body Slam","Thunderclap+1"],"picked":"Clothesline+1","floor":48}],"player_experience":14728,"relics_obtained":[{"floor":3.0,"key":"StoneCalendar"},{"floor":6.0,"key":"Orichalcum"},{"floor":9.0,"key":"Bag of Preparation"},{"floor":24.0,"key":"Necronomicon"},{"floor":26.0,"key":"Vajra"},{"floor":42,"key":"Unceasing Top"},{"floor":43,"key":"Regal Pillow"}],"event_choices":[{"damage_healed":0.0,"max_hp_gain":0.0,"max_hp_loss":0.0,"gold_gain":0.0,"event_name":"Match and Keep!","player_choice":"2 cards matched","floor":14.0,"gold_loss":0.0,"damage_taken":0.0,"cards_obtained":["Twin Strike","Bash"]},{"damage_healed":0.0,"max_hp_gain":0.0,"max_hp_loss":0.0,"gold_gain":0.0,"event_name":"Cursed Tome","player_choice":"Obtained Book","floor":24.0,"gold_loss":0.0,"damage_taken":16.0},{"damage_healed":0.0,"max_hp_gain":0.0,"max_hp_loss":0.0,"gold_gain":99.0,"event_name":"Nest","player_choice":"Stole From Cult","floor":25.0,"gold_loss":0.0,"damage_taken":0.0},{"cards_removed":["Combust"],"damage_healed":0,"gold_gain":0,"player_choice":"Removed Power","damage_taken":0,"max_hp_gain":0,"max_hp_loss":0,"event_name":"Falling","floor":37,"gold_loss":0},{"damage_healed":0,"gold_gain":0,"player_choice":"Fight","damage_taken":0,"max_hp_gain":0,"max_hp_loss":0,"event_name":"Mysterious Sphere","floor":42,"gold_loss":0},{"damage_healed":0,"gold_gain":0,"player_choice":"Upgraded","damage_taken":0,"max_hp_gain":0,"max_hp_loss":0,"event_name":"Upgrade Shrine","floor":45,"gold_loss":0,"cards_upgraded":["Double Tap"]}],"is_beta":false,"boss_relics":[{"not_picked":["Busted Crown","Fusion Hammer"],"picked":"Black Blood"},{"not_picked":["Runic Dome","Sozu"],"picked":"Velvet Choker"}],"items_purged_floors":[],"is_endless":false,"potions_floor_spawned":[6,7,12,20,29,33,38,39,42,46,48],"ascension_level":0}