{"gold_per_floor":[114,114,128,147,45,45,72,88,88,100,100,30,47,63,63,160,160,177,127,127,138,0,0,16,42,42,42,42,54,67,67],"floor_reached":31,"playtime":2409,"items_purged":["Strike_R","Strike_R"],"score":259,"play_id":"2af3010c-0f39-428e-b915-72df6891f518","local_time":"20180713151351","is_ascension_mode":false,"campfire_choices":[{"data":"Uppercut","floor":6.0,"key":"SMITH"},{"data":"Searing Blow","floor":15.0,"key":"SMITH"},{"data":"Searing Blow+1","floor":23.0,"key":"SMITH"}],"neow_cost":"NONE","seed_source_timestamp":0,"circlet_count":0,"master_deck":["Strike_R","Strike_R","Strike_R","Defend_R","Defend_R","Defend_R","Defend_R","Bash","Dual Wield","Uppercut+1","Headbutt","Shrug It Off","Cleave","Searing Blow+2","Metallicize+1","Whirlwind","Double Tap","RitualDagger","Clash+1"],"special_seed":0,"relics":["Burning Blood","Frozen Egg 2","Dream Catcher","Smiling Mask","Sozu","Vajra","Question Card","Nilry\u0027s Codex"],"potions_floor_usage":[],"damage_taken":[{"damage":5.0,"enemies":"Small Slimes","floor":1.0,"turns":4.0},{"damage":10.0,"enemies":"Jaw Worm","floor":3.0,"turns":4.0},{"damage":0.0,"enemies":"2 Louse","floor":4.0,"turns":2.0},{"damage":15.0,"enemies":"Gremlin Nob","floor":7.0,"turns":4.0},{"damage":0.0,"enemies":"Large Slime","floor":8.0,"turns":4.0},{"damage":16.0,"enemies":"3 Louse","floor":10.0,"turns":4.0},{"damage":2.0,"enemies":"Exordium Wildlife","floor":13.0,"turns":5.0},{"damage":4.0,"enemies":"Blue Slaver","floor":14.0,"turns":3.0},{"damage":47.0,"enemies":"The Guardian","floor":16.0,"turns":17.0},{"damage":5.0,"enemies":"Shell Parasite","floor":18.0,"turns":7.0},{"damage":6.0,"enemies":"Chosen","floor":21.0,"turns":3.0},{"damage":14.0,"enemies":"3 Cultists","floor":24.0,"turns":6.0},{"damage":28.0,"enemies":"Book of Stabbing","floor":25.0,"turns":6.0},{"damage":29.0,"enemies":"Snake Plant","floor":29.0,"turns":5.0},{"damage":13,"enemies":"Cultist and Chosen","floor":30,"turns":6},{"damage":19,"enemies":"Centurion and Healer","floor":31,"turns":2}],"seed_played":"8847685508191214511","potions_obtained":[{"floor":1.0,"key":"Explosive Potion"},{"floor":3.0,"key":"Ancient Potion"},{"floor":13.0,"key":"BloodPotion"}],"is_trial":false,"path_per_floor":["M","?","M","M","$","R","E","M","T","M","?","$","M","M","R","B",null,"M","$","?","M","?","R","M","E","T","?","?","M","M"],"character_chosen":"IRONCLAD","items_purchased":["Shrug It Off","Metallicize+1"],"campfire_rested":0,"item_purchase_floors":[5,12],"current_hp_per_floor":[88,81,77,83,83,83,74,80,80,70,70,70,74,76,76,35,88,88,88,88,88,88,88,80,66,66,50,44,21,14,0],"gold":67,"neow_bonus":"TEN_PERCENT_HP_BONUS","is_prod":false,"is_daily":false,"chose_seed":false,"campfire_upgraded":3,"win_rate":0,"timestamp":1531491231,"path_taken":["M","?","M","M","$","R","E","M","T","M","?","?","M","M","R","BOSS","M","$","?","M","?","R","?","E","T","?","?","?","M","M"],"build_version":"2018-07-12","purchased_purges":2,"victory":false,"max_hp_per_floor":[88,88,88,88,88,88,88,88,88,88,88,88,88,88,88,88,88,88,88,88,88,88,88,88,88,88,88,88,88,88,88],"card_choices":[{"not_picked":["Sentinel","Shockwave"],"picked":"Dual Wield","floor":1.0},{"not_picked":["Carnage","Warcry"],"picked":"Uppercut","floor":3.0},{"not_picked":["Entrench","True Grit"],"picked":"Headbutt","floor":4.0},{"not_picked":["Entrench","Perfected Strike"],"picked":"Cleave","floor":7.0},{"not_picked":["Headbutt","Brutality+1","Wild Strike"],"picked":"SKIP","floor":8.0},{"not_picked":["Sword Boomerang","Twin Strike"],"picked":"Searing Blow","floor":10.0},{"not_picked":["Hemokinesis","Armaments"],"picked":"Whirlwind","floor":13.0},{"not_picked":["Searing Blow","Spot Weakness","Iron Wave"],"picked":"SKIP","floor":14.0},{"not_picked":["Dark Embrace+1","Bludgeon"],"picked":"Double Tap","floor":16.0},{"not_picked":["Havoc","Anger+1","Hemokinesis+1"],"picked":"SKIP","floor":18.0},{"not_picked":["Whirlwind","Flex+1","Headbutt+1"],"picked":"SKIP","floor":21.0},{"not_picked":["Heavy Blade","Anger","Blood for Blood"],"picked":"SKIP","floor":24.0},{"not_picked":["Anger+1","Pummel+1","Carnage"],"picked":"SKIP","floor":25.0},{"not_picked":["Twin Strike","Battle Trance","Thunderclap","True Grit"],"picked":"SKIP","floor":29.0},{"not_picked":["Pommel Strike+1","Carnage","Headbutt"],"picked":"Clash+1","floor":30}],"player_experience":302581,"relics_obtained":[{"floor":7.0,"key":"Dream Catcher"},{"floor":9.0,"key":"Smiling Mask"},{"floor":25.0,"key":"Vajra"},{"floor":26.0,"key":"Question Card"},{"floor":27.0,"key":"Nilry\u0027s Codex"}],"event_choices":[{"event_name":"Scrap Ooze","player_choice":"success","floor":2.0,"damage_taken":7.0},{"event_name":"Golden Idol","player_choice":"Ignored","floor":11.0,"damage_taken":0.0},{"event_name":"Ghosts","player_choice":"Ignored","floor":20.0,"damage_taken":0.0},{"event_name":"Masked Bandits","player_choice":"Paid Bandits 138 gold","floor":22.0,"damage_taken":0.0},{"event_name":"Cursed Tome","player_choice":"Obtained Book","floor":27.0,"damage_taken":0.0},{"event_name":"Nest","player_choice":"Joined the Cult","floor":28.0,"damage_taken":0.0}],"boss_relics":[{"not_picked":["Tiny House","Mark of Pain"],"picked":"Sozu"}],"items_purged_floors":[5,19],"is_endless":false,"potions_floor_spawned":[1,3,13,21,24],"killed_by":"Centurion and Healer","ascension_level":0}