{"gold_per_floor":[20,20,20,40,60,60,23,23,48,62,62,78,78,98,98,193,193,205,220,240,165,182,182],"floor_reached":23,"playtime":687,"items_purged":["Strike_B"],"score":185,"play_id":"26385488-3a1c-44b6-bd04-747afa344d20","local_time":"20190217025908","is_ascension_mode":false,"campfire_choices":[{"data":"Zap","floor":6,"key":"SMITH"},{"data":"Static Discharge","floor":11,"key":"SMITH"},{"data":"Dualcast","floor":15,"key":"SMITH"}],"neow_cost":"NO_GOLD","seed_source_timestamp":26561778877200,"circlet_count":0,"master_deck":["Strike_B","Strike_B","Defend_B","Defend_B","Defend_B","Defend_B","Zap+1","Dualcast+1","Electrodynamics","Beam Cell","Beam Cell","Static Discharge+1","Biased Cognition","Gash+1"],"relics":["Cracked Core","Juzu Bracelet","Pear","Nuclear Battery"],"potions_floor_usage":[23],"damage_taken":[{"damage":1,"enemies":"Cultist","floor":1,"turns":3},{"damage":7,"enemies":"Small Slimes","floor":4,"turns":3},{"damage":1,"enemies":"Jaw Worm","floor":5,"turns":2},{"damage":0,"enemies":"Gremlin Gang","floor":10,"turns":2},{"damage":9,"enemies":"Blue Slaver","floor":12,"turns":3},{"damage":0,"enemies":"Looter","floor":14,"turns":2},{"damage":38,"enemies":"The Guardian","floor":16,"turns":8},{"damage":20,"enemies":"2 Thieves","floor":18,"turns":3},{"damage":12,"enemies":"Shell Parasite","floor":19,"turns":3},{"damage":26,"enemies":"Centurion and Healer","floor":20,"turns":4},{"damage":16,"enemies":"Snake Plant","floor":22,"turns":2},{"damage":14,"enemies":"Slavers","floor":23,"turns":1}],"seed_played":"-6874741330210131353","potions_obtained":[{"floor":5,"key":"Fire Potion"},{"floor":16,"key":"Swift Potion"},{"floor":19,"key":"SteroidPotion"}],"is_trial":false,"path_per_floor":["M","$","?","M","M","R","$","?","T","M","R","M","?","M","R","B",null,"M","M","M","$","M","E"],"character_chosen":"DEFECT","items_purchased":["Static Discharge"],"campfire_rested":0,"item_purchase_floors":[7],"current_hp_per_floor":[74,74,74,67,66,66,66,66,66,66,66,57,60,60,60,22,85,65,53,27,27,11,0],"gold":182,"neow_bonus":"THREE_RARE_CARDS","is_prod":false,"is_daily":false,"chose_seed":false,"campfire_upgraded":3,"win_rate":0.0,"timestamp":1550401148,"path_taken":["M","?","?","M","M","R","$","?","T","M","R","M","?","M","R","BOSS","M","M","M","$","M","E"],"build_version":"2019-01-23","purchased_purges":1,"victory":false,"max_hp_per_floor":[75,75,75,75,75,75,75,75,75,75,75,75,85,85,85,85,85,85,85,85,85,85,85],"card_choices":[{"not_picked":["All For One","Core Surge"],"picked":"Electrodynamics","floor":0},{"not_picked":["Rebound","Conserve Battery"],"picked":"Beam Cell","floor":1},{"not_picked":["Barrage","Streamline"],"picked":"Beam Cell","floor":4},{"not_picked":["Turbo","Hello World","Steam"],"picked":"SKIP","floor":5},{"not_picked":["Conserve Battery","Cold Snap","Auto Shields"],"picked":"SKIP","floor":10},{"not_picked":["Turbo","Hologram","Rainbow"],"picked":"SKIP","floor":12},{"not_picked":["Compile Driver","BootSequence","Chill"],"picked":"SKIP","floor":14},{"not_picked":["Machine Learning","Rainbow"],"picked":"Biased Cognition","floor":16},{"not_picked":["Hologram","Barrage"],"picked":"Gash+1","floor":18},{"not_picked":["Conserve Battery","Go for the Eyes","Ball Lightning"],"picked":"SKIP","floor":19},{"not_picked":["Go for the Eyes","Undo","Darkness"],"picked":"SKIP","floor":20},{"not_picked":["Conserve Battery+1","Melter","Doom and Gloom+1"],"picked":"SKIP","floor":22}],"player_experience":178632,"relics_obtained":[{"floor":9,"key":"Juzu Bracelet"}],"event_choices":[{"damage_healed":0,"gold_gain":0,"player_choice":"Ignored","damage_taken":0,"max_hp_gain":0,"max_hp_loss":0,"event_name":"Liars Game","floor":3,"gold_loss":0},{"cards_removed":["Strike_B"],"damage_healed":0,"gold_gain":0,"player_choice":"Offered Basic","damage_taken":0,"max_hp_gain":0,"max_hp_loss":0,"event_name":"Bonfire Elementals","floor":8,"gold_loss":0},{"damage_healed":0,"gold_gain":0,"player_choice":"Success","damage_taken":7,"relics_obtained":["Pear"],"max_hp_gain":0,"max_hp_loss":0,"event_name":"Scrap Ooze","floor":13,"gold_loss":0}],"is_beta":false,"boss_relics":[{"not_picked":["Snecko Eye","Orrery"],"picked":"Nuclear Battery"}],"items_purged_floors":[21],"is_endless":false,"potions_floor_spawned":[5,16,19,22],"killed_by":"Slavers","ascension_level":0}