{"gold_per_floor":[197,134,134,150,163,163,113,143,219,236,81,81,35,35,35,107,107,124,124,138,138,158,158,158,172,199,199],"floor_reached":27,"playtime":1042,"items_purged":["Defend_R"],"score":348,"play_id":"c8275a76-42d3-4087-8bb8-dff66b46bb5f","local_time":"20190504152436","is_ascension_mode":true,"campfire_choices":[{"data":"Whirlwind","floor":6,"key":"SMITH"},{"data":"Thunderclap","floor":12,"key":"SMITH"},{"data":"Bash","floor":15,"key":"SMITH"},{"floor":23,"key":"REST"}],"neow_cost":"NONE","seed_source_timestamp":12708723330000,"circlet_count":0,"master_deck":["AscendersBane","Strike_R","Strike_R","Strike_R","Strike_R","Defend_R","Defend_R","Bash+1","ReplayTheSpireMod:Stacked","Flame Barrier","Whirlwind+1","Thunderclap+1","Sword Boomerang","Barricade+1","ReplayTheSpireMod:Limb From Limb+1","Whirlwind+1"],"relics":["Burning Blood","MawBank","Centennial Puzzle","Frozen Egg 2","Vajra","aspiration:FutureDiary","Pen Nib"],"potions_floor_usage":[8,8],"damage_taken":[{"damage":6,"enemies":"Jaw Worm","floor":1,"turns":5},{"damage":10,"enemies":"Small Slimes","floor":4,"turns":4},{"damage":1,"enemies":"2 Louse","floor":5,"turns":3},{"damage":11,"enemies":"Lagavulin","floor":8,"turns":5},{"damage":1,"enemies":"2 Fungi Beasts","floor":10,"turns":2},{"damage":61,"enemies":"The Guardian","floor":16,"turns":15},{"damage":7,"enemies":"Chosen","floor":18,"turns":4},{"damage":30,"enemies":"3 Byrds","floor":20,"turns":3},{"damage":18,"enemies":"3 Cultists","floor":22,"turns":4},{"damage":19,"enemies":"Snake Plant","floor":25,"turns":3},{"damage":27,"enemies":"Sentry and Sphere","floor":27,"turns":3}],"seed_played":"-7915024821635985606","potions_obtained":[{"floor":4,"key":"Poison Potion"},{"floor":5,"key":"Poison Potion"},{"floor":16,"key":"Poison Potion"},{"floor":18,"key":"Toxic Potion"},{"floor":22,"key":"PowerPotion"}],"is_trial":false,"path_per_floor":["M","$","?","M","M","R","?","E","T","M","$","R","$","?","R","B",null,"M","?","M","?","M","R","?","M","T","M"],"character_chosen":"IRONCLAD","items_purchased":["Vajra","Sword Boomerang"],"campfire_rested":1,"item_purchase_floors":[11,13],"current_hp_per_floor":[72,72,72,68,73,73,73,68,68,73,73,73,73,73,73,18,65,64,64,40,25,13,38,38,25,25,0],"gold":199,"neow_bonus":"RANDOM_COMMON_RELIC","is_prod":false,"is_daily":false,"chose_seed":false,"campfire_upgraded":3,"win_rate":0,"timestamp":1557008676,"path_taken":["M","$","?","M","M","R","?","E","T","M","$","R","$","?","R","BOSS","M","?","M","?","M","R","?","?","T","M"],"build_version":"2019-01-23","purchased_purges":1,"victory":false,"max_hp_per_floor":[80,80,80,80,80,80,80,80,80,80,80,80,80,80,80,80,80,80,80,80,85,85,85,85,85,85,85],"card_choices":[{"not_picked":["Warcry","Thunderclap"],"picked":"ReplayTheSpireMod:Stacked","floor":1},{"not_picked":["Wild Strike","Havoc"],"picked":"Flame Barrier","floor":4},{"not_picked":["Body Slam","Defy Death"],"picked":"Whirlwind","floor":5},{"not_picked":["Heavy Blade","Replay:Undeath\u0027s Touch"],"picked":"Thunderclap","floor":8},{"not_picked":["Bludgeon","Armaments","Headbutt"],"picked":"SKIP","floor":10},{"not_picked":["Replay:Many Hands","Juggernaut+1"],"picked":"Barricade+1","floor":16},{"not_picked":["Havoc","Flex"],"picked":"ReplayTheSpireMod:Limb From Limb+1","floor":18},{"not_picked":["Dual Wield","Spot Weakness","Thunderclap"],"picked":"SKIP","floor":20},{"not_picked":["Fire Breathing+1","Evolve+1","Double Tap"],"picked":"SKIP","floor":22},{"not_picked":["ReplayTheSpireMod:Limb From Limb","Headbutt","Power Through+1"],"picked":"SKIP","floor":25}],"player_experience":366844,"relics_obtained":[{"floor":8,"key":"Centennial Puzzle"},{"floor":9,"key":"Frozen Egg 2"},{"floor":26,"key":"Pen Nib"}],"event_choices":[{"cards_removed":["Defend_R"],"damage_healed":0,"gold_gain":0,"player_choice":"Card Removal","damage_taken":0,"max_hp_gain":0,"max_hp_loss":0,"event_name":"The Cleric","floor":7,"gold_loss":50},{"damage_healed":0,"gold_gain":0,"player_choice":"Ignored","damage_taken":0,"max_hp_gain":0,"max_hp_loss":0,"event_name":"Vampires","floor":19,"gold_loss":0},{"damage_healed":0,"gold_gain":0,"player_choice":"Shed Blood","damage_taken":20,"max_hp_gain":5,"max_hp_loss":0,"event_name":"Forgotten Altar","floor":21,"gold_loss":0},{"damage_healed":0,"gold_gain":0,"player_choice":"Copied","damage_taken":0,"max_hp_gain":0,"max_hp_loss":0,"event_name":"Duplicator","floor":24,"gold_loss":0,"cards_obtained":["Whirlwind"]}],"is_beta":false,"boss_relics":[{"not_picked":["Empty Cage","Sozu"],"picked":"aspiration:FutureDiary"}],"items_purged_floors":[2],"is_endless":false,"potions_floor_spawned":[4,5,16,18,22],"killed_by":"Sentry and Sphere","ascension_level":13}