{"gold_per_floor":[99,99,99,99,31,31,31,31,31,31,31,31,1,1,1,1,1,1,0,0,0,0,0,0,0,0,0],"floor_reached":27,"playtime":1075,"items_purged":[],"score":294,"play_id":"39ed8a7a-be84-43d7-bb83-ab2c6f049246","local_time":"20190319073728","is_ascension_mode":true,"campfire_choices":[{"floor":7,"key":"REST"},{"floor":11,"key":"REST"},{"floor":15,"key":"REST"},{"floor":25,"key":"REST"}],"neow_cost":"NONE","seed_source_timestamp":198671104042503,"circlet_count":0,"master_deck":["Defend_G","Defend_G","Defend_G","Defend_G","Defend_G","Strike_G","Strike_G","Strike_G","Strike_G","Strike_G","Survivor","Neutralize","PiercingWail","Bouncing Flask","Footwork","Footwork","Corpse Explosion","Poisoned Stab","After Image","Cloak And Dagger","Poisoned Stab+1","Dash","Glass Knife+1"],"relics":["Ectoplasm","Snake Skull","Boot","Happy Flower","Velvet Choker","CultistMask","Molten Egg 2","Ornamental Fan"],"potions_floor_usage":[6,6,10,16,23,23,23,27],"damage_taken":[{"damage":0,"enemies":"Cultist","floor":1,"turns":4},{"damage":7,"enemies":"Jaw Worm","floor":3,"turns":5},{"damage":2,"enemies":"2 Louse","floor":4,"turns":3},{"damage":30,"enemies":"3 Sentries","floor":6,"turns":10},{"damage":0,"enemies":"2 Fungi Beasts","floor":8,"turns":4},{"damage":18,"enemies":"Gremlin Gang","floor":10,"turns":5},{"damage":11,"enemies":"Lagavulin","floor":12,"turns":7},{"damage":6,"enemies":"Looter","floor":13,"turns":3},{"damage":17,"enemies":"The Guardian","floor":16,"turns":8},{"damage":10,"enemies":"3 Byrds","floor":18,"turns":3},{"damage":8,"enemies":"Spheric Guardian","floor":20,"turns":4},{"damage":0,"enemies":"Snake Plant","floor":22,"turns":3},{"damage":9,"enemies":"Book of Stabbing","floor":23,"turns":5},{"damage":14,"enemies":"Shelled Parasite and Fungi","floor":24,"turns":6},{"damage":59,"enemies":"Gremlin Leader","floor":27,"turns":6}],"seed_played":"-5944061293045190891","potions_obtained":[{"floor":3,"key":"Poison Potion"},{"floor":4,"key":"Weak Potion"},{"floor":6,"key":"Regen Potion"},{"floor":13,"key":"Explosive Potion"},{"floor":20,"key":"AttackPotion"},{"floor":22,"key":"EntropicBrew"}],"is_trial":false,"path_per_floor":["M","?","M","M","$","E","R","M","T","M","R","E","M","?","R","B",null,"M","?","M","?","M","E","M","R","T","E"],"character_chosen":"THE_SILENT","items_purchased":["Footwork"],"campfire_rested":4,"item_purchase_floors":[5],"current_hp_per_floor":[70,59,52,50,50,20,41,41,41,38,59,48,42,47,69,52,75,65,65,57,57,57,48,34,56,56,0],"gold":0,"neow_bonus":"BOSS_RELIC","is_prod":false,"is_daily":false,"chose_seed":false,"campfire_upgraded":0,"win_rate":0,"timestamp":1552995448,"path_taken":["M","?","M","M","$","E","R","M","T","M","R","E","M","?","R","BOSS","M","?","M","?","M","E","M","R","T","E"],"build_version":"2019-01-23","purchased_purges":0,"victory":false,"max_hp_per_floor":[70,70,70,70,70,70,70,70,70,70,70,70,70,75,75,75,75,75,75,75,75,75,75,75,75,75,75],"card_choices":[{"not_picked":["Dodge and Roll","Eviscerate","Setup"],"picked":"SKIP","floor":1},{"not_picked":["Calculated Gamble","Flechettes"],"picked":"PiercingWail","floor":3},{"not_picked":["Predator","Accuracy"],"picked":"Bouncing Flask","floor":4},{"not_picked":["Acrobatics","Quick Slash","PiercingWail"],"picked":"SKIP","floor":6},{"not_picked":["Dagger Throw","Deflect"],"picked":"Footwork","floor":8},{"not_picked":["Predator","Calculated Gamble","Choke"],"picked":"SKIP","floor":10},{"not_picked":["Backflip","Riddle With Holes"],"picked":"Corpse Explosion","floor":12},{"not_picked":["Deadly Poison","Underhanded Strike"],"picked":"Poisoned Stab","floor":13},{"not_picked":["Phantasmal Killer","Burst"],"picked":"After Image","floor":16},{"not_picked":["Dagger Throw","Distraction"],"picked":"Cloak And Dagger","floor":18},{"not_picked":["Dagger Throw","Sucker Punch"],"picked":"Poisoned Stab+1","floor":20},{"not_picked":["Acrobatics","Predator"],"picked":"Dash","floor":22},{"not_picked":["Dagger Spray","Cloak And Dagger+1","Infinite Blades"],"picked":"SKIP","floor":23},{"not_picked":["Finisher+1","Dodge and Roll+1"],"picked":"Glass Knife+1","floor":24}],"player_experience":268252,"relics_obtained":[{"floor":6,"key":"Snake Skull"},{"floor":9,"key":"Boot"},{"floor":12,"key":"Happy Flower"},{"floor":23,"key":"Molten Egg 2"},{"floor":26,"key":"Ornamental Fan"}],"event_choices":[{"damage_healed":0,"gold_gain":75,"player_choice":"Gather Gold","damage_taken":11,"max_hp_gain":0,"max_hp_loss":0,"event_name":"World of Goop","floor":2,"gold_loss":0},{"damage_healed":0,"gold_gain":0,"player_choice":"Donut","damage_taken":0,"max_hp_gain":5,"max_hp_loss":0,"event_name":"Big Fish","floor":14,"gold_loss":0},{"damage_healed":0,"gold_gain":0,"player_choice":"Paid Fearfully","damage_taken":0,"max_hp_gain":0,"max_hp_loss":0,"event_name":"Masked Bandits","floor":19,"gold_loss":1},{"damage_healed":0,"gold_gain":0,"player_choice":"Trade","damage_taken":0,"relics_obtained":["CultistMask"],"max_hp_gain":0,"max_hp_loss":0,"event_name":"FaceTrader","floor":21,"gold_loss":0}],"is_beta":false,"boss_relics":[{"not_picked":["Fusion Hammer","Philosopher\u0027s Stone"],"picked":"Velvet Choker"}],"items_purged_floors":[],"is_endless":false,"potions_floor_spawned":[3,4,6,13,20,22],"killed_by":"Gremlin Leader","ascension_level":4}