{"gold_per_floor":[109,34,109,123,141,141,91,91,91,91,102,116,116,16,16,114,114,128,128,128,128,144,144,177,191,262,279,127,143,143,160,160,255,255,255],"floor_reached":35,"playtime":1191,"items_purged":["Strike_R","Strike_R"],"score":495,"play_id":"17a698f1-a365-4954-b5b6-09caecc8ee2b","local_time":"20190428204548","is_ascension_mode":true,"campfire_choices":[{"data":"Dual Wield","floor":6.0,"key":"SMITH"},{"data":"Rage","floor":8.0,"key":"SMITH"},{"data":"Clash","floor":10.0,"key":"SMITH"},{"data":"Evolve","floor":15.0,"key":"SMITH"},{"data":"Double Tap","floor":23.0,"key":"SMITH"},{"data":"Sever Soul","floor":30,"key":"SMITH"},{"data":"Bash","floor":32,"key":"SMITH"}],"neow_cost":"NONE","seed_source_timestamp":0,"circlet_count":0,"master_deck":["Bash+1","Sever Soul+1","Clash+1","Dual Wield+1","Rage+1","Evolve+1","Double Tap+1"],"special_seed":0,"relics":["Burning Blood","Darkstone Periapt","Pandora\u0027s Box","MutagenicStrength","Enchiridion","Charon\u0027s Ashes","Bottled Tornado","Omamori","Orrery"],"potions_floor_usage":[33,33],"damage_taken":[{"damage":3.0,"enemies":"Small Slimes","floor":1.0,"turns":3.0},{"damage":2.0,"enemies":"2 Louse","floor":4.0,"turns":3.0},{"damage":4.0,"enemies":"Jaw Worm","floor":5.0,"turns":3.0},{"damage":0.0,"enemies":"Large Slime","floor":11.0,"turns":6.0},{"damage":0.0,"enemies":"Exordium Wildlife","floor":12.0,"turns":2.0},{"damage":45.0,"enemies":"Hexaghost","floor":16.0,"turns":7.0},{"damage":2.0,"enemies":"3 Byrds","floor":18.0,"turns":4.0},{"damage":1.0,"enemies":"2 Thieves","floor":22.0,"turns":2.0},{"damage":11,"enemies":"Book of Stabbing","floor":24,"turns":3},{"damage":0,"enemies":"Snake Plant","floor":25,"turns":1},{"damage":0,"enemies":"Centurion and Healer","floor":27,"turns":3},{"damage":5,"enemies":"Snecko","floor":29,"turns":3},{"damage":19,"enemies":"Shelled Parasite and Fungi","floor":31,"turns":2},{"damage":40,"enemies":"Champ","floor":33,"turns":5},{"damage":0,"enemies":"3 Shapes","floor":35,"turns":1}],"seed_played":"6387052890197077908","potions_obtained":[{"floor":4.0,"key":"Dexterity Potion"},{"floor":11.0,"key":"GamblersBrew"},{"floor":22.0,"key":"Strength Potion"},{"floor":27,"key":"Explosive Potion"},{"floor":33,"key":"PowerPotion"}],"is_trial":false,"path_per_floor":["M","$","?","M","M","R","?","R","T","R","M","M","?","$","R","B",null,"M","?","?","?","M","R","E","M","T","M","$","M","R","M","R","B",null,"M"],"character_chosen":"IRONCLAD","items_purchased":["Omamori"],"campfire_rested":0,"item_purchase_floors":[28],"current_hp_per_floor":[75,75,64,68,70,70,70,70,70,70,76,80,85,85,85,46,75,79,79,79,63,68,68,63,69,69,75,75,76,76,63,63,29,71,71],"gold":255,"neow_bonus":"TRANSFORM_CARD","is_prod":false,"is_daily":false,"chose_seed":false,"campfire_upgraded":7,"win_rate":0,"timestamp":1556509548,"path_taken":["M","$","?","M","M","R","?","R","T","R","M","M","?","$","R","BOSS","M","?","?","?","M","R","E","M","T","M","$","?","R","?","R","BOSS","M"],"build_version":"2019-01-23","purchased_purges":2,"victory":false,"max_hp_per_floor":[80,80,80,80,80,80,80,80,80,80,80,80,85,85,85,85,85,85,85,85,85,85,85,85,85,85,85,85,85,85,85,85,85,85,85],"card_choices":[{"not_picked":["Headbutt","Sever Soul"],"picked":"Clash","floor":1.0},{"not_picked":["Anger","Sword Boomerang"],"picked":"Dual Wield","floor":4.0},{"not_picked":["Headbutt","Blood for Blood"],"picked":"Rage","floor":5.0},{"not_picked":["Warcry","Iron Wave","Pommel Strike"],"picked":"SKIP","floor":11.0},{"not_picked":["Second Wind","Anger"],"picked":"Evolve","floor":12.0},{"not_picked":["Exhume","Bludgeon"],"picked":"Double Tap","floor":16.0},{"not_picked":["Shrug It Off","Dropkick","Cleave"],"picked":"SKIP","floor":18.0},{"not_picked":["Spot Weakness","Shrug It Off","Anger"],"picked":"SKIP","floor":22.0},{"not_picked":["Sever Soul","Body Slam+1","Inflame"],"picked":"SKIP","floor":24},{"not_picked":["Sword Boomerang","Wild Strike+1","Disarm"],"picked":"SKIP","floor":25},{"not_picked":["Heavy Blade","Havoc","Pommel Strike"],"picked":"SKIP","floor":27},{"not_picked":["Thunderclap","Disarm+1","Body Slam"],"picked":"SKIP","floor":29},{"not_picked":["Shrug It Off+1","Second Wind","Body Slam"],"picked":"SKIP","floor":31}],"player_experience":319485,"relics_obtained":[{"floor":9.0,"key":"Darkstone Periapt"},{"floor":21.0,"key":"Enchiridion"},{"floor":24,"key":"Charon\u0027s Ashes"},{"floor":26,"key":"Bottled Tornado"}],"event_choices":[{"damage_healed":0.0,"max_hp_gain":0.0,"max_hp_loss":0.0,"gold_gain":75.0,"event_name":"World of Goop","player_choice":"Gather Gold","floor":3.0,"gold_loss":0.0,"damage_taken":11.0},{"cards_removed":["Strike_R"],"damage_healed":0.0,"max_hp_gain":0.0,"max_hp_loss":0.0,"gold_gain":0.0,"event_name":"The Cleric","player_choice":"Card Removal","floor":7.0,"gold_loss":50.0,"damage_taken":0.0},{"damage_healed":0.0,"max_hp_gain":5.0,"max_hp_loss":0.0,"gold_gain":0.0,"event_name":"Big Fish","player_choice":"Donut","floor":13.0,"gold_loss":0.0,"damage_taken":0.0},{"damage_healed":0.0,"max_hp_gain":0.0,"max_hp_loss":0.0,"gold_gain":0.0,"event_name":"Ghosts","player_choice":"Ignored","floor":19.0,"gold_loss":0.0,"damage_taken":0.0},{"damage_healed":0.0,"max_hp_gain":0.0,"max_hp_loss":0.0,"gold_gain":0.0,"event_name":"Drug Dealer","player_choice":"Inject Mutagens","floor":20.0,"gold_loss":0.0,"damage_taken":0.0,"relics_obtained":["MutagenicStrength"]},{"damage_healed":0.0,"max_hp_gain":0.0,"max_hp_loss":0.0,"gold_gain":0.0,"event_name":"Cursed Tome","player_choice":"Obtained Book","floor":21.0,"gold_loss":0.0,"damage_taken":16.0}],"is_beta":false,"boss_relics":[{"not_picked":["Eternal Feather","Astrolabe"],"picked":"Pandora\u0027s Box"},{"not_picked":["Empty Cage","Lizard Tail"],"picked":"Orrery"}],"items_purged_floors":[2,14],"is_endless":false,"potions_floor_spawned":[4,11,22,27,29,33],"killed_by":"3 Shapes","ascension_level":7}