{"gold_per_floor":[111,111,111,127,147,147,159,181,181,256,266,266,278,288,288,390,390,402,374,299,299,67,67],"floor_reached":23,"playtime":2526,"items_purged":["Strike_G"],"score":192,"play_id":"8c2aa1e4-ec90-454d-9e1d-d454c4f97065","local_time":"20190205215245","is_ascension_mode":true,"campfire_choices":[{"data":"Outmaneuver","floor":6,"key":"SMITH"},{"data":"Footwork","floor":12,"key":"SMITH"},{"data":"Terror","floor":15,"key":"SMITH"}],"neow_cost":"NONE","seed_source_timestamp":244918346818829,"circlet_count":0,"master_deck":["Defend_G","Defend_G","Defend_G","Defend_G","Defend_G","Strike_G","Strike_G","Survivor","Neutralize","Prepared","Underhanded Strike","Infinite Blades","Outmaneuver+1","Terror+1","Footwork+1","Backflip","Flying Knee","Adrenaline","Tools of the Trade","Quick Slash+1","Flying Knee+1"],"relics":["Ring of the Snake","Odd Mushroom","Meat on the Bone","Sozu","Oddly Smooth Stone"],"potions_floor_usage":[7,16,16,23],"damage_taken":[{"damage":0,"enemies":"Jaw Worm","floor":1,"turns":6},{"damage":0,"enemies":"Small Slimes","floor":4,"turns":4},{"damage":0,"enemies":"2 Louse","floor":5,"turns":4},{"damage":4,"enemies":"Exordium Wildlife","floor":7,"turns":6},{"damage":21,"enemies":"The Mushroom Lair","floor":8,"turns":7},{"damage":2,"enemies":"Blue Slaver","floor":11,"turns":6},{"damage":0,"enemies":"2 Fungi Beasts","floor":13,"turns":5},{"damage":3,"enemies":"3 Louse","floor":14,"turns":8},{"damage":33,"enemies":"Slime Boss","floor":16,"turns":20},{"damage":6,"enemies":"Spheric Guardian","floor":18,"turns":8},{"damage":12,"enemies":"2 Thieves","floor":19,"turns":5},{"damage":60,"enemies":"Gremlin Leader","floor":23,"turns":8}],"seed_played":"951275124767605893","potions_obtained":[{"floor":5,"key":"SkillPotion"},{"floor":11,"key":"Dexterity Potion"},{"floor":14,"key":"AttackPotion"},{"floor":16,"key":"Block Potion"}],"is_trial":false,"path_per_floor":["M","?","?","M","M","R","M","?","T","?","M","R","M","M","R","B",null,"M","M","?","?","$","E"],"character_chosen":"THE_SILENT","items_purchased":["Oddly Smooth Stone"],"campfire_rested":0,"item_purchase_floors":[22],"current_hp_per_floor":[70,70,75,75,75,75,71,50,50,39,49,49,49,46,46,25,75,69,57,57,57,57,0],"gold":67,"neow_bonus":"THREE_CARDS","is_prod":false,"is_daily":false,"chose_seed":false,"campfire_upgraded":3,"win_rate":0,"timestamp":1549432365,"path_taken":["M","?","?","M","M","R","M","?","T","?","M","R","M","M","R","BOSS","M","M","?","?","$","E"],"build_version":"2019-01-23","purchased_purges":1,"victory":false,"max_hp_per_floor":[70,70,75,75,75,75,75,75,75,75,75,75,75,75,75,75,75,75,75,75,75,75,75],"card_choices":[{"not_picked":["Acrobatics","Underhanded Strike"],"picked":"Prepared","floor":0},{"not_picked":["All Out Attack","Dagger Spray"],"picked":"Underhanded Strike","floor":1},{"not_picked":["Dagger Spray","Backflip"],"picked":"Infinite Blades","floor":4},{"not_picked":["Deadly Poison","Caltrops"],"picked":"Outmaneuver","floor":5},{"not_picked":["Poisoned Stab","Dagger Spray"],"picked":"Terror","floor":7},{"not_picked":["Flying Knee","Underhanded Strike"],"picked":"Footwork","floor":8},{"not_picked":["Phantasmal Killer","Prepared"],"picked":"Backflip","floor":11},{"not_picked":["Predator","All Out Attack"],"picked":"Flying Knee","floor":13},{"not_picked":["Poisoned Stab","Sucker Punch"],"picked":"Adrenaline","floor":14},{"not_picked":["Night Terror","Die Die Die"],"picked":"Tools of the Trade","floor":16},{"not_picked":["Deflect","Bouncing Flask+1"],"picked":"Quick Slash+1","floor":18},{"not_picked":["Footwork","Catalyst"],"picked":"Flying Knee+1","floor":19}],"player_experience":25713,"relics_obtained":[{"floor":8,"key":"Odd Mushroom"},{"floor":9,"key":"Meat on the Bone"}],"event_choices":[{"cards_removed":["Strike_G"],"damage_healed":0,"gold_gain":0,"player_choice":"Forget","damage_taken":0,"max_hp_gain":0,"max_hp_loss":0,"event_name":"Living Wall","floor":2,"gold_loss":0},{"damage_healed":0,"gold_gain":0,"player_choice":"Donut","damage_taken":0,"max_hp_gain":5,"max_hp_loss":0,"event_name":"Big Fish","floor":3,"gold_loss":0},{"damage_healed":0,"gold_gain":0,"player_choice":"Fought Mushrooms","damage_taken":0,"max_hp_gain":0,"max_hp_loss":0,"event_name":"Mushrooms","floor":8,"gold_loss":0},{"damage_healed":0,"gold_gain":75,"player_choice":"Gather Gold","damage_taken":11,"max_hp_gain":0,"max_hp_loss":0,"event_name":"World of Goop","floor":10,"gold_loss":0},{"cards_removed":["Strike_G"],"damage_healed":0,"gold_gain":0,"player_choice":"Gave Gold","damage_taken":0,"max_hp_gain":0,"max_hp_loss":0,"event_name":"Beggar","floor":20,"gold_loss":75},{"damage_healed":0,"gold_gain":0,"player_choice":"Ignored","damage_taken":0,"max_hp_gain":0,"max_hp_loss":0,"event_name":"Vampires","floor":21,"gold_loss":0}],"is_beta":false,"boss_relics":[{"not_picked":["Coffee Dripper","Tiny House"],"picked":"Sozu"}],"items_purged_floors":[22],"is_endless":false,"potions_floor_spawned":[5,11,14,16,19],"killed_by":"Gremlin Leader","ascension_level":1}