{"gold_per_floor":[115,65,65,18,37,68,84,84,84,119,119,134,153,153],"floor_reached":14,"playtime":495,"items_purged":[],"score":120,"play_id":"e9a7ed1c-9fd2-4154-8da5-f97c1abd421c","local_time":"20190411153129","is_ascension_mode":true,"campfire_choices":[{"floor":8,"key":"REST"},{"floor":11,"key":"REST"}],"neow_cost":"NONE","seed_source_timestamp":369276909406284,"circlet_count":0,"master_deck":["Defend_G","Defend_G","Defend_G","Defend_G","Defend_G","Strike_G","Strike_G","Strike_G","Strike_G","Survivor","Neutralize","Cloak And Dagger","A Thousand Cuts","Well Laid Plans"],"relics":["Ring of the Snake","Bottled Lightning","PreservedInsect","Pen Nib"],"potions_floor_usage":[],"damage_taken":[{"damage":0,"enemies":"2 Louse","floor":1,"turns":5},{"damage":0,"enemies":"Jaw Worm","floor":5,"turns":6},{"damage":48,"enemies":"Gremlin Nob","floor":6,"turns":6},{"damage":2,"enemies":"Cultist","floor":7,"turns":5},{"damage":22,"enemies":"3 Sentries","floor":10,"turns":9},{"damage":6,"enemies":"Looter","floor":12,"turns":4},{"damage":6,"enemies":"Large Slime","floor":13,"turns":8}],"seed_played":"5476069168831411180","potions_obtained":[{"floor":7,"key":"Ancient Potion"},{"floor":13,"key":"SkillPotion"}],"is_trial":false,"path_per_floor":["M","$","?","?","M","E","M","R","T","E","R","M","M","?"],"character_chosen":"THE_SILENT","items_purchased":["Cloak And Dagger"],"campfire_rested":2,"item_purchase_floors":[2],"current_hp_per_floor":[77,77,77,77,77,29,27,50,50,28,51,45,39,0],"gold":153,"neow_bonus":"TEN_PERCENT_HP_BONUS","is_prod":false,"is_daily":false,"chose_seed":false,"campfire_upgraded":0,"win_rate":0,"timestamp":1555011089,"path_taken":["M","$","?","?","M","E","M","R","T","E","R","M","M","?"],"build_version":"2019-01-23","purchased_purges":0,"victory":false,"max_hp_per_floor":[77,77,77,77,77,77,77,77,77,77,77,77,77,77],"card_choices":[{"not_picked":["Deflect","Backflip","Expertise"],"picked":"SKIP","floor":1},{"not_picked":["Footwork","Dodge and Roll"],"picked":"Well Laid Plans","floor":5},{"not_picked":["Setup","Backflip","Blade Dance"],"picked":"SKIP","floor":6},{"not_picked":["Masterful Stab","PiercingWail","Slice"],"picked":"SKIP","floor":7},{"not_picked":["Underhanded Strike","Dagger Throw","Endless Agony"],"picked":"SKIP","floor":10},{"not_picked":["Masterful Stab","Night Terror","Acrobatics"],"picked":"SKIP","floor":12},{"not_picked":["Prepared","Flying Knee","Calculated Gamble"],"picked":"SKIP","floor":13}],"player_experience":303687,"relics_obtained":[{"floor":6,"key":"Bottled Lightning"},{"floor":9,"key":"PreservedInsect"},{"floor":10,"key":"Pen Nib"}],"event_choices":[{"damage_healed":0,"gold_gain":0,"cards_transformed":["Strike_G"],"player_choice":"Change","damage_taken":0,"max_hp_gain":0,"max_hp_loss":0,"event_name":"Living Wall","floor":3,"gold_loss":0,"cards_obtained":["A Thousand Cuts"]},{"damage_healed":0,"gold_gain":0,"player_choice":"Left Gold","damage_taken":0,"max_hp_gain":0,"max_hp_loss":0,"event_name":"World of Goop","floor":4,"gold_loss":47}],"is_beta":false,"boss_relics":[],"items_purged_floors":[],"is_endless":false,"potions_floor_spawned":[7,13],"ascension_level":4}