{"gold_per_floor":[118,136,86,86,48,48,68,68,68,68,86,101,65,76,76,171,171,189,189,205,215,18,18,28,47,47,47,75,75,75,25,25,126,126,141,141,157,86,86,86,16,16,43,55,67,81,115,18,18,18],"floor_reached":51,"playtime":3961,"items_purged":[],"score":804,"play_id":"c04bc285-2e0f-4a6c-bfe4-87cc30d77d1f","local_time":"20180720193138","is_ascension_mode":true,"campfire_choices":[{"data":"Armaments","floor":6.0,"key":"SMITH"},{"data":"Whirlwind","floor":8.0,"key":"SMITH"},{"data":"Inflame","floor":10.0,"key":"SMITH"},{"data":"Heavy Blade","floor":15.0,"key":"SMITH"},{"data":"Enlightenment","floor":23.0,"key":"SMITH"},{"floor":30.0,"key":"REST"},{"floor":32.0,"key":"REST"},{"data":"Barricade","floor":40.0,"key":"SMITH"},{"data":"Exhume","floor":42.0,"key":"SMITH"},{"data":"Body Slam","floor":49,"key":"SMITH"}],"neow_cost":"NONE","seed_source_timestamp":0,"circlet_count":0,"master_deck":["Defend_R","Defend_R","Defend_R","Defend_R","Armaments+1","Whirlwind+1","Inflame+1","Heavy Blade+1","Spot Weakness","Metallicize","Flex","Barricade+1","Disarm","Enlightenment+1","Bite","Bite","Bite","Bite","Body Slam+1","Impervious","Exhume+1","Finesse","Uppercut","Iron Wave+1","Headbutt","Shockwave"],"special_seed":0,"relics":["Burning Blood","Odd Mushroom","Singing Bowl","Busted Crown","Kunai","Omamori","Thread and Needle","Sozu","Bag of Preparation","The Courier"],"potions_floor_usage":[],"damage_taken":[{"damage":8.0,"enemies":"2 Louse","floor":1.0,"turns":4.0},{"damage":0.0,"enemies":"Small Slimes","floor":2.0,"turns":3.0},{"damage":16.0,"floor":7.0,"turns":4.0},{"damage":0.0,"enemies":"Jaw Worm","floor":11.0,"turns":5.0},{"damage":2.0,"enemies":"Exordium Wildlife","floor":12.0,"turns":3.0},{"damage":5.0,"enemies":"Lots of Slimes","floor":14.0,"turns":2.0},{"damage":47.0,"enemies":"The Guardian","floor":16.0,"turns":10.0},{"damage":7.0,"enemies":"Chosen","floor":18.0,"turns":7.0},{"damage":6.0,"enemies":"3 Byrds","floor":20.0,"turns":3.0},{"damage":24.0,"enemies":"Centurion and Healer","floor":21.0,"turns":7.0},{"damage":23.0,"enemies":"Cultist and Chosen","floor":24.0,"turns":7.0},{"damage":46.0,"enemies":"Slaver and Parasite","floor":25.0,"turns":5.0},{"damage":32.0,"enemies":"Book of Stabbing","floor":28.0,"turns":7.0},{"damage":76.0,"enemies":"Collector","floor":33.0,"turns":11.0},{"damage":4.0,"enemies":"3 Shapes","floor":35.0,"turns":8.0},{"damage":0.0,"enemies":"Flame Bruiser 1 Orb","floor":37.0,"turns":5.0},{"damage":5.0,"enemies":"Transient","floor":44.0,"turns":5.0},{"damage":19,"enemies":"4 Shapes","floor":45,"turns":5},{"damage":32,"enemies":"Spire Growth","floor":46,"turns":5},{"damage":0,"enemies":"Nemesis","floor":47,"turns":11},{"damage":18,"enemies":"Donu and Deca","floor":50,"turns":10}],"seed_played":"-8147343675260188586","potions_obtained":[{"floor":1.0,"key":"SkillPotion"},{"floor":14.0,"key":"Fire Potion"},{"floor":16.0,"key":"Fire Potion"},{"floor":24.0,"key":"SkillPotion"}],"is_trial":false,"path_per_floor":["M","M","?","?","$","R","?","R","T","R","M","M","$","M","R","B",null,"M","?","M","M","$","R","M","M","T","?","E","?","R","$","R","B",null,"M","?","M","$","?","R","$","R","T","M","M","M","E","$","R","B"],"character_chosen":"IRONCLAD","items_purchased":["Whirlwind","Metallicize","Enlightenment","Body Slam","Exhume","Uppercut","Headbutt","Shockwave"],"campfire_rested":2,"item_purchase_floors":[5,13,22,31,38,41,48,48],"current_hp_per_floor":[78,80,80,64,64,64,56,56,56,56,64,70,70,73,73,34,80,81,81,84,66,66,66,53,17,17,17,13,13,40,40,67,17,90,92,92,94,94,94,94,94,94,94,96,86,72,100,100,100,100],"gold":18,"neow_bonus":"RANDOM_COMMON_RELIC","is_prod":false,"is_daily":false,"chose_seed":false,"campfire_upgraded":8,"win_rate":0,"timestamp":1532111498,"path_taken":["M","M","?","?","$","R","?","R","T","R","?","M","$","M","R","BOSS","M","?","M","M","$","R","M","M","T","?","E","?","R","?","R","BOSS","M","?","M","$","?","R","?","R","T","M","M","M","E","$","R","BOSS"],"build_version":"2018-07-12","purchased_purges":0,"victory":true,"max_hp_per_floor":[80,80,80,80,80,80,80,80,80,80,80,80,80,80,80,80,80,82,82,84,84,84,84,86,88,88,88,90,90,90,90,90,90,90,92,92,94,94,94,94,94,94,94,96,96,98,100,100,100,100],"card_choices":[{"not_picked":["Carnage","Second Wind"],"picked":"Armaments","floor":1.0},{"not_picked":["Wild Strike","Twin Strike","Body Slam"],"picked":"SKIP","floor":2.0},{"not_picked":["Flame Barrier","Perfected Strike"],"picked":"Inflame","floor":7.0},{"not_picked":["Warcry","Sentinel"],"picked":"Heavy Blade","floor":11.0},{"not_picked":["Headbutt","Wild Strike"],"picked":"Spot Weakness","floor":12.0},{"not_picked":["Rupture","Iron Wave"],"picked":"Flex","floor":14.0},{"not_picked":["Juggernaut","Offering"],"picked":"Barricade","floor":16.0},{"not_picked":["Cleave"],"picked":"Singing Bowl","floor":18.0},{"not_picked":["Fire Breathing+1"],"picked":"Singing Bowl","floor":20.0},{"not_picked":[],"picked":"Disarm","floor":21.0},{"not_picked":["Warcry+1"],"picked":"Singing Bowl","floor":24.0},{"not_picked":["Fire Breathing+1"],"picked":"Singing Bowl","floor":25.0},{"not_picked":["Cleave+1"],"picked":"Singing Bowl","floor":28.0},{"not_picked":[],"picked":"Impervious","floor":33.0},{"not_picked":["Armaments"],"picked":"Singing Bowl","floor":35.0},{"not_picked":["Sword Boomerang+1"],"picked":"Singing Bowl","floor":37.0},{"not_picked":[],"picked":"Finesse","floor":39.0},{"not_picked":["Anger+1"],"picked":"Singing Bowl","floor":44.0},{"not_picked":[],"picked":"Iron Wave+1","floor":45},{"not_picked":["Rupture"],"picked":"Singing Bowl","floor":46},{"not_picked":["Reckless Charge"],"picked":"Singing Bowl","floor":47}],"player_experience":413151,"relics_obtained":[{"floor":7.0,"key":"Odd Mushroom"},{"floor":9.0,"key":"Singing Bowl"},{"floor":26.0,"key":"Kunai"},{"floor":28.0,"key":"Omamori"},{"floor":43.0,"key":"Bag of Preparation"},{"floor":47,"key":"The Courier"}],"event_choices":[{"event_name":"The Cleric","player_choice":"Card Removal","floor":3.0,"damage_taken":0.0},{"event_name":"Shining Light","player_choice":"Entered Light","floor":4.0,"damage_taken":0.0},{"event_name":"Mushrooms","player_choice":"Fought Mushrooms","floor":7.0,"damage_taken":0.0},{"event_name":"N\u0027loth","player_choice":"Ignored","floor":19.0,"damage_taken":0.0},{"event_name":"Vampires","player_choice":"Became a vampire (Vial)","floor":27.0,"damage_taken":0.0},{"event_name":"The Mausoleum","player_choice":"Yes","floor":29.0,"damage_taken":0.0},{"event_name":"Falling","player_choice":"Removed Attack","floor":36.0,"damage_taken":0.0},{"event_name":"SensoryStone","player_choice":"Memory 1","floor":39.0,"damage_taken":0.0}],"boss_relics":[{"not_picked":["Astrolabe","Black Blood"],"picked":"Busted Crown"},{"not_picked":["Fusion Hammer","Black Star"],"picked":"Sozu"}],"items_purged_floors":[],"is_endless":false,"potions_floor_spawned":[1,14,16,20,24,35,44,45,47],"ascension_level":2}