{"gold_per_floor":[110,18,18,28,44,44,70,90,141,151,151,161,236,251,251,347,347,302],"floor_reached":18,"playtime":1294,"items_purged":[],"score":219,"play_id":"880308f3-62e7-4063-917e-004b3d1819c6","local_time":"20181015183355","is_ascension_mode":true,"campfire_choices":[{"data":"Trip","floor":6.0,"key":"SMITH"},{"floor":11.0,"key":"REST"},{"data":"Phantasmal Killer","floor":15.0,"key":"SMITH"}],"neow_cost":"","seed_source_timestamp":0,"circlet_count":0,"master_deck":["Defend_G","Defend_G","Defend_G","Defend_G","Defend_G","Strike_G","Strike_G","Strike_G","Strike_G","Strike_G","Survivor","Neutralize","Dash","Trip+1","Poisoned Stab","Cloak And Dagger","Footwork","Calculated Gamble","Dagger Spray","Well Laid Plans","Phantasmal Killer+1","Malaise"],"special_seed":0,"relics":["Ring of the Snake","Orichalcum","Odd Mushroom","Lantern","Black Star"],"potions_floor_usage":[],"damage_taken":[{"damage":8.0,"enemies":"Jaw Worm","floor":1.0,"turns":6.0},{"damage":0.0,"enemies":"2 Louse","floor":4.0,"turns":2.0},{"damage":0.0,"enemies":"Cultist","floor":5.0,"turns":3.0},{"damage":11.0,"enemies":"Gremlin Nob","floor":7.0,"turns":3.0},{"damage":10.0,"enemies":"The Mushroom Lair","floor":8.0,"turns":5.0},{"damage":0.0,"enemies":"Exordium Wildlife","floor":10.0,"turns":4.0},{"damage":14.0,"enemies":"Exordium Thugs","floor":12.0,"turns":6.0},{"damage":0.0,"enemies":"Looter","floor":14.0,"turns":4.0},{"damage":32,"enemies":"The Guardian","floor":16,"turns":19},{"damage":6,"enemies":"2 Thieves","floor":18,"turns":2}],"seed_played":"-104622527252479556","potions_obtained":[{"floor":1.0,"key":"AttackPotion"},{"floor":5.0,"key":"Fire Potion"},{"floor":7.0,"key":"Regen Potion"},{"floor":8.0,"key":"Swift Potion"},{"floor":16,"key":"SteroidPotion"}],"is_trial":false,"path_per_floor":["M","$","?","M","M","R","E","?","T","M","R","M","?","M","R","B",null],"character_chosen":"THE_SILENT","items_purchased":["Trip"],"campfire_rested":1,"item_purchase_floors":[2],"current_hp_per_floor":[55,55,55,55,55,55,44,46,46,46,67,53,53,53,53,21,58,52],"gold":302,"neow_bonus":"","is_prod":false,"is_daily":false,"chose_seed":false,"campfire_upgraded":2,"win_rate":0,"timestamp":1539624835,"path_taken":["M","$","?","?","M","R","E","?","T","M","R","M","?","M","R","BOSS","M"],"build_version":"2018-10-11","purchased_purges":0,"victory":false,"max_hp_per_floor":[70,70,70,70,70,70,70,70,70,70,70,70,70,70,70,70,70,70],"card_choices":[{"not_picked":["PiercingWail","Cloak And Dagger"],"picked":"Dash","floor":1.0},{"not_picked":["Predator","Bane"],"picked":"Poisoned Stab","floor":4.0},{"not_picked":["Riddle With Holes","Prepared"],"picked":"Cloak And Dagger","floor":5.0},{"not_picked":["Outmaneuver","Underhanded Strike"],"picked":"Footwork","floor":7.0},{"not_picked":["Flechettes","All Out Attack"],"picked":"Calculated Gamble","floor":8.0},{"not_picked":["Finisher","Poisoned Stab"],"picked":"Dagger Spray","floor":10.0},{"not_picked":["Bane","Slice"],"picked":"Well Laid Plans","floor":12.0},{"not_picked":["PiercingWail","Riddle With Holes"],"picked":"Phantasmal Killer","floor":14.0},{"not_picked":["Phantasmal Killer","Storm of Steel"],"picked":"Malaise","floor":16}],"player_experience":699362,"relics_obtained":[{"floor":7.0,"key":"Orichalcum"},{"floor":8.0,"key":"Odd Mushroom"},{"floor":9.0,"key":"Lantern"}],"event_choices":[{"event_name":"The Cleric","player_choice":"Leave","floor":3.0,"damage_taken":0.0},{"event_name":"Mushrooms","player_choice":"Fought Mushrooms","floor":8.0,"damage_taken":0.0},{"event_name":"Golden Wing","player_choice":"Gained Gold","floor":13.0,"damage_taken":0.0}],"is_beta":false,"boss_relics":[{"not_picked":["Lizard Tail","Orrery"],"picked":"Black Star"}],"items_purged_floors":[],"is_endless":false,"potions_floor_spawned":[1,5,7,8,16],"killed_by":"2 Thieves","ascension_level":7}