{"gold_per_floor":[115,41,54,54,17,52,52,83,83,83,114,289,304,304,304,404,404,420,420],"floor_reached":19,"playtime":1574,"items_purged":[],"score":291,"play_id":"e075d8ba-8aa4-4cd3-9ae6-3510209a106f","local_time":"20181024001218","is_ascension_mode":true,"campfire_choices":[{"data":"Neutralize","floor":7,"key":"SMITH"},{"floor":10,"key":"REST"},{"floor":15,"key":"REST"}],"neow_cost":"NONE","seed_source_timestamp":365937758366519,"circlet_count":0,"master_deck":["Defend_G","Defend_G","Defend_G","Defend_G","Strike_G","Strike_G","Strike_G","Survivor","Neutralize+1","Slice","Dash","Noxious Fumes","Blur","Flying Knee","Escape Plan","Envenom","Acrobatics","Unload","A Thousand Cuts+1","Flying Knee+1","Shame","Blur"],"relics":["Ring of the Snake","NeowsBlessing","Ginger","Mummified Hand","Pocketwatch","Singing Bowl","The Courier","Astrolabe"],"potions_floor_usage":[16,16,18],"damage_taken":[{"damage":0,"enemies":"Cultist","floor":1,"turns":1},{"damage":0,"enemies":"Jaw Worm","floor":3,"turns":1},{"damage":0,"enemies":"Lagavulin","floor":6,"turns":1},{"damage":24,"enemies":"Gremlin Nob","floor":8,"turns":6},{"damage":22,"enemies":"Lagavulin","floor":11,"turns":8},{"damage":0,"enemies":"2 Louse","floor":13,"turns":4},{"damage":10,"enemies":"The Guardian","floor":16,"turns":10},{"damage":0,"enemies":"Chosen","floor":18,"turns":4},{"damage":36,"enemies":"Colosseum Slavers","floor":19,"turns":4},{"damage":47,"enemies":"Colosseum Nobs","floor":19,"turns":3}],"seed_played":"-4571937018486981132","potions_obtained":[{"floor":1,"key":"LiquidBronze"},{"floor":3,"key":"Dexterity Potion"},{"floor":11,"key":"FearPotion"},{"floor":16,"key":"Strength Potion"}],"is_trial":false,"path_per_floor":["M","$","M","?","$","E","R","E","T","R","E","?","M","?","R","B",null,"M"],"character_chosen":"THE_SILENT","items_purchased":["Dash","Blur"],"campfire_rested":2,"item_purchase_floors":[2,5],"current_hp_per_floor":[63,63,63,63,63,63,63,39,39,60,38,38,38,38,59,49,65,65,0],"gold":420,"neow_bonus":"THREE_ENEMY_KILL","is_prod":false,"is_daily":false,"chose_seed":false,"campfire_upgraded":1,"win_rate":0,"timestamp":1540336338,"path_taken":["M","?","M","?","$","E","R","E","T","R","E","?","?","?","R","BOSS","M","?"],"build_version":"2018-10-18","purchased_purges":0,"victory":false,"max_hp_per_floor":[70,70,70,70,70,70,70,70,70,70,70,70,70,70,70,70,70,70,70],"card_choices":[{"not_picked":["Concentrate","Heel Hook"],"picked":"Slice","floor":1},{"not_picked":["Dash","Bane","Underhanded Strike"],"picked":"SKIP","floor":3},{"not_picked":["Acrobatics","Outmaneuver"],"picked":"Flying Knee","floor":6},{"not_picked":["Dagger Throw","Blade Dance"],"picked":"Escape Plan","floor":8},{"not_picked":["Bouncing Flask","Slice"],"picked":"Envenom","floor":11},{"not_picked":["Flying Knee","Deflect"],"picked":"Acrobatics","floor":13},{"not_picked":["Glass Knife","Die Die Die"],"picked":"Unload","floor":16},{"not_picked":["Dagger Throw","Concentrate"],"picked":"Blur","floor":18}],"player_experience":745985,"relics_obtained":[{"floor":6,"key":"Ginger"},{"floor":8,"key":"Mummified Hand"},{"floor":9,"key":"Pocketwatch"},{"floor":11,"key":"Singing Bowl"}],"event_choices":[{"damage_healed":0,"gold_gain":0,"cards_transformed":["Strike_G"],"player_choice":"Transformed","damage_taken":0,"max_hp_gain":0,"max_hp_loss":0,"event_name":"Transmorgrifier","floor":4,"gold_loss":0,"cards_obtained":["Noxious Fumes"]},{"damage_healed":0,"gold_gain":175,"player_choice":"AGREE","damage_taken":0,"max_hp_gain":0,"max_hp_loss":0,"event_name":"Liars Game","floor":12,"gold_loss":0,"cards_obtained":["Doubt"]},{"damage_healed":0,"gold_gain":0,"player_choice":"Gave Potion","damage_taken":0,"relics_obtained":["The Courier"],"max_hp_gain":0,"max_hp_loss":0,"event_name":"WeMeetAgain","floor":14,"gold_loss":0},{"damage_healed":0,"gold_gain":0,"player_choice":"Fight","damage_taken":0,"max_hp_gain":0,"max_hp_loss":0,"event_name":"Colosseum","floor":19,"gold_loss":0},{"damage_healed":0,"gold_gain":0,"player_choice":"Fought Nobs","damage_taken":0,"max_hp_gain":0,"max_hp_loss":0,"event_name":"Colosseum","floor":19,"gold_loss":0}],"is_beta":false,"boss_relics":[{"not_picked":["Coffee Dripper","Calling Bell"],"picked":"Astrolabe"}],"items_purged_floors":[],"is_endless":false,"potions_floor_spawned":[1,3,11,16],"killed_by":"Colosseum Nobs","ascension_level":8}