{"gold_per_floor":[110,75,75,89,89,114,114,130,130,157,120,140,140,140,140,245,245,262,280,280,43,61,61,81,110,110,127,127],"floor_reached":28,"playtime":885,"items_purged":[],"score":347,"play_id":"0b36c97f-02be-46e7-9f28-b81c84690429","local_time":"20190628194231","is_ascension_mode":true,"campfire_choices":[{"floor":7,"key":"REST"},{"floor":13,"key":"REST"},{"data":"Blade Dance","floor":15,"key":"SMITH"},{"floor":23,"key":"REST"}],"neow_cost":"NONE","seed_source_timestamp":180543799158192,"circlet_count":0,"master_deck":["Defend_G","Defend_G","Defend_G","Defend_G","Defend_G","Strike_G","Strike_G","Strike_G","Strike_G","Survivor","Neutralize","Slice+1","Quick Slash","Choke","Terror","Dash","Blade Dance+1","Masterful Stab","Corpse Explosion","Footwork","Choke","Flash of Steel","Blade Dance","Dagger Throw+1","All Out Attack"],"relics":["WristBlade","Kunai","Matryoshka","Regal Pillow","Lizard Tail","Potion Belt","Strawberry","Darkstone Periapt","Lantern","Bronze Scales"],"potions_floor_usage":[6,12,12,25,28],"damage_taken":[{"damage":7,"enemies":"Jaw Worm","floor":1,"turns":5},{"damage":0,"enemies":"Small Slimes","floor":4,"turns":4},{"damage":22,"enemies":"Lagavulin","floor":6,"turns":6},{"damage":0,"enemies":"2 Louse","floor":8,"turns":1},{"damage":25,"enemies":"Gremlin Nob","floor":10,"turns":4},{"damage":18,"enemies":"Gremlin Gang","floor":12,"turns":4},{"damage":21,"enemies":"The Guardian","floor":16,"turns":10},{"damage":10,"enemies":"Spheric Guardian","floor":18,"turns":4},{"damage":15,"enemies":"3 Byrds","floor":19,"turns":3},{"damage":21,"enemies":"Sentry and Sphere","floor":22,"turns":4},{"damage":13,"enemies":"Centurion and Healer","floor":24,"turns":4},{"damage":72,"enemies":"Gremlin Leader","floor":25,"turns":7},{"damage":7,"enemies":"Chosen and Byrds","floor":27,"turns":3},{"damage":27,"enemies":"Snecko","floor":28,"turns":3}],"seed_played":"1953336723687278954","potions_obtained":[{"floor":1,"key":"Fire Potion"},{"floor":8,"key":"Regen Potion"},{"floor":10,"key":"Block Potion"},{"floor":24,"key":"Energy Potion"},{"floor":27,"key":"Weak Potion"}],"is_trial":false,"path_per_floor":["M","?","?","M","$","E","R","M","T","E","$","M","R","?","R","B",null,"M","M","?","$","M","R","M","E","T","M","M"],"character_chosen":"THE_SILENT","items_purchased":["Dash","Strawberry","Flash of Steel"],"campfire_rested":3,"item_purchase_floors":[11,21,21],"current_hp_per_floor":[56,70,70,70,70,48,69,69,69,44,44,38,70,70,70,49,65,55,40,40,47,26,64,51,17,17,10,0],"gold":127,"neow_bonus":"BOSS_RELIC","is_prod":false,"is_daily":false,"chose_seed":false,"campfire_upgraded":1,"win_rate":0,"timestamp":1561765351,"path_taken":["M","?","?","M","$","E","R","M","T","E","$","M","R","?","R","BOSS","M","?","?","$","?","R","?","E","T","M","M"],"build_version":"2019-01-23","purchased_purges":0,"victory":false,"max_hp_per_floor":[70,70,70,70,70,70,70,70,70,70,70,70,70,70,70,70,70,70,70,70,77,77,77,77,77,77,77,77],"card_choices":[{"not_picked":["Well Laid Plans","Outmaneuver"],"picked":"Slice","floor":1},{"not_picked":["Well Laid Plans","Heel Hook"],"picked":"Quick Slash","floor":4},{"not_picked":["Sucker Punch","Dagger Throw"],"picked":"Choke","floor":6},{"not_picked":["Heel Hook","Prepared","Acrobatics"],"picked":"SKIP","floor":8},{"not_picked":["Well Laid Plans","Sucker Punch"],"picked":"Terror","floor":10},{"not_picked":["Leg Sweep","Prepared"],"picked":"Blade Dance","floor":12},{"not_picked":["Grand Finale","Tools of the Trade"],"picked":"Corpse Explosion","floor":16},{"not_picked":["Blur","Caltrops+1"],"picked":"Footwork","floor":18},{"not_picked":["Quick Slash","Bane+1"],"picked":"Choke","floor":19},{"not_picked":["Dodge and Roll+1","Skewer"],"picked":"Blade Dance","floor":22},{"not_picked":["Slice","Terror"],"picked":"Dagger Throw+1","floor":24},{"not_picked":["Outmaneuver+1","Bouncing Flask"],"picked":"All Out Attack","floor":25},{"not_picked":["Flying Knee","Backflip+1","Dodge and Roll"],"picked":"SKIP","floor":27}],"player_experience":501829,"relics_obtained":[{"floor":6,"key":"Kunai"},{"floor":9,"key":"Matryoshka"},{"floor":10,"key":"Regal Pillow"},{"floor":20,"key":"Potion Belt"},{"floor":25,"key":"Darkstone Periapt"},{"floor":26,"key":"Lantern"},{"floor":26,"key":"Bronze Scales"}],"event_choices":[{"damage_healed":17,"gold_gain":0,"player_choice":"Healed","damage_taken":0,"max_hp_gain":0,"max_hp_loss":0,"event_name":"The Cleric","floor":2,"gold_loss":35},{"damage_healed":0,"gold_gain":0,"player_choice":"Grow","damage_taken":0,"max_hp_gain":0,"max_hp_loss":0,"event_name":"Living Wall","floor":3,"gold_loss":0,"cards_upgraded":["Slice"]},{"damage_healed":0,"gold_gain":0,"cards_transformed":["Strike_G"],"player_choice":"Transformed","damage_taken":0,"max_hp_gain":0,"max_hp_loss":0,"event_name":"Transmorgrifier","floor":14,"gold_loss":0,"cards_obtained":["Masterful Stab"]},{"damage_healed":0,"gold_gain":0,"player_choice":"Relic","damage_taken":0,"max_hp_gain":0,"max_hp_loss":0,"event_name":"Wheel of Change","floor":20,"gold_loss":0}],"is_beta":false,"boss_relics":[{"not_picked":["Empty Cage","Coffee Dripper"],"picked":"Lizard Tail"}],"items_purged_floors":[],"is_endless":false,"potions_floor_spawned":[1,8,10,24,27],"killed_by":"Snecko","ascension_level":8}