{"gold_per_floor":[113,131,281,148,223,253,267,286,286,286,306,306,48,67,67,67],"floor_reached":16,"playtime":557,"items_purged":["Doubt","Strike_R"],"score":241,"play_id":"7e8e7fd3-9161-475f-be0a-884bb55f031e","local_time":"20190730135316","is_ascension_mode":true,"campfire_choices":[{"data":"Bash","floor":10.0,"key":"SMITH"},{"data":"Heavy Blade","floor":12.0,"key":"SMITH"},{"floor":15,"key":"REST"}],"neow_cost":"NONE","seed_source_timestamp":0,"circlet_count":0,"master_deck":["AscendersBane","Strike_R","Strike_R","Strike_R","Strike_R","Defend_R","Defend_R","Defend_R","Defend_R","Bash+1","Heavy Blade+1","Battle Trance"],"special_seed":0,"relics":["Burning Blood","NeowsBlessing","Bird Faced Urn","Paper Frog","Anchor"],"potions_floor_usage":[14],"damage_taken":[{"damage":0.0,"enemies":"Small Slimes","floor":1.0,"turns":2.0},{"damage":0.0,"enemies":"2 Louse","floor":2.0,"turns":1.0},{"damage":0.0,"enemies":"3 Sentries","floor":6.0,"turns":2.0},{"damage":6.0,"enemies":"Jaw Worm","floor":7.0,"turns":4.0},{"damage":8.0,"enemies":"Large Slime","floor":8.0,"turns":7.0},{"damage":11.0,"enemies":"Blue Slaver","floor":11.0,"turns":3.0},{"damage":27,"enemies":"Lots of Slimes","floor":14,"turns":6},{"damage":71,"enemies":"The Guardian","floor":16,"turns":11}],"seed_played":"-8801046585967013595","potions_obtained":[{"floor":1.0,"key":"Fruit Juice"},{"floor":7.0,"key":"SkillPotion"},{"floor":8.0,"key":"Ancient Potion"},{"floor":11.0,"key":"GamblersBrew"}],"is_trial":false,"path_per_floor":["M","M","?","$","?","E","M","M","T","R","M","R","$","M","R","B"],"character_chosen":"IRONCLAD","items_purchased":["Heavy Blade","Anchor"],"campfire_rested":1,"item_purchase_floors":[4,13],"current_hp_per_floor":[79,80,80,80,69,75,75,73,73,73,68,68,68,47,71,0],"gold":67,"neow_bonus":"THREE_ENEMY_KILL","is_prod":false,"is_daily":false,"chose_seed":false,"campfire_upgraded":2,"win_rate":0,"timestamp":1564519996,"path_taken":["M","M","?","$","?","E","M","M","T","R","M","R","?","M","R","BOSS"],"build_version":"2019-07-17","purchased_purges":2,"victory":false,"max_hp_per_floor":[80,80,80,80,80,80,80,80,80,80,80,80,80,80,80,80],"card_choices":[{"not_picked":["Wild Strike","Anger","Shrug It Off"],"picked":"SKIP","floor":1.0},{"not_picked":["Burning Pact","Clothesline","True Grit"],"picked":"SKIP","floor":2.0},{"not_picked":["Blood for Blood","Exhume","Entrench"],"picked":"SKIP","floor":6.0},{"not_picked":["Iron Wave","Evolve","Bloodletting"],"picked":"SKIP","floor":7.0},{"not_picked":["Body Slam","Headbutt","Wild Strike"],"picked":"SKIP","floor":8.0},{"not_picked":["Armaments","Shrug It Off"],"picked":"Battle Trance","floor":11.0},{"not_picked":["Infernal Blade","Sever Soul","Perfected Strike"],"picked":"SKIP","floor":14}],"player_experience":475661,"relics_obtained":[{"floor":6.0,"key":"Bird Faced Urn"},{"floor":9.0,"key":"Paper Frog"}],"event_choices":[{"damage_healed":0.0,"max_hp_gain":0.0,"max_hp_loss":0.0,"gold_gain":150.0,"event_name":"Liars Game","player_choice":"AGREE","floor":3.0,"gold_loss":0.0,"damage_taken":0.0,"cards_obtained":["Doubt"]},{"damage_healed":0.0,"max_hp_gain":0.0,"max_hp_loss":0.0,"gold_gain":75.0,"event_name":"World of Goop","player_choice":"Gather Gold","floor":5.0,"gold_loss":0.0,"damage_taken":11.0}],"is_beta":false,"boss_relics":[],"items_purged_floors":[4,13],"is_endless":false,"potions_floor_spawned":[1,7,8,11],"killed_by":"The Guardian","ascension_level":18}