{"gold_per_floor":[362,33,33,52,67,67,95,107,119,143,155,242,101,71,71,171,171,181,280,88,102,102,102,120,120,120,153,153,172,172,184,184,288,588,600,600,612,632,229,229,239,239,239,38,38],"floor_reached":45,"playtime":2132,"items_purged":["Strike_B","Strike_B"],"score":585,"play_id":"e5f39922-83eb-4004-8327-4945db1fa3b5","local_time":"20190607154145","is_ascension_mode":true,"campfire_choices":[{"floor":6.0,"key":"REST"},{"floor":8.0,"key":"REST"},{"data":"Dualcast","floor":15.0,"key":"SMITH"},{"data":"Blizzard","floor":23.0,"key":"SMITH"},{"floor":25.0,"key":"REST"},{"floor":28.0,"key":"REST"},{"data":"Chill","floor":30.0,"key":"SMITH"},{"floor":32.0,"key":"REST"},{"floor":40.0,"key":"REST"},{"floor":42.0,"key":"REST"}],"neow_cost":"PERCENT_DAMAGE","seed_source_timestamp":0,"circlet_count":0,"master_deck":["Strike_B+1","Strike_B","Defend_B","Defend_B","Defend_B","Defend_B","Zap","Dualcast+1","Blizzard+1","Sweeping Beam","Sweeping Beam","Reboot","Chill+1","Cold Snap+1","Echo Form","Cold Snap","Parasite","Conserve Battery"],"special_seed":0,"relics":["Cracked Core","Ice Cream","Darkstone Periapt","MawBank","Potion Belt","Busted Crown","Anchor","Bottled Tornado","Whetstone","Calling Bell","Orichalcum","Symbiotic Virus","Old Coin","Bag of Preparation","PreservedInsect","Molten Egg 2","Regal Pillow"],"potions_floor_usage":[45],"damage_taken":[{"damage":7.0,"enemies":"Small Slimes","floor":1.0,"turns":2.0},{"damage":7.0,"enemies":"Jaw Worm","floor":4.0,"turns":3.0},{"damage":6.0,"enemies":"Cultist","floor":5.0,"turns":3.0},{"damage":45.0,"enemies":"3 Sentries","floor":7.0,"turns":6.0},{"damage":0.0,"enemies":"Large Slime","floor":10.0,"turns":4.0},{"damage":2.0,"enemies":"Looter","floor":14.0,"turns":4.0},{"damage":23.0,"enemies":"Slime Boss","floor":16.0,"turns":10.0},{"damage":10.0,"enemies":"Chosen","floor":18.0,"turns":4.0},{"damage":9.0,"enemies":"2 Thieves","floor":21.0,"turns":4.0},{"damage":7.0,"enemies":"Chosen and Byrds","floor":24.0,"turns":5.0},{"damage":31.0,"enemies":"Gremlin Leader","floor":27.0,"turns":7.0},{"damage":9.0,"enemies":"Snake Plant","floor":29.0,"turns":5.0},{"damage":4.0,"enemies":"Centurion and Healer","floor":31.0,"turns":4.0},{"damage":55.0,"enemies":"Automaton","floor":33.0,"turns":10.0},{"damage":1.0,"enemies":"3 Shapes","floor":35.0,"turns":3.0},{"damage":3.0,"enemies":"3 Darklings","floor":37.0,"turns":4.0},{"damage":28.0,"enemies":"4 Shapes","floor":38.0,"turns":5.0},{"damage":45.0,"enemies":"Writhing Mass","floor":41.0,"turns":6.0},{"damage":35,"enemies":"Reptomancer","floor":45,"turns":5}],"seed_played":"-8331244092905720017","potions_obtained":[{"floor":1.0,"key":"SpeedPotion"},{"floor":10.0,"key":"Ancient Potion"},{"floor":16.0,"key":"Explosive Potion"},{"floor":24.0,"key":"Strength Potion"},{"floor":31.0,"key":"Swift Potion"},{"floor":33.0,"key":"Energy Potion"},{"floor":37.0,"key":"FearPotion"},{"floor":38.0,"key":"Ancient Potion"}],"is_trial":false,"path_per_floor":["M","$","?","M","M","R","E","R","T","M","?","?","$","M","R","B",null,"M","?","$","M","?","R","M","R","T","E","R","M","R","M","R","B",null,"M","?","M","M","$","R","M","R","T","$","E"],"character_chosen":"DEFECT","items_purchased":["Ice Cream","Blizzard","Chill","Cold Snap","Anchor","Bag of Preparation","PreservedInsect","Regal Pillow","Conserve Battery"],"campfire_rested":7,"item_purchase_floors":[2,2,13,20,20,39,39,44,44],"current_hp_per_floor":[43,43,40,33,27,49,4,26,26,26,51,40,40,38,38,15,60,50,50,50,41,41,41,34,56,56,25,47,38,38,34,56,1,57,56,56,53,25,25,47,8,32,32,32,0],"gold":38,"neow_bonus":"TWO_FIFTY_GOLD","is_prod":false,"is_daily":false,"chose_seed":false,"campfire_upgraded":3,"win_rate":0,"timestamp":1559947305,"path_taken":["M","$","?","M","M","R","E","R","T","M","?","?","$","M","R","BOSS","M","?","$","M","?","R","M","R","T","E","R","?","R","M","R","BOSS","M","?","M","M","$","R","M","R","T","$","E"],"build_version":"2019-01-23","purchased_purges":2,"victory":false,"max_hp_per_floor":[75,75,75,75,75,75,75,75,75,75,75,75,75,75,75,75,75,75,75,75,75,75,75,75,75,75,75,75,75,75,75,75,75,75,75,75,75,75,75,75,81,81,81,81,81],"card_choices":[{"not_picked":["Skim","Compile Driver","Double Energy"],"picked":"SKIP","floor":1.0},{"not_picked":["Rebound","Steam Power"],"picked":"Sweeping Beam","floor":4.0},{"not_picked":["Consume","Steam"],"picked":"Sweeping Beam","floor":5.0},{"not_picked":["Turbo","Defragment","Steam"],"picked":"SKIP","floor":7.0},{"not_picked":["Hologram","Rebound"],"picked":"Reboot","floor":10.0},{"not_picked":["Steam","Rebound"],"picked":"Cold Snap","floor":14.0},{"not_picked":["Hyperbeam","Thunder Strike"],"picked":"Echo Form","floor":16.0},{"not_picked":["Reprogram+1"],"picked":"SKIP","floor":18.0},{"not_picked":["Auto Shields"],"picked":"SKIP","floor":21.0},{"not_picked":["Ball Lightning+1"],"picked":"SKIP","floor":24.0},{"not_picked":["Barrage"],"picked":"SKIP","floor":27.0},{"not_picked":["Turbo+1"],"picked":"SKIP","floor":29.0},{"not_picked":["Steam"],"picked":"SKIP","floor":31.0},{"not_picked":["Hello World"],"picked":"SKIP","floor":35.0},{"not_picked":["Beam Cell+1"],"picked":"SKIP","floor":37.0},{"not_picked":["Steam+1"],"picked":"SKIP","floor":38.0},{"not_picked":["Gash+1"],"picked":"SKIP","floor":41.0}],"player_experience":440456,"relics_obtained":[{"floor":7.0,"key":"MawBank"},{"floor":9.0,"key":"Potion Belt"},{"floor":26.0,"key":"Bottled Tornado"},{"floor":27.0,"key":"Whetstone"},{"floor":34.0,"key":"Orichalcum"},{"floor":34.0,"key":"Symbiotic Virus"},{"floor":34.0,"key":"Old Coin"},{"floor":43.0,"key":"Molten Egg 2"}],"event_choices":[{"damage_healed":0.0,"max_hp_gain":0.0,"max_hp_loss":0.0,"gold_gain":0.0,"event_name":"Scrap Ooze","player_choice":"Success","floor":3.0,"gold_loss":0.0,"damage_taken":3.0,"relics_obtained":["Darkstone Periapt"]},{"damage_healed":25.0,"max_hp_gain":0.0,"max_hp_loss":0.0,"gold_gain":0.0,"event_name":"Big Fish","player_choice":"Banana","floor":11.0,"gold_loss":0.0,"damage_taken":0.0},{"damage_healed":0.0,"max_hp_gain":0.0,"max_hp_loss":0.0,"gold_gain":75.0,"event_name":"World of Goop","player_choice":"Gather Gold","floor":12.0,"gold_loss":0.0,"damage_taken":11.0},{"damage_healed":0.0,"max_hp_gain":0.0,"max_hp_loss":0.0,"gold_gain":99.0,"event_name":"Nest","player_choice":"Stole From Cult","floor":19.0,"gold_loss":0.0,"damage_taken":0.0},{"damage_healed":0.0,"max_hp_gain":0.0,"max_hp_loss":0.0,"gold_gain":0.0,"event_name":"N\u0027loth","player_choice":"Ignored","floor":22.0,"gold_loss":0.0,"damage_taken":0.0},{"damage_healed":0.0,"max_hp_gain":0.0,"max_hp_loss":0.0,"gold_gain":0.0,"event_name":"Tomb of Lord Red Mask","player_choice":"Ignored","floor":36.0,"gold_loss":0.0,"damage_taken":0.0}],"is_beta":false,"boss_relics":[{"not_picked":["Empty Cage","Runic Pyramid"],"picked":"Busted Crown"},{"not_picked":["Cursed Key","Lizard Tail"],"picked":"Calling Bell"}],"items_purged_floors":[13,39],"is_endless":false,"potions_floor_spawned":[1,10,16,24,31,33,37,38],"killed_by":"Reptomancer","ascension_level":6}