{"gold_per_floor":[118,131,141,66,85,85,85,59,113,113,126,126,40,5,5,76,76,88,88,102,102,2,2,2,2,2,2,2,2,18,30,30,107,107,123,1122,1122,421,440,465,465,496,508,21,21,0,27,43,43,43],"floor_reached":50,"playtime":1382,"items_purged":["Defend_R","Inflame","Clash+1","Flex"],"score":924,"play_id":"cb1d8a09-7ebe-41fe-b2b2-507cf868e4dc","local_time":"20190506172216","is_ascension_mode":true,"campfire_choices":[{"data":"Flex","floor":6.0,"key":"SMITH"},{"data":"Clash","floor":10.0,"key":"SMITH"},{"data":"Bash","floor":12.0,"key":"SMITH"},{"data":"Flex","floor":15.0,"key":"SMITH"},{"data":"Whirlwind","floor":23.0,"key":"SMITH"},{"data":"Demon Form","floor":25.0,"key":"SMITH"},{"floor":32.0,"key":"REST"},{"data":"Double Tap","floor":41.0,"key":"SMITH"},{"floor":45.0,"key":"REST"},{"floor":49,"key":"REST"}],"neow_cost":"TEN_PERCENT_HP_LOSS","seed_source_timestamp":0,"circlet_count":0,"master_deck":["AscendersBane","Bash+1","Flex+1","Sword Boomerang+1","Flex+1","Demon Form+1","Whirlwind+1","Double Tap+1"],"special_seed":0,"relics":["Burning Blood","Bag of Marbles","Pandora\u0027s Box","Bottled Tornado","MutagenicStrength","Self Forming Clay","Black Star","HandDrill","Pen Nib","Lantern","Ornamental Fan","Singing Bowl","MawBank","Shuriken","Potion Belt","Centennial Puzzle","Red Mask","Vajra","Mercury Hourglass"],"potions_floor_usage":[47,47,47],"damage_taken":[{"damage":6.0,"enemies":"Cultist","floor":1.0,"turns":3.0},{"damage":10.0,"enemies":"Small Slimes","floor":2.0,"turns":4.0},{"damage":6.0,"enemies":"2 Louse","floor":3.0,"turns":3.0},{"damage":14.0,"enemies":"2 Fungi Beasts","floor":5.0,"turns":4.0},{"damage":6.0,"enemies":"3 Louse","floor":11.0,"turns":2.0},{"damage":33.0,"enemies":"Hexaghost","floor":16.0,"turns":6.0},{"damage":0.0,"enemies":"Spheric Guardian","floor":18.0,"turns":2.0},{"damage":22.0,"enemies":"2 Thieves","floor":20.0,"turns":2.0},{"damage":0.0,"enemies":"Centurion and Healer","floor":30.0,"turns":1.0},{"damage":0.0,"enemies":"Shelled Parasite and Fungi","floor":31.0,"turns":1.0},{"damage":39.0,"enemies":"Collector","floor":33.0,"turns":4.0},{"damage":12.0,"enemies":"3 Shapes","floor":35.0,"turns":1.0},{"damage":0.0,"enemies":"Orb Walker","floor":39.0,"turns":1.0},{"damage":34.0,"enemies":"Reptomancer","floor":40.0,"turns":4.0},{"damage":13.0,"enemies":"Giant Head","floor":42.0,"turns":4.0},{"damage":7,"enemies":"Nemesis","floor":47,"turns":3},{"damage":27,"enemies":"Transient","floor":48,"turns":5},{"damage":55,"enemies":"Time Eater","floor":50,"turns":5}],"seed_played":"455228519883424157","potions_obtained":[{"floor":1.0,"key":"SpeedPotion"},{"floor":2.0,"key":"Poison Potion"},{"floor":5.0,"key":"AttackPotion"},{"floor":18.0,"key":"Energy Potion"},{"floor":31.0,"key":"Regen Potion"},{"floor":33.0,"key":"Poison Potion"},{"floor":35.0,"key":"Weak Potion"},{"floor":40.0,"key":"SkillPotion"},{"floor":42.0,"key":"Poison Potion"}],"is_trial":false,"path_per_floor":["M","M","M","$","M","R","?","$","T","R","M","R","$","?","R","B",null,"M","?","M","?","$","R","?","R","T","$","?","T","M","M","R","B",null,"M","?","?","$","M","E","R","E","T","$","R","?","E","M","R","B"],"character_chosen":"IRONCLAD","items_purchased":["Clash","Flex","Inflame","HandDrill","Pen Nib","Double Tap","Flex","SteroidPotion","Potion Belt","Centennial Puzzle","SteroidPotion"],"campfire_rested":3,"item_purchase_floors":[8,13,13,38,38,38,38,38,44,44,44],"current_hp_per_floor":[68,64,64,64,56,56,56,56,56,56,56,56,56,68,68,41,61,67,67,51,51,51,51,51,51,51,51,51,51,57,63,68,40,61,55,55,55,55,61,33,33,28,28,28,49,49,50,31,53,0],"gold":43,"neow_bonus":"REMOVE_TWO","is_prod":false,"is_daily":false,"chose_seed":false,"campfire_upgraded":7,"win_rate":0,"timestamp":1557188536,"path_taken":["M","?","M","?","M","R","?","$","T","R","M","R","$","?","R","BOSS","M","?","M","?","$","R","?","R","T","$","?","?","?","M","R","BOSS","M","?","?","$","?","E","R","E","T","?","R","?","E","M","R","BOSS"],"build_version":"2019-01-23","purchased_purges":4,"victory":false,"max_hp_per_floor":[68,68,68,68,68,68,68,68,68,68,68,68,68,68,68,68,68,68,68,68,68,68,68,68,68,68,68,68,68,68,68,68,68,68,68,68,68,68,68,68,68,70,70,70,70,70,72,74,74,74],"card_choices":[{"not_picked":["Blood for Blood","Pommel Strike","Cleave"],"picked":"SKIP","floor":1.0},{"not_picked":["Metallicize","Perfected Strike"],"picked":"Flex","floor":2.0},{"not_picked":["Iron Wave","Sentinel","Pummel"],"picked":"SKIP","floor":3.0},{"not_picked":["Flame Barrier","True Grit"],"picked":"Sword Boomerang","floor":5.0},{"not_picked":["Fiend Fire","Iron Wave","Reckless Charge"],"picked":"SKIP","floor":11.0},{"not_picked":["Juggernaut","Immolate"],"picked":"Demon Form","floor":16.0},{"not_picked":["Shrug It Off","Wild Strike"],"picked":"Whirlwind","floor":18.0},{"not_picked":["Anger","Clash","Headbutt"],"picked":"SKIP","floor":20.0},{"not_picked":["Searing Blow","Spot Weakness","Rage+1"],"picked":"SKIP","floor":30.0},{"not_picked":["Wild Strike","Twin Strike","Clash"],"picked":"SKIP","floor":31.0},{"not_picked":["Intimidate+1","Anger","Clothesline+1"],"picked":"SKIP","floor":35.0},{"not_picked":["Rampage","Perfected Strike","Fire Breathing"],"picked":"SKIP","floor":39.0},{"not_picked":["Headbutt","Wild Strike","Clash"],"picked":"SKIP","floor":40.0},{"not_picked":["Headbutt","Rage","Corruption+1"],"picked":"Singing Bowl","floor":42.0},{"not_picked":["Thunderclap","Warcry","Seeing Red"],"picked":"Singing Bowl","floor":47},{"not_picked":["True Grit","Pommel Strike","Heavy Blade"],"picked":"Singing Bowl","floor":48}],"player_experience":374179,"relics_obtained":[{"floor":9.0,"key":"Bag of Marbles"},{"floor":26.0,"key":"Bottled Tornado"},{"floor":29.0,"key":"Self Forming Clay"},{"floor":40.0,"key":"Lantern"},{"floor":40.0,"key":"Ornamental Fan"},{"floor":42.0,"key":"Singing Bowl"},{"floor":42.0,"key":"MawBank"},{"floor":43.0,"key":"Shuriken"},{"floor":47,"key":"Vajra"},{"floor":47,"key":"Mercury Hourglass"}],"event_choices":[{"damage_healed":0.0,"max_hp_gain":0.0,"max_hp_loss":0.0,"gold_gain":0.0,"event_name":"Living Wall","player_choice":"Grow","floor":7.0,"gold_loss":0.0,"damage_taken":0.0,"cards_upgraded":["Sword Boomerang"]},{"damage_healed":17.0,"max_hp_gain":0.0,"max_hp_loss":0.0,"gold_gain":0.0,"event_name":"The Cleric","player_choice":"Healed","floor":14.0,"gold_loss":35.0,"damage_taken":0.0},{"damage_healed":0.0,"max_hp_gain":0.0,"max_hp_loss":0.0,"gold_gain":0.0,"event_name":"The Mausoleum","player_choice":"Ignored","floor":19.0,"gold_loss":0.0,"damage_taken":0.0},{"damage_healed":0.0,"max_hp_gain":0.0,"max_hp_loss":0.0,"gold_gain":0.0,"event_name":"Vampires","player_choice":"Ignored","floor":21.0,"gold_loss":0.0,"damage_taken":0.0},{"damage_healed":0.0,"max_hp_gain":0.0,"max_hp_loss":0.0,"gold_gain":0.0,"event_name":"Beggar","player_choice":"Ignored","floor":24.0,"gold_loss":0.0,"damage_taken":0.0},{"damage_healed":0.0,"max_hp_gain":0.0,"max_hp_loss":0.0,"gold_gain":0.0,"event_name":"Drug Dealer","player_choice":"Inject Mutagens","floor":28.0,"gold_loss":0.0,"damage_taken":0.0,"relics_obtained":["MutagenicStrength"]},{"damage_healed":0.0,"max_hp_gain":0.0,"max_hp_loss":0.0,"gold_gain":999.0,"event_name":"MindBloom","player_choice":"Gold","floor":36.0,"gold_loss":0.0,"damage_taken":0.0,"cards_obtained":["Normality","Normality"]},{"cards_removed":["Normality","Normality"],"damage_healed":0.0,"max_hp_gain":0.0,"max_hp_loss":0.0,"gold_gain":0.0,"event_name":"Fountain of Cleansing","player_choice":"Removed Curses","floor":37.0,"gold_loss":0.0,"damage_taken":0.0},{"damage_healed":0.0,"max_hp_gain":0.0,"max_hp_loss":0.0,"gold_gain":0.0,"event_name":"Tomb of Lord Red Mask","player_choice":"Paid","floor":46.0,"gold_loss":21.0,"damage_taken":0.0,"relics_obtained":["Red Mask"]}],"is_beta":false,"boss_relics":[{"not_picked":["Eternal Feather","Tiny House"],"picked":"Pandora\u0027s Box"},{"not_picked":["Runic Pyramid","Mark of Pain"],"picked":"Black Star"}],"items_purged_floors":[4,22,38,44],"is_endless":false,"potions_floor_spawned":[1,2,5,18,31,33,35,40,42],"killed_by":"Time Eater","ascension_level":14}