{"gold_per_floor":[118,118,118,83,103,103,131,131,131,131,146,176,190,200,200,302,302,320,419,419,431,9,40,40,4,85,85,85,85,85,111,111,111],"floor_reached":33,"playtime":941,"items_purged":[],"score":347,"play_id":"a6e49abb-bb1e-4fab-ac7e-6224caa32240","local_time":"20190504121720","is_ascension_mode":true,"campfire_choices":[{"data":"Poisoned Stab","floor":6,"key":"SMITH"},{"floor":10,"key":"REST"},{"floor":15,"key":"REST"},{"floor":24,"key":"REST"},{"floor":27,"key":"REST"},{"data":"Bane","floor":29,"key":"SMITH"},{"floor":32,"key":"REST"}],"neow_cost":"NONE","seed_source_timestamp":1309409533772787,"circlet_count":0,"master_deck":["Defend_G","Defend_G","Defend_G","Defend_G","Defend_G","Strike_G","Strike_G","Strike_G","Strike_G","Survivor","Neutralize","Poisoned Stab+1","Quick Slash","After Image","Dagger Spray","Bane+1","Deadly Poison","Noxious Fumes+1","Die Die Die","Caltrops+1","Backstab","Noxious Fumes+1"],"relics":["Black Star","Smiling Mask","Blue Candle","Frozen Egg 2","Darkstone Periapt","Omamori","Sozu","CultistMask","Juzu Bracelet","Lee\u0027s Waffle","StoneCalendar","Meat on the Bone","Bottled Flame","Ginger","WingedGreaves"],"potions_floor_usage":[7,12,12,16,18],"damage_taken":[{"damage":2,"enemies":"Cultist","floor":1,"turns":4},{"damage":5,"enemies":"Jaw Worm","floor":5,"turns":5},{"damage":22,"enemies":"3 Sentries","floor":7,"turns":9},{"damage":0,"enemies":"2 Louse","floor":11,"turns":3},{"damage":32,"enemies":"Gremlin Nob","floor":12,"turns":5},{"damage":8,"enemies":"Blue Slaver","floor":13,"turns":4},{"damage":16,"enemies":"Exordium Thugs","floor":14,"turns":5},{"damage":34,"enemies":"The Guardian","floor":16,"turns":10},{"damage":1,"enemies":"Shell Parasite","floor":18,"turns":4},{"damage":11,"enemies":"Chosen","floor":21,"turns":4},{"damage":74,"enemies":"Gremlin Leader","floor":23,"turns":7},{"damage":54,"enemies":"Book of Stabbing","floor":31,"turns":5},{"damage":67,"enemies":"Champ","floor":33,"turns":9}],"seed_played":"-5690082185842387134","potions_obtained":[{"floor":5,"key":"Strength Potion"},{"floor":7,"key":"Weak Potion"},{"floor":11,"key":"PowerPotion"},{"floor":14,"key":"Explosive Potion"},{"floor":16,"key":"SkillPotion"}],"is_trial":false,"path_per_floor":["M","?","?","?","M","R","E","$","T","R","M","E","M","M","R","B",null,"M","?","?","M","$","E","R","$","T","R","?","R","$","E","R","B"],"character_chosen":"THE_SILENT","items_purchased":["Juzu Bracelet","Lee\u0027s Waffle","Backstab","Noxious Fumes+1"],"campfire_rested":5,"item_purchase_floors":[22,22,22,25],"current_hp_per_floor":[68,73,66,75,70,70,48,48,48,70,70,38,30,14,36,2,75,74,74,74,63,82,8,32,32,32,56,82,82,82,40,64,0],"gold":111,"neow_bonus":"BOSS_RELIC","is_prod":false,"is_daily":false,"chose_seed":false,"campfire_upgraded":2,"win_rate":0,"timestamp":1556986640,"path_taken":["M","?","?","?","M","R","E","?","T","R","M","E","?","M","R","BOSS","M","?","?","M","$","E","R","$","T","R","?","R","$","E","R","BOSS"],"build_version":"2019-01-23","purchased_purges":0,"victory":false,"max_hp_per_floor":[70,75,75,75,75,75,75,75,75,75,75,75,75,75,75,75,75,75,75,75,75,82,82,82,82,82,82,82,82,82,82,82,82],"card_choices":[{"not_picked":["Dagger Spray","Flechettes"],"picked":"Poisoned Stab","floor":1},{"not_picked":["Flying Knee","Blade Dance"],"picked":"Quick Slash","floor":5},{"not_picked":["Caltrops","Distraction"],"picked":"After Image","floor":7},{"not_picked":["Dodge and Roll","Outmaneuver"],"picked":"Dagger Spray","floor":11},{"not_picked":["Dash","Outmaneuver"],"picked":"Bane","floor":12},{"not_picked":["Calculated Gamble","Endless Agony"],"picked":"Deadly Poison","floor":13},{"not_picked":["Malaise","Cloak And Dagger"],"picked":"Noxious Fumes+1","floor":14},{"not_picked":["Tools of the Trade+1","Doppelganger"],"picked":"Die Die Die","floor":16},{"not_picked":["Poisoned Stab","Quick Slash+1"],"picked":"Caltrops+1","floor":18},{"not_picked":["Backflip+1","Deflect+1","Dodge and Roll"],"picked":"SKIP","floor":21},{"not_picked":["Acrobatics","Bane","Setup"],"picked":"SKIP","floor":23},{"not_picked":["Masterful Stab","Concentrate","Expertise"],"picked":"SKIP","floor":31}],"player_experience":329518,"relics_obtained":[{"floor":7,"key":"Smiling Mask"},{"floor":7,"key":"Blue Candle"},{"floor":9,"key":"Frozen Egg 2"},{"floor":12,"key":"Darkstone Periapt"},{"floor":12,"key":"Omamori"},{"floor":23,"key":"StoneCalendar"},{"floor":23,"key":"Meat on the Bone"},{"floor":26,"key":"Bottled Flame"},{"floor":31,"key":"Ginger"},{"floor":31,"key":"WingedGreaves"}],"event_choices":[{"damage_healed":0,"gold_gain":0,"player_choice":"Donut","damage_taken":0,"max_hp_gain":5,"max_hp_loss":0,"event_name":"Big Fish","floor":2,"gold_loss":0},{"cards_removed":["Strike_G"],"damage_healed":0,"gold_gain":0,"player_choice":"Card Removal","damage_taken":7,"max_hp_gain":0,"max_hp_loss":0,"event_name":"Golden Wing","floor":3,"gold_loss":0},{"damage_healed":18,"gold_gain":0,"player_choice":"Healed","damage_taken":0,"max_hp_gain":0,"max_hp_loss":0,"event_name":"The Cleric","floor":4,"gold_loss":35},{"damage_healed":0,"gold_gain":99,"player_choice":"Stole From Cult","damage_taken":0,"max_hp_gain":0,"max_hp_loss":0,"event_name":"Nest","floor":19,"gold_loss":0},{"damage_healed":0,"gold_gain":0,"player_choice":"Trade","damage_taken":0,"relics_obtained":["CultistMask"],"max_hp_gain":0,"max_hp_loss":0,"event_name":"FaceTrader","floor":20,"gold_loss":0},{"damage_healed":27,"gold_gain":0,"player_choice":"Heal","damage_taken":0,"max_hp_gain":0,"max_hp_loss":0,"event_name":"The Library","floor":28,"gold_loss":0}],"is_beta":false,"boss_relics":[{"not_picked":["Runic Dome","Lizard Tail"],"picked":"Sozu"}],"items_purged_floors":[],"is_endless":false,"potions_floor_spawned":[5,7,11,14,16,23],"killed_by":"Champ","ascension_level":4}