{"gold_per_floor":[112,37,2,2,2,36,36,61,87,87,99,117,117,127,127,224,224,240,240,20,20],"floor_reached":21,"playtime":868,"items_purged":[],"score":241,"play_id":"9f33664b-bc1a-403e-b011-3ce526cc2355","local_time":"20190606122316","is_ascension_mode":true,"campfire_choices":[{"floor":7,"key":"REST"},{"floor":10,"key":"REST"},{"floor":13,"key":"REST"},{"floor":15,"key":"REST"}],"neow_cost":"NONE","seed_source_timestamp":131633645979931,"circlet_count":0,"master_deck":["Defend_G","Defend_G","Defend_G","Defend_G","Defend_G","Strike_G","Strike_G","Strike_G","Strike_G","Survivor","Neutralize","Skewer","Accuracy","Sucker Punch","Blade Dance","Quick Slash","Leg Sweep","A Thousand Cuts","Deadly Poison+1","Panache","Cloak And Dagger"],"relics":["White Beast Statue","Oddly Smooth Stone","Happy Flower","Bag of Preparation","Philosopher\u0027s Stone"],"potions_floor_usage":[8,14,16,16,16],"damage_taken":[{"damage":2,"enemies":"Cultist","floor":1,"turns":4},{"damage":52,"enemies":"Lagavulin","floor":6,"turns":8},{"damage":24,"enemies":"Gremlin Nob","floor":8,"turns":4},{"damage":0,"enemies":"2 Louse","floor":11,"turns":2},{"damage":0,"enemies":"Small Slimes","floor":12,"turns":3},{"damage":7,"enemies":"Exordium Thugs","floor":14,"turns":6},{"damage":21,"enemies":"The Guardian","floor":16,"turns":18},{"damage":10,"enemies":"Spheric Guardian","floor":18,"turns":5},{"damage":45,"enemies":"Colosseum Slavers","floor":19,"turns":5},{"damage":14,"enemies":"Chosen","floor":21,"turns":5}],"seed_played":"5667981300629549957","potions_obtained":[{"floor":1,"key":"Strength Potion"},{"floor":6,"key":"Dexterity Potion"},{"floor":8,"key":"SkillPotion"},{"floor":11,"key":"Swift Potion"},{"floor":12,"key":"FearPotion"},{"floor":14,"key":"GhostInAJar"},{"floor":16,"key":"Weak Potion"},{"floor":18,"key":"Ancient Potion"}],"is_trial":false,"path_per_floor":["M","$","?","?","?","E","R","E","T","R","M","M","R","M","R","B",null,"M","?","$","M"],"character_chosen":"THE_SILENT","items_purchased":["Accuracy","Panache","Cloak And Dagger"],"campfire_rested":4,"item_purchase_floors":[2,20,20],"current_hp_per_floor":[61,61,70,70,70,18,39,15,15,36,36,36,57,50,70,49,65,55,10,10,0],"gold":20,"neow_bonus":"BOSS_RELIC","is_prod":false,"is_daily":false,"chose_seed":false,"campfire_upgraded":0,"win_rate":0,"timestamp":1559838196,"path_taken":["M","$","?","?","?","E","R","E","T","R","M","M","R","M","R","BOSS","M","?","$","M"],"build_version":"2019-01-23","purchased_purges":0,"victory":false,"max_hp_per_floor":[70,70,70,70,70,70,70,70,70,70,70,70,70,70,70,70,70,70,70,70,70],"card_choices":[{"not_picked":["Dodge and Roll","Tactician"],"picked":"Skewer","floor":1},{"not_picked":["Flying Knee","Acrobatics"],"picked":"Sucker Punch","floor":6},{"not_picked":["Blur","Backstab"],"picked":"Blade Dance","floor":8},{"not_picked":["Bane","Poisoned Stab"],"picked":"Quick Slash","floor":11},{"not_picked":["PiercingWail","Phantasmal Killer"],"picked":"Leg Sweep","floor":12},{"not_picked":["Dodge and Roll","Backflip","Acrobatics"],"picked":"SKIP","floor":14},{"not_picked":["Bullet Time","Unload"],"picked":"A Thousand Cuts","floor":16},{"not_picked":["Sucker Punch","Bane"],"picked":"Deadly Poison+1","floor":18}],"player_experience":389544,"relics_obtained":[{"floor":6,"key":"Oddly Smooth Stone"},{"floor":8,"key":"Happy Flower"},{"floor":9,"key":"Bag of Preparation"}],"event_choices":[{"damage_healed":17,"gold_gain":0,"player_choice":"Healed","damage_taken":0,"max_hp_gain":0,"max_hp_loss":0,"event_name":"The Cleric","floor":3,"gold_loss":35},{"damage_healed":0,"gold_gain":0,"player_choice":"Ignored","damage_taken":0,"max_hp_gain":0,"max_hp_loss":0,"event_name":"Liars Game","floor":4,"gold_loss":0},{"cards_removed":["Strike_G"],"damage_healed":0,"gold_gain":0,"player_choice":"Offered Basic","damage_taken":0,"max_hp_gain":0,"max_hp_loss":0,"event_name":"Bonfire Elementals","floor":5,"gold_loss":0},{"damage_healed":0,"gold_gain":0,"player_choice":"Fight","damage_taken":0,"max_hp_gain":0,"max_hp_loss":0,"event_name":"Colosseum","floor":19,"gold_loss":0},{"damage_healed":0,"gold_gain":0,"player_choice":"Fled From Nobs","damage_taken":0,"max_hp_gain":0,"max_hp_loss":0,"event_name":"Colosseum","floor":19,"gold_loss":0}],"is_beta":false,"boss_relics":[{"not_picked":["Ectoplasm","Velvet Choker"],"picked":"Philosopher\u0027s Stone"}],"items_purged_floors":[],"is_endless":false,"potions_floor_spawned":[1,6,8,11,12,14,16,18,19],"killed_by":"Chosen","ascension_level":6}