{"gold_per_floor":[114,127,92,112,61,61,73,73,73,89,106,134,134,145,145,248,248,263,263,362,362,376,403,403,421,421,421,434,434,35,48,48,149,149,167,167,167,217,217,250,250,261,285,297,297],"floor_reached":45,"playtime":1655,"items_purged":[],"score":628,"play_id":"9c6ebfff-0a98-44b8-83c9-bcbd886e9c41","local_time":"20190613141810","is_ascension_mode":true,"campfire_choices":[{"data":"Bouncing Flask","floor":6,"key":"SMITH"},{"floor":13,"key":"REST"},{"data":"Noxious Fumes","floor":15,"key":"SMITH"},{"floor":24,"key":"REST"},{"data":"Dash","floor":27,"key":"SMITH"},{"floor":29,"key":"REST"},{"data":"Leg Sweep","floor":32,"key":"SMITH"},{"floor":41,"key":"REST"}],"neow_cost":"NONE","seed_source_timestamp":543141376287703,"circlet_count":0,"master_deck":["Defend_G+1","Defend_G+1","Defend_G+1","Defend_G+1","Defend_G+1","Strike_G+1","Strike_G+1","Strike_G+1","Strike_G+1","Survivor","Neutralize","Bouncing Flask+1","Leg Sweep+1","Poisoned Stab","Deadly Poison","Bouncing Flask","Crippling Poison","Noxious Fumes+1","Unload","Dash+1","Crippling Poison+1","Deadly Poison","Venomology","Bane+1","Glass Knife+1","Poisoned Stab+1","Writhe","Bouncing Flask+1","Escape Plan+1","Parasite"],"relics":["Velvet Choker","Letter Opener","Regal Pillow","Runic Dome","NlothsMask","Molten Egg 2","Pantograph","Black Star","Strawberry","Bag of Preparation","Question Card","Dream Catcher"],"potions_floor_usage":[23,33,33,40,40,44,44,45,45],"damage_taken":[{"damage":0,"enemies":"2 Louse","floor":1,"turns":2},{"damage":2,"enemies":"Jaw Worm","floor":2,"turns":4},{"damage":4,"enemies":"Cultist","floor":4,"turns":4},{"damage":11,"enemies":"Lots of Slimes","floor":7,"turns":5},{"damage":10,"enemies":"Exordium Wildlife","floor":10,"turns":4},{"damage":0,"enemies":"2 Fungi Beasts","floor":11,"turns":3},{"damage":10,"enemies":"Lagavulin","floor":12,"turns":4},{"damage":0,"enemies":"Blue Slaver","floor":14,"turns":3},{"damage":35,"enemies":"Slime Boss","floor":16,"turns":9},{"damage":9,"enemies":"2 Thieves","floor":18,"turns":4},{"damage":0,"enemies":"3 Byrds","floor":22,"turns":5},{"damage":19,"enemies":"Book of Stabbing","floor":23,"turns":5},{"damage":4,"enemies":"Centurion and Healer","floor":25,"turns":6},{"damage":7,"enemies":"Shelled Parasite and Fungi","floor":28,"turns":4},{"damage":7,"enemies":"Snecko","floor":31,"turns":5},{"damage":34,"enemies":"Automaton","floor":33,"turns":9},{"damage":8,"enemies":"Orb Walker","floor":35,"turns":3},{"damage":66,"enemies":"Giant Head","floor":40,"turns":9},{"damage":43,"enemies":"3 Darklings","floor":42,"turns":4},{"damage":4,"enemies":"Writhing Mass","floor":44,"turns":4},{"damage":13,"enemies":"Maw","floor":45,"turns":5}],"seed_played":"-4737200031621929636","potions_obtained":[{"floor":1,"key":"PowerPotion"},{"floor":7,"key":"Dexterity Potion"},{"floor":10,"key":"Weak Potion"},{"floor":11,"key":"FairyPotion"},{"floor":23,"key":"SkillPotion"},{"floor":28,"key":"Explosive Potion"},{"floor":33,"key":"Swift Potion"},{"floor":42,"key":"Poison Potion"}],"is_trial":false,"path_per_floor":["M","M","?","M","$","R","M","$","T","M","M","E","R","M","R","B",null,"M","?","?","?","M","E","R","M","T","R","M","R","$","M","R","B",null,"M","?","?","T","?","E","R","M","T","M","M"],"character_chosen":"THE_SILENT","items_purchased":["Poisoned Stab","Pantograph","Venomology"],"campfire_rested":4,"item_purchase_floors":[5,30,30],"current_hp_per_floor":[63,61,70,66,66,66,55,55,55,45,45,35,70,70,70,35,61,52,52,52,52,52,33,69,65,65,65,58,70,70,63,63,36,62,54,54,70,77,77,11,49,6,6,2,0],"gold":297,"neow_bonus":"BOSS_RELIC","is_prod":false,"is_daily":false,"chose_seed":false,"campfire_upgraded":4,"win_rate":0,"timestamp":1560449890,"path_taken":["M","M","?","M","$","R","M","$","T","M","M","E","R","M","R","BOSS","M","?","?","?","M","E","R","?","T","R","?","R","$","M","R","BOSS","M","?","?","?","?","E","R","M","T","M","M"],"build_version":"2019-01-23","purchased_purges":0,"victory":false,"max_hp_per_floor":[70,70,70,70,70,70,70,70,70,70,70,70,70,70,70,70,70,70,70,70,70,70,70,70,70,70,70,70,70,70,70,70,70,70,70,70,70,77,77,77,77,77,77,77,77],"card_choices":[{"not_picked":["Concentrate","Flying Knee","Prepared"],"picked":"SKIP","floor":1},{"not_picked":["Terror","Dagger Throw"],"picked":"Bouncing Flask","floor":2},{"not_picked":["Deflect","Caltrops"],"picked":"Leg Sweep","floor":4},{"not_picked":["Dodge and Roll","Deflect"],"picked":"Deadly Poison","floor":7},{"not_picked":["Underhanded Strike","Backflip"],"picked":"Bouncing Flask","floor":10},{"not_picked":["Endless Agony","Prepared"],"picked":"Crippling Poison","floor":11},{"not_picked":["All Out Attack","Calculated Gamble","Heel Hook"],"picked":"SKIP","floor":12},{"not_picked":["All Out Attack","Bane"],"picked":"Noxious Fumes","floor":14},{"not_picked":["Malaise","Phantasmal Killer"],"picked":"Unload","floor":16},{"not_picked":["Bane+1","Deflect+1"],"picked":"Dash","floor":18},{"not_picked":["Concentrate","Outmaneuver+1","Underhanded Strike"],"picked":"SKIP","floor":22},{"not_picked":["Accuracy","PiercingWail","Prepared"],"picked":"SKIP","floor":23},{"not_picked":["Flying Knee+1","Bane+1"],"picked":"Crippling Poison+1","floor":25},{"not_picked":["Setup","Prepared+1"],"picked":"Deadly Poison","floor":28},{"not_picked":["Sucker Punch+1","Predator+1"],"picked":"Bane+1","floor":31},{"not_picked":["Doppelganger","A Thousand Cuts"],"picked":"Glass Knife+1","floor":33},{"not_picked":["Slice+1","Acrobatics"],"picked":"Poisoned Stab+1","floor":35},{"not_picked":["Dagger Spray+1","Flying Knee+1"],"picked":"Bouncing Flask+1","floor":40},{"not_picked":["Flechettes+1","Outmaneuver","Heel Hook+1"],"picked":"Escape Plan+1","floor":42},{"not_picked":["Venomology","Flying Knee+1","Outmaneuver","PiercingWail"],"picked":"SKIP","floor":44}],"player_experience":441774,"relics_obtained":[{"floor":9,"key":"Letter Opener"},{"floor":12,"key":"Regal Pillow"},{"floor":23,"key":"Molten Egg 2"},{"floor":38,"key":"Strawberry"},{"floor":40,"key":"Bag of Preparation"},{"floor":40,"key":"Question Card"},{"floor":43,"key":"Dream Catcher"}],"event_choices":[{"damage_healed":17,"gold_gain":0,"player_choice":"Healed","damage_taken":0,"max_hp_gain":0,"max_hp_loss":0,"event_name":"The Cleric","floor":3,"gold_loss":35},{"damage_healed":0,"gold_gain":0,"player_choice":"Simplicity","damage_taken":0,"max_hp_gain":0,"max_hp_loss":0,"event_name":"Back to Basics","floor":19,"gold_loss":0,"cards_upgraded":["Defend_G","Defend_G","Defend_G","Defend_G","Defend_G","Strike_G","Strike_G","Strike_G","Strike_G","Strike_G"]},{"damage_healed":0,"gold_gain":99,"player_choice":"Stole From Cult","damage_taken":0,"max_hp_gain":0,"max_hp_loss":0,"event_name":"Nest","floor":20,"gold_loss":0},{"damage_healed":0,"gold_gain":0,"player_choice":"Trade","damage_taken":0,"relics_obtained":["NlothsMask"],"max_hp_gain":0,"max_hp_loss":0,"event_name":"FaceTrader","floor":21,"gold_loss":0},{"cards_removed":["Strike_G"],"damage_healed":0,"gold_gain":0,"player_choice":"Removed Attack","damage_taken":0,"max_hp_gain":0,"max_hp_loss":0,"event_name":"Falling","floor":36,"gold_loss":0},{"damage_healed":18,"gold_gain":0,"player_choice":"Writhe","damage_taken":0,"max_hp_gain":0,"max_hp_loss":0,"event_name":"Winding Halls","floor":37,"gold_loss":0,"cards_obtained":["Writhe"]},{"damage_healed":0,"gold_gain":0,"player_choice":"Ignored","damage_taken":0,"max_hp_gain":0,"max_hp_loss":0,"event_name":"Mysterious Sphere","floor":39,"gold_loss":0}],"is_beta":false,"boss_relics":[{"not_picked":["Astrolabe","Empty Cage"],"picked":"Runic Dome"},{"not_picked":["WristBlade","Tiny House"],"picked":"Black Star"}],"items_purged_floors":[],"is_endless":false,"potions_floor_spawned":[1,7,10,11,23,28,33,42],"killed_by":"Maw","ascension_level":7}