{"path_per_floor":["M","?","?","?","M","M","R","$","T","M","?","R","E","M","R","B",null,"M","$","?","M","?","R","M","R","T","M","?","R","E","T","R"],"character_chosen":"IRONCLAD","items_purchased":["Pen Nib","Armaments","Fire Breathing"],"gold_per_floor":[116,116,116,191,208,226,226,8,8,22,22,22,55,75,75,204,204,222,24,24,45,45,45,60,60,60,73,73,73,114,114,114,114],"floor_reached":33,"campfire_rested":2,"playtime":3828,"current_hp_per_floor":[85,85,85,74,76,73,73,73,73,70,70,70,52,57,80,41,80,80,80,80,75,75,75,64,64,64,67,67,67,22,22,47,0],"items_purged":["Defend_R","Strike_R"],"gold":114,"score":288,"play_id":"62915618-f68a-462a-bee0-1f098d74e4af","local_time":"20180509134222","is_prod":false,"is_daily":false,"chose_seed":false,"is_ascension_mode":false,"campfire_upgraded":5,"timestamp":1525869742,"path_taken":["M","?","?","?","M","M","R","$","T","?","?","R","E","M","R","BOSS","M","$","?","M","?","R","?","R","T","M","?","R","E","?","R","BOSS"],"build_version":"2018-05-03","seed_source_timestamp":0,"purchased_purges":2,"victory":false,"master_deck":["Strike_R","Strike_R","Strike_R","Defend_R","Defend_R","Defend_R","Bash","Thunderclap","Hemokinesis","Iron Wave+1","Flame Barrier+1","Iron Wave+1","Armaments","Inflame","Feed+1","Anger+1","Flex+1","Iron Wave+1","Heavy Blade+1","Rampage+1","Rage+1","Armaments","Fire Breathing+1","Iron Wave+1","Shrug It Off+1"],"max_hp_per_floor":[86,86,86,86,86,86,86,86,86,86,80,80,80,80,80,80,80,80,80,80,80,80,80,80,80,80,84,84,84,84,84,84,84],"relics":["Burning Blood","Mango","Pen Nib","Molten Egg 2","Golden Idol","Bronze Scales","Orrery","Mummified Hand","Orichalcum","Paper Frog"],"card_choices":[{"not_picked":["Clothesline","Pommel Strike"],"picked":"Thunderclap","floor":1.0},{"not_picked":["Twin Strike","Thunderclap"],"picked":"Iron Wave","floor":5.0},{"not_picked":["Perfected Strike","Twin Strike"],"picked":"Flame Barrier","floor":6.0},{"not_picked":["Body Slam","Heavy Blade"],"picked":"Iron Wave","floor":10.0},{"not_picked":["Dark Embrace","Burning Pact"],"picked":"Armaments","floor":13.0},{"not_picked":["Spot Weakness","Perfected Strike"],"picked":"Inflame","floor":14.0},{"not_picked":["Reaper","Demon Form"],"picked":"Feed","floor":16.0},{"not_picked":["Sever Soul","Warcry"],"picked":"Anger","floor":17},{"not_picked":["Headbutt","Anger"],"picked":"Flex","floor":17},{"not_picked":["Clothesline","Whirlwind"],"picked":"Iron Wave","floor":17},{"not_picked":["Rage","Warcry"],"picked":"Heavy Blade","floor":17},{"not_picked":["Entrench","Reckless Charge"],"picked":"Rampage","floor":17},{"not_picked":["Body Slam","Berserk"],"picked":"Rage","floor":18},{"not_picked":["Perfected Strike","Shockwave"],"picked":"Iron Wave","floor":24}],"player_experience":49158,"potions_floor_usage":[30],"damage_taken":[{"damage":7.0,"enemies":"Small Slimes","floor":1.0,"turns":5.0},{"damage":4.0,"enemies":"Jaw Worm","floor":5.0,"turns":3.0},{"damage":9.0,"enemies":"Large Slime","floor":6.0,"turns":9.0},{"damage":9.0,"enemies":"3 Louse","floor":10.0,"turns":5.0},{"damage":24.0,"enemies":"3 Sentries","floor":13.0,"turns":10.0},{"damage":1.0,"enemies":"2 Fungi Beasts","floor":14.0,"turns":3.0},{"damage":45.0,"enemies":"The Guardian","floor":16.0,"turns":14.0},{"damage":0,"enemies":"3 Byrds","floor":18,"turns":4},{"damage":11,"enemies":"Chosen","floor":21,"turns":4},{"damage":17,"enemies":"Sentry and Sphere","floor":24,"turns":4},{"damage":7,"enemies":"Centurion and Healer","floor":27,"turns":5},{"damage":51,"enemies":"Gremlin Leader","floor":30,"turns":9},{"damage":49,"enemies":"Champ","floor":33,"turns":12}],"event_choices":[{"event_name":"Living Wall","player_choice":"Change","floor":2.0,"damage_taken":0.0},{"event_name":"Liars Game","player_choice":"disagreed","floor":3.0,"damage_taken":0.0},{"event_name":"World of Goop","player_choice":"Gather Gold","floor":4.0,"damage_taken":0.0},{"event_name":"Golden Idol","player_choice":"Lose Max HP","floor":11.0,"damage_taken":0.0},{"event_name":"Drug Dealer","player_choice":"Ignored","floor":20,"damage_taken":0},{"event_name":"Ghosts","player_choice":"Ignored","floor":22,"damage_taken":0},{"event_name":"The Library","player_choice":"Read","floor":28,"damage_taken":0}],"boss_relics":[{"not_picked":["Eternal Feather","Runic Dome"],"picked":"Orrery"}],"potions_floor_spawned":[10,24],"seed_played":"-3430172678016844713","killed_by":"Champ","ascension_level":0,"is_trial":false}