{"gold_per_floor":[109,209,209,27,43,77,90,105,158,177,196,196,196,231,231,329,329,319,319,319,52,65,65,100,8,33,45,45,63,63],"floor_reached":30,"playtime":3054,"items_purged":[],"score":367,"play_id":"efde3d4c-40d6-4cfd-8285-58992aeac43a","local_time":"20180928185938","is_ascension_mode":true,"campfire_choices":[{"data":"Armaments","floor":12,"key":"SMITH"},{"data":"Flame Barrier","floor":15,"key":"SMITH"},{"floor":23,"key":"REST"}],"neow_cost":"NONE","seed_source_timestamp":1125142302828787,"circlet_count":0,"master_deck":["Defend_R","Defend_R","Defend_R","Defend_R","Bash","Armaments+1","Flame Barrier+1","Whirlwind+1","Fire Breathing","Metallicize","Cleave","Headbutt+1","Limit Break","Pommel Strike","Reaper","Fire Breathing","Bite","Bite","Bite","Bite","Bite","Inflame","Heavy Blade+1","Flame Barrier","Blind","Feed","Infernal Blade"],"relics":["Burning Blood","NeowsBlessing","Self Forming Clay","Orichalcum","Whetstone","Empty Cage","Chemical X","Lantern","Dream Catcher"],"potions_floor_usage":[10,14,16,20,30],"damage_taken":[{"damage":0,"enemies":"Cultist","floor":1,"turns":1},{"damage":0,"enemies":"Small Slimes","floor":5,"turns":1},{"damage":0,"enemies":"Gremlin Nob","floor":6,"turns":1},{"damage":0,"enemies":"Jaw Worm","floor":7,"turns":5},{"damage":3,"enemies":"Blue Slaver","floor":8,"turns":4},{"damage":11,"enemies":"Looter","floor":10,"turns":4},{"damage":2,"enemies":"2 Fungi Beasts","floor":11,"turns":4},{"damage":20,"enemies":"Lagavulin","floor":14,"turns":10},{"damage":57,"enemies":"The Guardian","floor":16,"turns":18},{"damage":10,"enemies":"2 Thieves","floor":18,"turns":4},{"damage":32,"enemies":"Colosseum Slavers","floor":20,"turns":5},{"damage":29,"enemies":"Shell Parasite","floor":22,"turns":12},{"damage":56,"enemies":"Gremlin Leader","floor":24,"turns":7},{"damage":20,"enemies":"3 Cultists","floor":27,"turns":5},{"damage":21,"enemies":"Snake Plant","floor":29,"turns":5},{"damage":39,"enemies":"Book of Stabbing","floor":30,"turns":4}],"seed_played":"5809054552683175991","potions_obtained":[{"floor":1,"key":"PowerPotion"},{"floor":5,"key":"GamblersBrew"},{"floor":7,"key":"Strength Potion"},{"floor":14,"key":"Dexterity Potion"},{"floor":16,"key":"Poison Potion"},{"floor":22,"key":"Ancient Potion"},{"floor":29,"key":"SteroidPotion"}],"is_trial":false,"path_per_floor":["M","?","?","$","M","E","M","M","T","M","M","R","?","E","R","B",null,"M","?","?","$","M","R","E","$","T","M","?","M"],"character_chosen":"IRONCLAD","items_purchased":["Flame Barrier","Whirlwind","Fire Breathing","Inflame","Chemical X","Blind"],"campfire_rested":1,"item_purchase_floors":[4,4,4,21,21,25],"current_hp_per_floor":[80,80,85,85,85,85,85,85,85,80,84,84,84,70,70,19,85,81,59,37,37,30,47,25,25,25,35,35,27,0],"gold":63,"neow_bonus":"THREE_ENEMY_KILL","is_prod":false,"is_daily":false,"chose_seed":false,"campfire_upgraded":2,"win_rate":0,"timestamp":1538157578,"path_taken":["M","?","?","$","M","E","M","M","T","M","M","R","?","E","R","BOSS","M","?","?","$","M","R","E","$","T","M","?","M","E"],"build_version":"2018-09-20","purchased_purges":0,"victory":false,"max_hp_per_floor":[80,80,85,85,85,85,85,85,85,85,85,85,85,85,85,85,85,85,59,59,59,59,59,59,59,59,59,59,62,62],"card_choices":[{"not_picked":["Anger","Second Wind"],"picked":"Armaments","floor":1},{"not_picked":["Rage","Spot Weakness"],"picked":"Metallicize","floor":5},{"not_picked":["Headbutt","Feel No Pain"],"picked":"Cleave","floor":6},{"not_picked":["Entrench","Wild Strike"],"picked":"Headbutt","floor":7},{"not_picked":["Twin Strike","Sever Soul"],"picked":"Limit Break","floor":8},{"not_picked":["True Grit","Clothesline"],"picked":"Pommel Strike","floor":10},{"not_picked":["Power Through","Havoc","Twin Strike"],"picked":"SKIP","floor":11},{"not_picked":["Carnage","True Grit","Havoc"],"picked":"SKIP","floor":14},{"not_picked":["Limit Break","Impervious"],"picked":"Reaper","floor":16},{"not_picked":["Intimidate","Pommel Strike+1"],"picked":"Fire Breathing","floor":18},{"not_picked":["Shockwave+1","Warcry+1"],"picked":"Heavy Blade+1","floor":22},{"not_picked":["Thunderclap","Headbutt+1"],"picked":"Flame Barrier","floor":24},{"not_picked":["Wild Strike","Headbutt"],"picked":"Feed","floor":27},{"not_picked":["Shrug It Off","Wild Strike+1"],"picked":"Infernal Blade","floor":29}],"player_experience":663048,"relics_obtained":[{"floor":6,"key":"Self Forming Clay"},{"floor":9,"key":"Orichalcum"},{"floor":14,"key":"Whetstone"},{"floor":24,"key":"Lantern"},{"floor":26,"key":"Dream Catcher"}],"event_choices":[{"event_name":"Golden Shrine","player_choice":"Pray","floor":2,"damage_taken":0},{"event_name":"Big Fish","player_choice":"Donut","floor":3,"damage_taken":0},{"event_name":"Living Wall","player_choice":"Grow","floor":13,"damage_taken":0},{"event_name":"Vampires","player_choice":"Became a vampire","floor":19,"damage_taken":0},{"event_name":"Colosseum","player_choice":"Fight","floor":20,"damage_taken":0},{"event_name":"Colosseum","player_choice":"Fled From Nobs","floor":20,"damage_taken":0},{"event_name":"Beggar","player_choice":"Ignored","floor":28,"damage_taken":0}],"is_beta":false,"boss_relics":[{"not_picked":["Calling Bell","Pandora\u0027s Box"],"picked":"Empty Cage"}],"items_purged_floors":[],"is_endless":false,"potions_floor_spawned":[1,5,7,14,16,22,29],"killed_by":"Book of Stabbing","ascension_level":4}