{"gold_per_floor":[113,113,132,207,257,298,298,298,346,346,361,334,259,292,292,391,454,478,159,177,177],"floor_reached":21,"playtime":1086,"items_purged":["Strike_R","Strike_R"],"score":384,"play_id":"55e7d4e1-280e-453e-bf4e-e63401355eb5","local_time":"20190728003113","is_ascension_mode":true,"campfire_choices":[{"data":"Flex","floor":7.0,"key":"SMITH"},{"data":"Bash","floor":8.0,"key":"SMITH"},{"data":"Thunderclap","floor":10.0,"key":"SMITH"},{"data":"Flex","floor":15.0,"key":"SMITH"}],"neow_cost":"NONE","seed_source_timestamp":0,"circlet_count":0,"master_deck":["AscendersBane","Strike_R","Strike_R","Strike_R","Defend_R","Defend_R","Defend_R+1","Defend_R","Bash+1","Flex+1","Cleave","Thunderclap+1","Twin Strike","Flex+1","Twin Strike","Battle Trance"],"special_seed":0,"relics":["Burning Blood","NeowsBlessing","Golden Idol","WingedGreaves","PreservedInsect","Odd Mushroom","Tiny House","Toy Ornithopter"],"potions_floor_usage":[20,21],"damage_taken":[{"damage":0.0,"enemies":"2 Louse","floor":1.0,"turns":2.0},{"damage":0.0,"enemies":"Jaw Worm","floor":3.0,"turns":1.0},{"damage":0.0,"enemies":"3 Sentries","floor":6.0,"turns":1.0},{"damage":0.0,"enemies":"Cultist","floor":11.0,"turns":2.0},{"damage":20.0,"enemies":"Exordium Thugs","floor":12.0,"turns":4.0},{"damage":5.0,"enemies":"The Mushroom Lair","floor":14.0,"turns":4.0},{"damage":51.0,"enemies":"Slime Boss","floor":16.0,"turns":8.0},{"damage":32,"enemies":"3 Byrds","floor":18,"turns":6},{"damage":28,"enemies":"Spheric Guardian","floor":20,"turns":4},{"damage":33,"enemies":"Centurion and Healer","floor":21,"turns":3}],"seed_played":"1716940763014908732","potions_obtained":[{"floor":3.0,"key":"Energy Potion"},{"floor":6.0,"key":"BloodPotion"},{"floor":17,"key":"EssenceOfSteel"},{"floor":18,"key":"Ancient Potion"}],"is_trial":false,"path_per_floor":["M","?","M","?","?","E","R","R","T","R","M","M","$","?","R","B",null,"M","$","M","M"],"character_chosen":"IRONCLAD","items_purchased":["Toy Ornithopter"],"campfire_rested":0,"item_purchase_floors":[19],"current_hp_per_floor":[74,48,54,43,43,49,49,49,49,49,55,41,41,42,42,15,65,39,39,22,0],"gold":177,"neow_bonus":"THREE_ENEMY_KILL","is_prod":false,"is_daily":false,"chose_seed":false,"campfire_upgraded":4,"win_rate":0,"timestamp":1564299073,"path_taken":["M","?","M","?","?","E","R","R","T","R","M","?","$","?","R","BOSS","M","$","M","M"],"build_version":"2019-07-17","purchased_purges":2,"victory":false,"max_hp_per_floor":[75,75,75,75,75,75,75,75,75,75,75,75,75,75,75,75,80,80,80,80,80],"card_choices":[{"not_picked":["Shrug It Off","Uppercut"],"picked":"Flex","floor":1.0},{"not_picked":["Carnage","Blood for Blood"],"picked":"Cleave","floor":3.0},{"not_picked":["Hemokinesis","Clash"],"picked":"Thunderclap","floor":6.0},{"not_picked":["Iron Wave","Wild Strike","True Grit"],"picked":"SKIP","floor":11.0},{"not_picked":["Rage","Pommel Strike"],"picked":"Twin Strike","floor":12.0},{"not_picked":["Intimidate","Ghostly Armor"],"picked":"Flex","floor":14.0},{"not_picked":["Perfected Strike","Rupture"],"picked":"Twin Strike","floor":17},{"not_picked":["Clash","Inflame"],"picked":"Battle Trance","floor":18},{"not_picked":["Dual Wield","Metallicize","Carnage"],"picked":"SKIP","floor":20}],"player_experience":472089,"relics_obtained":[{"floor":6.0,"key":"WingedGreaves"},{"floor":9.0,"key":"PreservedInsect"},{"floor":14.0,"key":"Odd Mushroom"}],"event_choices":[{"damage_healed":0.0,"max_hp_gain":0.0,"max_hp_loss":0.0,"gold_gain":0.0,"event_name":"Golden Idol","player_choice":"Take Damage","floor":2.0,"gold_loss":0.0,"damage_taken":26.0,"relics_obtained":["Golden Idol"]},{"damage_healed":0.0,"max_hp_gain":0.0,"max_hp_loss":0.0,"gold_gain":75.0,"event_name":"World of Goop","player_choice":"Gather Gold","floor":4.0,"gold_loss":0.0,"damage_taken":11.0},{"damage_healed":0.0,"max_hp_gain":0.0,"max_hp_loss":0.0,"gold_gain":50.0,"event_name":"Golden Shrine","player_choice":"Pray","floor":5.0,"gold_loss":0.0,"damage_taken":0.0},{"damage_healed":0.0,"max_hp_gain":0.0,"max_hp_loss":0.0,"gold_gain":0.0,"event_name":"Mushrooms","player_choice":"Fought Mushrooms","floor":14.0,"gold_loss":0.0,"damage_taken":0.0}],"is_beta":false,"boss_relics":[{"not_picked":["Lizard Tail","Astrolabe"],"picked":"Tiny House"}],"items_purged_floors":[13,19],"is_endless":false,"potions_floor_spawned":[3,6,18],"killed_by":"Centurion and Healer","ascension_level":18}