{"gold_per_floor":[109,209,221,241,252,252,266,300,300,300,2,28,28,62,62,163,163,150,51,51,51,70,70,83,103,103,103,119,218,218],"floor_reached":30,"playtime":2102,"items_purged":["Strike_G"],"score":375,"play_id":"123e072f-1048-4c63-9ce3-fe9b1444b1e2","local_time":"20190204185304","is_ascension_mode":true,"campfire_choices":[{"data":"Neutralize","floor":6.0,"key":"SMITH"},{"floor":13.0,"key":"REST"},{"floor":15.0,"key":"REST"},{"floor":23,"key":"REST"},{"floor":27,"key":"REST"}],"neow_cost":"NONE","seed_source_timestamp":866698669622,"circlet_count":0,"master_deck":["AscendersBane","Defend_G","Defend_G","Defend_G","Defend_G","Defend_G+1","Strike_G","Strike_G","Strike_G","Strike_G","Survivor","Neutralize+1","Deadly Poison+1","Dagger Spray","Leg Sweep","Infinite Blades","Flying Knee","Skewer","Accuracy","Footwork","Catalyst","Footwork","Sucker Punch","Malaise","Finisher","Noxious Fumes","Blade Dance","Dodge and Roll","Dodge and Roll","A Thousand Cuts","Slice","Normality","Endless Agony+1","Well Laid Plans"],"special_seed":0,"relics":["Ring of the Snake","War Paint","Strawberry","Dream Catcher","Bag of Preparation","Bottled Lightning","Mummified Hand","Cursed Key","Enchiridion","Question Card"],"potions_floor_usage":[16,25],"damage_taken":[{"damage":0.0,"enemies":"2 Louse","floor":1.0,"turns":2.0},{"damage":0.0,"enemies":"Cultist","floor":3.0,"turns":4.0},{"damage":5.0,"enemies":"Jaw Worm","floor":4.0,"turns":5.0},{"damage":10.0,"enemies":"Looter","floor":5.0,"turns":5.0},{"damage":0.0,"enemies":"Large Slime","floor":7.0,"turns":7.0},{"damage":16.0,"enemies":"3 Sentries","floor":8.0,"turns":11.0},{"damage":31.0,"enemies":"Gremlin Nob","floor":12.0,"turns":5.0},{"damage":17.0,"enemies":"Lagavulin","floor":14.0,"turns":7.0},{"damage":16,"enemies":"The Guardian","floor":16,"turns":12},{"damage":7,"enemies":"2 Thieves","floor":18,"turns":4},{"damage":0,"enemies":"Chosen","floor":22,"turns":5},{"damage":18,"enemies":"Snake Plant","floor":24,"turns":3},{"damage":16,"enemies":"3 Cultists","floor":25,"turns":5},{"damage":9,"enemies":"Snecko","floor":28,"turns":6},{"damage":50,"enemies":"Masked Bandits","floor":30,"turns":3}],"seed_played":"-1081926857724907638","potions_obtained":[{"floor":1.0,"key":"Block Potion"},{"floor":5.0,"key":"Explosive Potion"},{"floor":14.0,"key":"Strength Potion"},{"floor":22,"key":"Explosive Potion"},{"floor":25,"key":"Energy Potion"},{"floor":28,"key":"SteroidPotion"}],"is_trial":false,"path_per_floor":["M","?","M","M","M","R","M","E","T","?","$","E","R","E","R","B",null,"M","$","?","?","M","R","M","M","T","R","M","?","?"],"character_chosen":"THE_SILENT","items_purchased":["Accuracy","Bag of Preparation","Noxious Fumes","Blade Dance"],"campfire_rested":4,"item_purchase_floors":[11,11,19,19],"current_hp_per_floor":[70,70,70,65,55,55,55,39,46,43,43,12,37,20,45,29,70,63,63,47,39,39,64,46,30,30,55,46,46,0],"gold":218,"neow_bonus":"TEN_PERCENT_HP_BONUS","is_prod":false,"is_daily":false,"chose_seed":false,"campfire_upgraded":1,"win_rate":0,"timestamp":1549306384,"path_taken":["M","?","?","M","M","R","?","E","T","?","$","E","R","E","R","BOSS","M","$","?","?","M","R","?","M","T","R","M","?","?"],"build_version":"2019-01-23","purchased_purges":1,"victory":false,"max_hp_per_floor":[77,77,77,77,77,77,77,77,84,84,84,84,84,84,84,84,84,84,84,84,84,84,84,84,84,84,84,84,84,84],"card_choices":[{"not_picked":["Bouncing Flask","Dagger Throw"],"picked":"Deadly Poison","floor":1.0},{"not_picked":["Slice","Backflip"],"picked":"Dagger Spray","floor":3.0},{"not_picked":["Underhanded Strike","Caltrops"],"picked":"Leg Sweep","floor":4.0},{"not_picked":["Dagger Throw","Poisoned Stab"],"picked":"Infinite Blades","floor":5.0},{"not_picked":["Grand Finale","Slice"],"picked":"Flying Knee","floor":7.0},{"not_picked":["Sucker Punch","Phantasmal Killer"],"picked":"Skewer","floor":8.0},{"not_picked":["Quick Slash","Poisoned Stab"],"picked":"Footwork","floor":12.0},{"not_picked":["Bane","Flying Knee"],"picked":"Catalyst","floor":13.0},{"not_picked":["Deadly Poison","Wraith Form v2"],"picked":"Footwork","floor":14.0},{"not_picked":["Flying Knee","Prepared"],"picked":"Sucker Punch","floor":15.0},{"not_picked":["Phantasmal Killer","A Thousand Cuts"],"picked":"Malaise","floor":16},{"not_picked":["Sucker Punch","Dagger Throw"],"picked":"Finisher","floor":18},{"not_picked":["Prepared","Flechettes"],"picked":"Dodge and Roll","floor":22},{"not_picked":["Blade Dance","Underhanded Strike+1"],"picked":"Dodge and Roll","floor":23},{"not_picked":["Prepared","Masterful Stab"],"picked":"A Thousand Cuts","floor":24},{"not_picked":["Dagger Spray","Underhanded Strike+1"],"picked":"Slice","floor":25},{"not_picked":["Masterful Stab","Slice+1","Eviscerate"],"picked":"Endless Agony+1","floor":27},{"not_picked":["Deflect","Outmaneuver","Crippling Poison"],"picked":"Well Laid Plans","floor":28}],"player_experience":1112912,"relics_obtained":[{"floor":8.0,"key":"War Paint"},{"floor":9.0,"key":"Strawberry"},{"floor":12.0,"key":"Bottled Lightning"},{"floor":14.0,"key":"Mummified Hand"},{"floor":20,"key":"Enchiridion"},{"floor":26,"key":"Question Card"}],"event_choices":[{"damage_healed":0.0,"max_hp_gain":0.0,"max_hp_loss":0.0,"gold_gain":100.0,"event_name":"Golden Shrine","player_choice":"Pray","floor":2.0,"gold_loss":0.0,"damage_taken":0.0},{"damage_healed":0.0,"max_hp_gain":0.0,"max_hp_loss":0.0,"gold_gain":0.0,"event_name":"Scrap Ooze","player_choice":"Success","floor":10.0,"gold_loss":0.0,"damage_taken":3.0,"relics_obtained":["Dream Catcher"]},{"damage_healed":0,"gold_gain":0,"player_choice":"Obtained Book","damage_taken":16,"max_hp_gain":0,"max_hp_loss":0,"event_name":"Cursed Tome","floor":20,"gold_loss":0},{"damage_healed":0,"gold_gain":0,"player_choice":"","damage_taken":8,"max_hp_gain":0,"max_hp_loss":0,"event_name":"Knowing Skull","floor":21,"potions_obtained":[],"gold_loss":0,"cards_obtained":[]},{"damage_healed":0,"gold_gain":99,"player_choice":"Stole From Cult","damage_taken":0,"max_hp_gain":0,"max_hp_loss":0,"event_name":"Nest","floor":29,"gold_loss":0},{"damage_healed":0,"gold_gain":0,"player_choice":"Fought Bandits","damage_taken":0,"max_hp_gain":0,"max_hp_loss":0,"event_name":"Masked Bandits","floor":30,"gold_loss":0}],"is_beta":false,"boss_relics":[{"not_picked":["Runic Dome","Fusion Hammer"],"picked":"Cursed Key"}],"items_purged_floors":[11],"is_endless":false,"potions_floor_spawned":[1,5,14,22,25,28],"killed_by":"Masked Bandits","ascension_level":10}