{"gold_per_floor":[115,131,131,145,70,70,86,161,161,179,199,199,97,47,47,65,65],"floor_reached":17,"playtime":1261,"items_purged":["Strike_R"],"score":151,"play_id":"4655cdc2-aa86-486b-883d-a5bd74227119","local_time":"20180712161554","is_ascension_mode":false,"campfire_choices":[{"data":"Fire Breathing","floor":6.0,"key":"SMITH"},{"data":"Pommel Strike","floor":12.0,"key":"SMITH"},{"data":"Dramatic Entrance","floor":15,"key":"SMITH"}],"neow_cost":"NONE","seed_source_timestamp":0,"circlet_count":0,"master_deck":["Strike_R","Strike_R","Strike_R","Defend_R","Defend_R","Defend_R","Defend_R","Bash","Headbutt","Fire Breathing+1","Pommel Strike+1","Dramatic Entrance+1","Feed","Clash","Uppercut"],"special_seed":0,"relics":["Burning Blood","Charon\u0027s Ashes","Incense Burner","Orrery"],"potions_floor_usage":[16,16],"damage_taken":[{"damage":5.0,"enemies":"Cultist","floor":1.0,"turns":4.0},{"damage":7.0,"enemies":"2 Louse","floor":2.0,"turns":3.0},{"damage":7.0,"enemies":"Small Slimes","floor":4.0,"turns":4.0},{"damage":10.0,"enemies":"Looter","floor":7.0,"turns":3.0},{"damage":18.0,"enemies":"3 Louse","floor":10.0,"turns":8.0},{"damage":1.0,"enemies":"Large Slime","floor":11.0,"turns":4.0},{"damage":3.0,"enemies":"Gremlin Gang","floor":14.0,"turns":4.0},{"damage":66,"enemies":"The Guardian","floor":16,"turns":17}],"seed_played":"-3002739183781283398","potions_obtained":[{"floor":1.0,"key":"FearPotion"},{"floor":7.0,"key":"Regen Potion"},{"floor":10.0,"key":"Weak Potion"}],"is_trial":false,"path_per_floor":["M","M","?","M","$","R","M","?","T","M","M","R","$","?","R","B"],"character_chosen":"IRONCLAD","items_purchased":["Dramatic Entrance"],"campfire_rested":0,"item_purchase_floors":[13],"current_hp_per_floor":[80,79,72,71,71,71,67,56,56,59,64,64,64,67,67,7,80],"gold":65,"neow_bonus":"THREE_CARDS","is_prod":false,"is_daily":false,"chose_seed":false,"campfire_upgraded":3,"win_rate":0,"timestamp":1531408554,"path_taken":["M","?","?","M","$","R","M","?","T","M","M","R","$","?","R","BOSS"],"build_version":"2018-07-05","purchased_purges":1,"victory":false,"max_hp_per_floor":[80,80,80,80,80,80,80,80,80,80,80,80,80,80,80,80,80],"card_choices":[{"not_picked":["Sever Soul","Heavy Blade"],"picked":"Headbutt","floor":0.0},{"not_picked":["Cleave","Body Slam"],"picked":"Fire Breathing","floor":1.0},{"not_picked":["Heavy Blade","Headbutt","Rage"],"picked":"SKIP","floor":2.0},{"not_picked":["Rupture","Clothesline"],"picked":"Pommel Strike","floor":4.0},{"not_picked":["Thunderclap","Perfected Strike","Twin Strike"],"picked":"SKIP","floor":7.0},{"not_picked":["Shockwave","True Grit","Wild Strike"],"picked":"SKIP","floor":10.0},{"not_picked":["Pommel Strike","Reckless Charge","Twin Strike"],"picked":"SKIP","floor":11.0},{"not_picked":["Impervious","Limit Break"],"picked":"Feed","floor":16},{"not_picked":["Iron Wave","Carnage"],"picked":"Clash","floor":17},{"not_picked":["Clothesline","Perfected Strike"],"picked":"Uppercut","floor":17}],"player_experience":294207,"relics_obtained":[{"floor":9.0,"key":"Incense Burner"}],"event_choices":[{"event_name":"Scrap Ooze","player_choice":"success","floor":3.0,"damage_taken":7.0},{"event_name":"World of Goop","player_choice":"Gather Gold","floor":8.0,"damage_taken":0.0},{"event_name":"The Cleric","player_choice":"Card Removal","floor":14,"damage_taken":0}],"boss_relics":[{"not_picked":["White Beast Statue","Runic Cube"],"picked":"Orrery"}],"items_purged_floors":[5],"is_endless":false,"potions_floor_spawned":[1,7,10],"ascension_level":0}