{"gold_per_floor":[365,210,228,303,203,234,87,104,104,124,124,144,144,163,163,163],"floor_reached":16,"playtime":594,"items_purged":["Strike_R","Strike_R"],"score":173,"play_id":"29af5b5d-99ce-4442-93e2-07fdd9bcc6eb","local_time":"20190506015656","is_ascension_mode":true,"campfire_choices":[{"floor":11,"key":"REST"},{"data":"Bash","floor":13,"key":"SMITH"},{"floor":15,"key":"REST"}],"neow_cost":"TEN_PERCENT_HP_LOSS","seed_source_timestamp":137505629328200,"circlet_count":0,"master_deck":["AscendersBane","Strike_R","Strike_R","Strike_R","Defend_R","Defend_R","Defend_R","Defend_R","Bash+1","Heavy Blade","Whirlwind","Sword Boomerang","Battle Trance+1"],"relics":["Burning Blood","Turnip","Bag of Preparation","Toxic Egg 2"],"potions_floor_usage":[8,10,12],"damage_taken":[{"damage":7,"enemies":"Small Slimes","floor":1,"turns":4},{"damage":1,"enemies":"Cultist","floor":3,"turns":4},{"damage":45,"enemies":"3 Sentries","floor":6,"turns":9},{"damage":2,"enemies":"Jaw Worm","floor":8,"turns":4},{"damage":37,"enemies":"Large Slime","floor":10,"turns":7},{"damage":16,"enemies":"Exordium Thugs","floor":12,"turns":4},{"damage":7,"enemies":"3 Louse","floor":14,"turns":3},{"damage":46,"enemies":"The Guardian","floor":16,"turns":4}],"seed_played":"-26858436203578724","potions_obtained":[{"floor":6,"key":"Block Potion"},{"floor":8,"key":"Regen Potion"},{"floor":10,"key":"SteroidPotion"},{"floor":14,"key":"Ancient Potion"}],"is_trial":false,"path_per_floor":["M","$","M","?","$","E","$","M","T","M","R","M","R","M","R","B"],"character_chosen":"IRONCLAD","items_purchased":["Whirlwind","Bag of Preparation"],"campfire_rested":2,"item_purchase_floors":[2,7],"current_hp_per_floor":[67,67,68,62,62,23,23,27,27,11,31,21,21,20,40,0],"gold":163,"neow_bonus":"TWO_FIFTY_GOLD","is_prod":false,"is_daily":false,"chose_seed":false,"campfire_upgraded":1,"win_rate":0,"timestamp":1557133016,"path_taken":["M","$","M","?","$","E","?","M","T","M","R","M","R","M","R","BOSS"],"build_version":"2019-01-23","purchased_purges":2,"victory":false,"max_hp_per_floor":[68,68,68,68,68,68,68,68,68,68,68,68,68,68,68,68],"card_choices":[{"not_picked":["Thunderclap","Warcry"],"picked":"Heavy Blade","floor":1},{"not_picked":["Iron Wave","Power Through"],"picked":"Sword Boomerang","floor":3},{"not_picked":["Cleave","Sever Soul","Entrench"],"picked":"SKIP","floor":6},{"not_picked":["Iron Wave","Twin Strike","Whirlwind"],"picked":"SKIP","floor":8},{"not_picked":["Iron Wave","Twin Strike","Whirlwind"],"picked":"SKIP","floor":8},{"not_picked":["Sword Boomerang","Disarm+1","Cleave"],"picked":"SKIP","floor":10},{"not_picked":["Anger","Combust","Inflame"],"picked":"SKIP","floor":12},{"not_picked":["Anger","Clash"],"picked":"Battle Trance+1","floor":14}],"player_experience":371663,"relics_obtained":[{"floor":6,"key":"Turnip"},{"floor":9,"key":"Toxic Egg 2"}],"event_choices":[{"damage_healed":0,"gold_gain":75,"player_choice":"Touch","damage_taken":6,"max_hp_gain":0,"max_hp_loss":0,"event_name":"FaceTrader","floor":4,"gold_loss":0}],"is_beta":false,"boss_relics":[],"items_purged_floors":[2,5],"is_endless":false,"potions_floor_spawned":[6,8,10,14],"killed_by":"The Guardian","ascension_level":14}