{"gold_per_floor":[368,443,443,98,98,98,111,111,111,11,31,56,71,71,71,71],"floor_reached":16,"playtime":2777,"items_purged":["Strike_B","Strike_B"],"score":90,"play_id":"9abc0c3c-88e7-4c64-b9ef-62341889c5bf","local_time":"20190802001735","is_ascension_mode":false,"campfire_choices":[{"floor":6,"key":"REST"},{"data":"Coolheaded","floor":8,"key":"SMITH"},{"data":"Chill","floor":15,"key":"SMITH"}],"neow_cost":"TEN_PERCENT_HP_LOSS","seed_source_timestamp":30787648663236,"circlet_count":0,"master_deck":["Strike_B","Strike_B","Defend_B","Defend_B","Defend_B","Defend_B","Zap+1","Dualcast","Turbo+1","Sweeping Beam","Coolheaded+1","Steam","Chill+1","Self Repair"],"relics":["Cracked Core","Golden Idol","Pantograph","Omamori"],"potions_floor_usage":[],"damage_taken":[{"damage":1,"enemies":"Jaw Worm","floor":1,"turns":4},{"damage":0,"enemies":"Small Slimes","floor":7,"turns":3},{"damage":0,"enemies":"2 Louse","floor":11,"turns":3},{"damage":4,"enemies":"Exordium Wildlife","floor":12,"turns":4},{"damage":0,"enemies":"Exordium Thugs","floor":13,"turns":5},{"damage":74,"enemies":"Hexaghost","floor":16,"turns":14}],"seed_played":"1431506313809995615","potions_obtained":[],"is_trial":false,"path_per_floor":["M","?","?","$","?","R","M","R","T","$","M","M","M","?","R","B"],"character_chosen":"DEFECT","items_purchased":["Sweeping Beam","Pantograph"],"campfire_rested":1,"item_purchase_floors":[4,4],"current_hp_per_floor":[67,56,39,39,25,45,45,45,45,45,45,41,41,41,41,0],"gold":71,"neow_bonus":"TWO_FIFTY_GOLD","is_prod":false,"is_daily":false,"chose_seed":false,"campfire_upgraded":2,"win_rate":0,"timestamp":1564719455,"path_taken":["M","?","?","?","?","R","M","R","T","$","M","?","M","?","R","BOSS"],"build_version":"2019-07-17","purchased_purges":2,"victory":false,"max_hp_per_floor":[68,68,68,68,68,68,68,68,68,68,68,68,68,68,68,68],"card_choices":[{"not_picked":["Stack","Force Field"],"picked":"Turbo","floor":1},{"not_picked":["Turbo","Undo"],"picked":"Coolheaded","floor":7},{"not_picked":["Redo","Consume"],"picked":"Steam","floor":11},{"not_picked":["Sweeping Beam","Conserve Battery"],"picked":"Chill","floor":12},{"not_picked":["Ball Lightning","Creative AI"],"picked":"Self Repair","floor":13}],"player_experience":323874,"relics_obtained":[],"event_choices":[{"damage_healed":0,"gold_gain":75,"player_choice":"Gather Gold","damage_taken":11,"max_hp_gain":0,"max_hp_loss":0,"event_name":"World of Goop","floor":2,"gold_loss":0},{"damage_healed":0,"gold_gain":0,"player_choice":"Take Damage","damage_taken":17,"relics_obtained":["Golden Idol"],"max_hp_gain":0,"max_hp_loss":0,"event_name":"Golden Idol","floor":3,"gold_loss":0},{"damage_healed":0,"gold_gain":0,"player_choice":"Entered Light","damage_taken":14,"max_hp_gain":0,"max_hp_loss":0,"event_name":"Shining Light","floor":5,"gold_loss":0,"cards_upgraded":["Zap","Turbo"]},{"damage_healed":0,"gold_gain":0,"player_choice":"Searched \u00271\u0027 times","damage_taken":0,"relics_obtained":["Omamori"],"max_hp_gain":0,"max_hp_loss":0,"event_name":"Dead Adventurer","floor":14,"gold_loss":0}],"is_beta":false,"boss_relics":[],"items_purged_floors":[4,10],"is_endless":false,"potions_floor_spawned":[],"killed_by":"Hexaghost","ascension_level":0}