{"gold_per_floor":[113,126,126,137,149,149,162,337,364,364,381,413,30,55,55,160,160,149,149,166,177,4,36,36,51,130,149,149,149,101,115,115,219,219,236,236,236,236,236,236,269,269,346,346,375,392,409,425,425,425],"floor_reached":50,"playtime":3742,"items_purged":["Doubt"],"score":693,"play_id":"87e8949b-ff70-402d-8b62-ad7a191c56bc","local_time":"20181102231920","is_ascension_mode":true,"campfire_choices":[{"data":"Heavy Blade","floor":6.0,"key":"SMITH"},{"data":"Rampage","floor":10.0,"key":"SMITH"},{"data":"Armaments","floor":15.0,"key":"SMITH"},{"floor":24.0,"key":"REST"},{"floor":32.0,"key":"REST"},{"data":"Shrug It Off","floor":40.0,"key":"SMITH"},{"floor":42.0,"key":"REST"},{"data":"Demon Form","floor":44.0,"key":"SMITH"},{"floor":49,"key":"REST"}],"neow_cost":"NONE","seed_source_timestamp":1127805178021003,"circlet_count":0,"master_deck":["Strike_R+1","Strike_R+1","Strike_R+1","Strike_R+1","Strike_R+1","Defend_R+1","Defend_R+1","Defend_R+1","Defend_R+1","Bash+1","Spot Weakness","Rampage+1","Heavy Blade+1","Inflame","Impervious","Disarm","Madness","Armaments+1","Demon Form+1","Flex","Body Slam","Iron Wave","Enlightenment","Cleave","Shrug It Off+1","Whirlwind","Entrench+1","Madness","Dual Wield+1","Flex+1","Uppercut+1"],"special_seed":0,"relics":["Black Blood","Art of War","Regal Pillow","Sundial","Oddly Smooth Stone","Busted Crown","PreservedInsect","Frozen Egg 2","Bag of Marbles","Kunai","Du-Vu Doll"],"potions_floor_usage":[],"damage_taken":[{"damage":4.0,"enemies":"Small Slimes","floor":1.0,"turns":4.0},{"damage":3.0,"enemies":"2 Louse","floor":2.0,"turns":2.0},{"damage":2.0,"enemies":"Jaw Worm","floor":4.0,"turns":4.0},{"damage":0.0,"enemies":"Gremlin Gang","floor":5.0,"turns":3.0},{"damage":1.0,"enemies":"Looter","floor":7.0,"turns":3.0},{"damage":8.0,"enemies":"Blue Slaver","floor":11.0,"turns":3.0},{"damage":10.0,"enemies":"Lagavulin","floor":12.0,"turns":5.0},{"damage":20.0,"enemies":"3 Sentries","floor":14.0,"turns":7.0},{"damage":16.0,"enemies":"Hexaghost","floor":16.0,"turns":9.0},{"damage":28.0,"enemies":"2 Thieves","floor":18.0,"turns":4.0},{"damage":0.0,"enemies":"Spheric Guardian","floor":20.0,"turns":5.0},{"damage":19.0,"enemies":"Snecko","floor":21.0,"turns":5.0},{"damage":26.0,"enemies":"Book of Stabbing","floor":23.0,"turns":4.0},{"damage":24.0,"enemies":"Snake Plant","floor":25.0,"turns":2.0},{"damage":12.0,"enemies":"Sentry and Sphere","floor":27.0,"turns":5.0},{"damage":8.0,"enemies":"Centurion and Healer","floor":31.0,"turns":6.0},{"damage":76.0,"enemies":"Collector","floor":33.0,"turns":7.0},{"damage":18.0,"enemies":"3 Shapes","floor":35.0,"turns":4.0},{"damage":50.0,"enemies":"Reptomancer","floor":41.0,"turns":7.0},{"damage":38.0,"enemies":"Giant Head","floor":45.0,"turns":7.0},{"damage":17.0,"enemies":"Orb Walker","floor":46.0,"turns":3.0},{"damage":10,"enemies":"Jaw Worm Horde","floor":47,"turns":6},{"damage":25,"enemies":"Transient","floor":48,"turns":5},{"damage":70,"enemies":"Awakened One","floor":50,"turns":4}],"seed_played":"1525677551551829160","potions_obtained":[{"floor":1.0,"key":"AttackPotion"},{"floor":4.0,"key":"Explosive Potion"},{"floor":5.0,"key":"Block Potion"},{"floor":14.0,"key":"Dexterity Potion"},{"floor":18.0,"key":"Block Potion"},{"floor":20.0,"key":"Regen Potion"},{"floor":23.0,"key":"AttackPotion"},{"floor":31.0,"key":"FearPotion"},{"floor":33.0,"key":"SpeedPotion"},{"floor":35.0,"key":"GamblersBrew"},{"floor":45.0,"key":"Fruit Juice"},{"floor":48,"key":"Ancient Potion"}],"is_trial":false,"path_per_floor":["M","M","?","M","M","R","M","?","T","R","M","E","$","E","R","B",null,"M","?","M","M","$","E","R","M","T","M","?","?","$","M","R","B",null,"M","?","$","?","?","R","E","R","T","R","E","M","M","M","R"],"character_chosen":"IRONCLAD","items_purchased":["Sundial","Madness","Block Potion","Enlightenment","Shrug It Off"],"campfire_rested":4,"item_purchase_floors":[13,13,13,22,30],"current_hp_per_floor":[80,80,64,68,74,74,79,79,79,79,77,73,73,59,59,49,80,58,58,64,51,51,43,80,62,62,56,56,56,56,54,80,10,80,72,72,72,72,72,72,32,71,71,71,43,41,41,26,66,0],"gold":425,"neow_bonus":"UPGRADE_CARD","is_prod":false,"is_daily":false,"chose_seed":false,"campfire_upgraded":5,"win_rate":0,"timestamp":1541200760,"path_taken":["M","M","?","M","M","R","?","?","T","R","M","E","$","E","R","BOSS","M","?","M","M","$","E","R","M","T","M","?","?","$","M","R","BOSS","M","?","$","?","?","R","E","R","T","R","E","M","M","M","R","BOSS"],"build_version":"2018-10-25v2","purchased_purges":1,"victory":false,"max_hp_per_floor":[80,80,80,80,80,80,80,80,80,80,80,80,80,80,80,80,80,80,80,80,80,80,80,80,80,80,80,80,80,80,80,80,80,80,80,80,80,80,80,80,80,80,80,80,80,85,85,85,85,85],"card_choices":[{"not_picked":["Fire Breathing","Headbutt"],"picked":"Spot Weakness","floor":1.0},{"not_picked":["Sword Boomerang","Twin Strike"],"picked":"Rampage","floor":2.0},{"not_picked":["Perfected Strike","Seeing Red"],"picked":"Heavy Blade","floor":4.0},{"not_picked":["Uppercut","Flex"],"picked":"Inflame","floor":5.0},{"not_picked":["Clothesline","Bloodletting"],"picked":"Impervious","floor":7.0},{"not_picked":["Havoc","Sword Boomerang","Warcry"],"picked":"SKIP","floor":11.0},{"not_picked":["Intimidate","Berserk"],"picked":"Disarm","floor":12.0},{"not_picked":["Disarm","Havoc"],"picked":"Armaments","floor":14.0},{"not_picked":["Exhume","Feed"],"picked":"Demon Form","floor":16.0},{"not_picked":[],"picked":"Flex","floor":18.0},{"not_picked":[],"picked":"Body Slam","floor":20.0},{"not_picked":[],"picked":"Iron Wave","floor":21.0},{"not_picked":[],"picked":"Cleave","floor":23.0},{"not_picked":["Wild Strike+1"],"picked":"SKIP","floor":25.0},{"not_picked":["Pommel Strike"],"picked":"SKIP","floor":27.0},{"not_picked":[],"picked":"Whirlwind","floor":31.0},{"not_picked":[],"picked":"Entrench","floor":35.0},{"not_picked":[],"picked":"Madness","floor":39.0},{"not_picked":["Thunderclap+1"],"picked":"SKIP","floor":41.0},{"not_picked":[],"picked":"Dual Wield+1","floor":45.0},{"not_picked":[],"picked":"Flex+1","floor":46.0},{"not_picked":[],"picked":"Uppercut+1","floor":47},{"not_picked":["Twin Strike+1"],"picked":"SKIP","floor":48}],"player_experience":771082,"relics_obtained":[{"floor":9.0,"key":"Art of War"},{"floor":12.0,"key":"Regal Pillow"},{"floor":14.0,"key":"Oddly Smooth Stone"},{"floor":23.0,"key":"PreservedInsect"},{"floor":26.0,"key":"Frozen Egg 2"},{"floor":41.0,"key":"Bag of Marbles"},{"floor":43.0,"key":"Kunai"},{"floor":45.0,"key":"Du-Vu Doll"}],"event_choices":[{"damage_healed":0.0,"max_hp_gain":0.0,"max_hp_loss":0.0,"gold_gain":0.0,"event_name":"Shining Light","player_choice":"Entered Light","floor":3.0,"gold_loss":0.0,"damage_taken":16.0,"cards_upgraded":["Strike_R","Strike_R"]},{"damage_healed":0.0,"max_hp_gain":0.0,"max_hp_loss":0.0,"gold_gain":175.0,"event_name":"Liars Game","player_choice":"AGREE","floor":8.0,"gold_loss":0.0,"damage_taken":0.0,"cards_obtained":["Doubt"]},{"damage_healed":0.0,"max_hp_gain":0.0,"max_hp_loss":0.0,"gold_gain":0.0,"event_name":"Back to Basics","player_choice":"Simplicity","floor":19.0,"gold_loss":0.0,"damage_taken":0.0,"cards_upgraded":["Strike_R","Strike_R","Strike_R","Defend_R","Defend_R","Defend_R","Defend_R"]},{"damage_healed":0.0,"max_hp_gain":0.0,"max_hp_loss":0.0,"gold_gain":0.0,"event_name":"Purifier","player_choice":"Ignored","floor":28.0,"gold_loss":0.0,"damage_taken":0.0},{"damage_healed":0.0,"max_hp_gain":0.0,"max_hp_loss":0.0,"gold_gain":0.0,"event_name":"Ghosts","player_choice":"Ignored","floor":29.0,"gold_loss":0.0,"damage_taken":0.0},{"damage_healed":0.0,"max_hp_gain":0.0,"max_hp_loss":0.0,"gold_gain":0.0,"event_name":"Tomb of Lord Red Mask","player_choice":"Ignored","floor":36.0,"gold_loss":0.0,"damage_taken":0.0},{"damage_healed":0.0,"max_hp_gain":0.0,"max_hp_loss":0.0,"gold_gain":0.0,"event_name":"Accursed Blacksmith","player_choice":"Forge","floor":38.0,"gold_loss":0.0,"damage_taken":0.0,"cards_upgraded":["Entrench"]},{"damage_healed":0.0,"max_hp_gain":0.0,"max_hp_loss":0.0,"gold_gain":0.0,"event_name":"SensoryStone","player_choice":"Memory 1","floor":39.0,"gold_loss":0.0,"damage_taken":0.0}],"is_beta":false,"boss_relics":[{"not_picked":["White Beast Statue","Empty Cage"],"picked":"Busted Crown"},{"not_picked":["Orrery","Snecko Eye"],"picked":"Black Blood"}],"items_purged_floors":[22],"is_endless":false,"potions_floor_spawned":[1,4,5,14,18,20,23,31,33,35,45,48],"killed_by":"Awakened One","ascension_level":4}