{"gold_per_floor":[17,117,132,82,82,82,101,101,124,148,60,78,78,95,95,196,196,208,208,123,139,153,153,153,153,153,173,192,192,192],"floor_reached":30,"playtime":2587,"items_purged":["Strike_B"],"score":222,"play_id":"87f8f98e-6118-434f-9d2b-b0554cb5b926","local_time":"20190217161526","is_ascension_mode":false,"campfire_choices":[{"data":"Zap","floor":6.0,"key":"SMITH"},{"data":"Dualcast","floor":8.0,"key":"SMITH"},{"data":"Go for the Eyes","floor":15,"key":"SMITH"},{"floor":23,"key":"REST"},{"floor":25,"key":"REST"}],"neow_cost":"NO_GOLD","seed_source_timestamp":0,"circlet_count":0,"master_deck":["Zap+1","Dualcast+1","Go for the Eyes+1","Steam","FTL","Capacitor","Gash","Steam","All For One","Skim","Creative AI","Reboot","Echo Form","Redo+1","Reinforced Body","Steam","Gash","Tempest","BootSequence"],"special_seed":0,"relics":["Cracked Core","MawBank","NlothsMask","Pandora\u0027s Box","Boot"],"potions_floor_usage":[16,16,27,30],"damage_taken":[{"damage":13.0,"enemies":"2 Louse","floor":1.0,"turns":2.0},{"damage":1.0,"enemies":"Cultist","floor":3.0,"turns":3.0},{"damage":0.0,"enemies":"Small Slimes","floor":7.0,"turns":4.0},{"damage":1.0,"enemies":"3 Louse","floor":10.0,"turns":3.0},{"damage":3,"enemies":"Large Slime","floor":12,"turns":5},{"damage":0,"enemies":"Red Slaver","floor":14,"turns":3},{"damage":28,"enemies":"Hexaghost","floor":16,"turns":14},{"damage":17,"enemies":"3 Byrds","floor":18,"turns":5},{"damage":10,"enemies":"Chosen","floor":21,"turns":3},{"damage":42,"enemies":"Shelled Parasite and Fungi","floor":22,"turns":5},{"damage":0,"enemies":"Centurion and Healer","floor":27,"turns":4},{"damage":48,"enemies":"Cultist and Chosen","floor":28,"turns":6},{"damage":5,"enemies":"Colosseum Slavers","floor":30,"turns":1}],"seed_played":"909154785517403629","potions_obtained":[{"floor":1.0,"key":"FocusPotion"},{"floor":3.0,"key":"Strength Potion"},{"floor":14,"key":"Energy Potion"},{"floor":22,"key":"Weak Potion"}],"is_trial":false,"path_per_floor":["M","?","M","?","?","R","M","R","T","M","$","M","?","M","R","B",null,"M","?","?","M","M","R","?","R","T","M","M","?","?"],"character_chosen":"DEFECT","items_purchased":["Gash"],"campfire_rested":2,"item_purchase_floors":[11],"current_hp_per_floor":[62,62,61,61,61,61,61,61,61,60,60,57,57,57,57,29,75,58,58,58,48,6,28,28,50,50,50,2,2,0],"gold":192,"neow_bonus":"REMOVE_TWO","is_prod":false,"is_daily":false,"chose_seed":false,"campfire_upgraded":3,"win_rate":0.0,"timestamp":1550448926,"path_taken":["M","?","?","?","?","R","?","R","T","M","?","M","?","?","R","BOSS","M","?","?","M","M","R","?","R","T","M","?","?","?"],"build_version":"2019-01-23","purchased_purges":1,"victory":false,"max_hp_per_floor":[75,75,75,75,75,75,75,75,75,75,75,75,75,75,75,75,75,75,75,75,75,75,75,75,75,75,75,75,75,75],"card_choices":[{"not_picked":["Sunder","Sweeping Beam"],"picked":"Go for the Eyes","floor":1.0},{"not_picked":["Coolheaded","Leap"],"picked":"Steam","floor":3.0},{"not_picked":["Turbo","Sweeping Beam"],"picked":"FTL","floor":7.0},{"not_picked":["Blizzard","Conserve Battery"],"picked":"Capacitor","floor":10.0},{"not_picked":["Sunder","Rip and Tear","Hologram"],"picked":"SKIP","floor":12},{"not_picked":["Sweeping Beam","Compile Driver"],"picked":"Steam","floor":14},{"not_picked":["Reboot","Meteor Strike"],"picked":"All For One","floor":16},{"not_picked":["Go for the Eyes","Steam"],"picked":"Redo+1","floor":18},{"not_picked":["Glacier","Turbo"],"picked":"Reinforced Body","floor":21},{"not_picked":["Stack+1","Lockon+1"],"picked":"Steam","floor":22},{"not_picked":["Turbo","Consume+1"],"picked":"Tempest","floor":27},{"not_picked":["Scrape","Cold Snap"],"picked":"BootSequence","floor":28}],"player_experience":181711,"relics_obtained":[{"floor":9.0,"key":"MawBank"}],"event_choices":[{"damage_healed":0.0,"max_hp_gain":0.0,"max_hp_loss":0.0,"gold_gain":100.0,"event_name":"Wheel of Change","player_choice":"Gold","floor":2.0,"gold_loss":0.0,"damage_taken":0.0},{"cards_removed":["Strike_B"],"damage_healed":0.0,"max_hp_gain":0.0,"max_hp_loss":0.0,"gold_gain":0.0,"event_name":"The Cleric","player_choice":"Card Removal","floor":4.0,"gold_loss":50.0,"damage_taken":0.0},{"damage_healed":0.0,"max_hp_gain":0.0,"max_hp_loss":0.0,"gold_gain":0.0,"event_name":"The Woman in Blue","player_choice":"Bought 0 Potions","floor":5.0,"gold_loss":0.0,"damage_taken":0.0},{"damage_healed":0,"gold_gain":0,"player_choice":"Trade","damage_taken":0,"relics_obtained":["NlothsMask"],"max_hp_gain":0,"max_hp_loss":0,"event_name":"FaceTrader","floor":13,"gold_loss":0},{"damage_healed":0,"gold_gain":0,"player_choice":"Ignored","damage_taken":0,"max_hp_gain":0,"max_hp_loss":0,"event_name":"Beggar","floor":19,"gold_loss":0},{"damage_healed":0,"gold_gain":0,"player_choice":"Obtained Relic","damage_taken":0,"relics_obtained":["Boot"],"max_hp_gain":0,"max_hp_loss":0,"event_name":"Addict","floor":20,"gold_loss":85},{"damage_healed":0,"gold_gain":0,"player_choice":"Copied","damage_taken":0,"max_hp_gain":0,"max_hp_loss":0,"event_name":"Duplicator","floor":24,"gold_loss":0,"cards_obtained":["Gash"]},{"damage_healed":0,"gold_gain":0,"player_choice":"Ignored","damage_taken":0,"max_hp_gain":0,"max_hp_loss":0,"event_name":"Vampires","floor":29,"gold_loss":0},{"damage_healed":0,"gold_gain":0,"player_choice":"Fight","damage_taken":0,"max_hp_gain":0,"max_hp_loss":0,"event_name":"Colosseum","floor":30,"gold_loss":0}],"is_beta":false,"boss_relics":[{"not_picked":["Coffee Dripper","White Beast Statue"],"picked":"Pandora\u0027s Box"}],"items_purged_floors":[11],"is_endless":false,"potions_floor_spawned":[1,3,14,22],"killed_by":"Colosseum Slavers","ascension_level":0}