{"gold_per_floor":[109,109,109,122,135,162,162,194,194,194,194,41,71,84,84,155,155,167,186,186,197,97,126,138,138,138,149,167,248,76,87,87,160,160,170,182,182,20,31,31,49,76,139,151,198,221,250,262,274,286,298],"floor_reached":52,"playtime":1961,"items_purged":["Pain","Strike_R"],"score":2008,"play_id":"517fdf41-195a-46ea-a17b-15cf9af63bbc","local_time":"20190802220648","is_ascension_mode":true,"campfire_choices":[{"floor":7,"key":"REST"},{"data":"Whirlwind","floor":10,"key":"SMITH"},{"data":"Battle Trance","floor":15,"key":"SMITH"},{"floor":25,"key":"REST"},{"data":"Evolve","floor":32,"key":"SMITH"},{"data":"Dark Embrace","floor":40,"key":"SMITH"},{"data":"Inflame","floor":44,"key":"SMITH"},{"data":"Power Through","floor":49,"key":"SMITH"}],"neow_cost":"NONE","seed_source_timestamp":8559781959990,"circlet_count":0,"master_deck":["AscendersBane","Strike_R","Defend_R","Defend_R","Defend_R","Bash","Shrug It Off+1","Twin Strike","Battle Trance+1","Immolate","Whirlwind+1","Shrug It Off","Armaments+1","Evolve+1","Bloodletting","Impervious","Body Slam+1","Shrug It Off+1","Second Wind","Inflame+1","Shockwave","Power Through+1","Offering","Second Wind","Dark Embrace+1"],"relics":["Burning Blood","NeowsBlessing","Champion Belt","Pantograph","Letter Opener","WarpedTongs","War Paint","Mark of Pain","Bag of Preparation","Torii","Mummified Hand","Bag of Marbles","Philosopher\u0027s Stone","MawBank","PreservedInsect","Pear","Paper Frog"],"potions_floor_usage":[21,50,51],"damage_taken":[{"damage":0,"enemies":"2 Louse","floor":1,"turns":1},{"damage":0,"enemies":"Cultist","floor":4,"turns":1},{"damage":0,"enemies":"Jaw Worm","floor":5,"turns":1},{"damage":46,"enemies":"Lagavulin","floor":6,"turns":8},{"damage":32,"enemies":"Gremlin Nob","floor":8,"turns":4},{"damage":2,"enemies":"3 Sentries","floor":13,"turns":3},{"damage":0,"enemies":"Lots of Slimes","floor":14,"turns":1},{"damage":15,"enemies":"The Guardian","floor":16,"turns":10},{"damage":6,"enemies":"2 Thieves","floor":18,"turns":3},{"damage":13,"enemies":"Spheric Guardian","floor":19,"turns":6},{"damage":7,"enemies":"Cultist and Chosen","floor":21,"turns":4},{"damage":47,"enemies":"Gremlin Leader","floor":23,"turns":6},{"damage":4,"enemies":"Centurion and Healer","floor":24,"turns":7},{"damage":3,"enemies":"Snake Plant","floor":27,"turns":1},{"damage":3,"enemies":"3 Cultists","floor":28,"turns":2},{"damage":16,"enemies":"Centurion and Healer","floor":31,"turns":2},{"damage":45,"enemies":"Automaton","floor":33,"turns":7},{"damage":9,"enemies":"Orb Walker","floor":35,"turns":1},{"damage":0,"enemies":"3 Shapes","floor":36,"turns":3},{"damage":6,"enemies":"Writhing Mass","floor":39,"turns":3},{"damage":6,"enemies":"3 Darklings","floor":41,"turns":2},{"damage":9,"enemies":"Reptomancer","floor":42,"turns":3},{"damage":0,"enemies":"Nemesis","floor":45,"turns":5},{"damage":0,"enemies":"Jaw Worm Horde","floor":46,"turns":2},{"damage":6,"enemies":"4 Shapes","floor":47,"turns":2},{"damage":6,"enemies":"Time Eater","floor":50,"turns":8},{"damage":27,"enemies":"Donu and Deca","floor":51,"turns":5}],"seed_played":"-8436860474962558368","potions_obtained":[{"floor":4,"key":"Dexterity Potion"},{"floor":6,"key":"SkillPotion"},{"floor":14,"key":"Strength Potion"},{"floor":23,"key":"Ancient Potion"}],"is_trial":false,"path_per_floor":["M","?","?","M","M","E","R","E","T","R","?","$","E","M","R","B",null,"M","M","?","M","$","E","M","R","T","M","M","T","$","M","R","B",null,"M","M","?","$","M","R","M","E","T","R","E","M","M","T","R","B","B",null],"character_chosen":"IRONCLAD","items_purchased":["Shrug It Off","Armaments","Bag of Marbles","Dark Embrace"],"campfire_rested":2,"item_purchase_floors":[12,12,30,38],"current_hp_per_floor":[74,67,67,73,75,35,57,31,31,31,31,31,35,41,41,57,71,71,64,64,63,63,22,24,46,46,49,52,52,52,42,42,28,63,60,66,66,66,66,66,66,63,63,63,79,85,85,85,85,85,64],"gold":310,"neow_bonus":"THREE_ENEMY_KILL","is_prod":false,"is_daily":false,"chose_seed":false,"campfire_upgraded":6,"win_rate":0,"timestamp":1564751208,"path_taken":["M","?","?","?","M","E","R","E","T","R","?","$","E","M","R","BOSS","M","?","?","M","$","E","M","R","T","M","?","?","$","M","R","BOSS","M","M","?","$","M","R","M","E","T","R","E","M","M","?","R","BOSS","BOSS"],"build_version":"2019-07-17","purchased_purges":2,"victory":true,"max_hp_per_floor":[75,75,75,75,75,75,75,75,75,75,75,75,75,75,75,75,75,75,75,75,75,75,75,75,75,75,75,75,75,75,75,75,75,75,75,75,75,75,75,75,75,75,75,75,85,85,85,85,85,85,85],"card_choices":[{"not_picked":["Headbutt","True Grit"],"picked":"Shrug It Off","floor":1},{"not_picked":["Havoc","Pummel"],"picked":"Twin Strike","floor":4},{"not_picked":["Iron Wave","Cleave"],"picked":"Battle Trance","floor":5},{"not_picked":["Rage","Whirlwind"],"picked":"Immolate","floor":6},{"not_picked":["Sword Boomerang","Havoc"],"picked":"Whirlwind","floor":8},{"not_picked":["Uppercut","Blood for Blood"],"picked":"Evolve","floor":13},{"not_picked":["Twin Strike","Blood for Blood"],"picked":"Bloodletting","floor":14},{"not_picked":["Juggernaut","Limit Break"],"picked":"Impervious","floor":16},{"not_picked":["Clash","Flex"],"picked":"Body Slam+1","floor":18},{"not_picked":["Armaments","Heavy Blade"],"picked":"Shrug It Off+1","floor":19},{"not_picked":["Seeing Red","Heavy Blade","Thunderclap"],"picked":"SKIP","floor":21},{"not_picked":["Seeing Red","Heavy Blade","Thunderclap"],"picked":"SKIP","floor":21},{"not_picked":["Fire Breathing","Evolve","Metallicize"],"picked":"SKIP","floor":23},{"not_picked":["Corruption","Barricade"],"picked":"Inflame","floor":24},{"not_picked":["Ghostly Armor","Infernal Blade"],"picked":"Shockwave","floor":27},{"not_picked":["Evolve","Iron Wave","Heavy Blade"],"picked":"SKIP","floor":28},{"not_picked":["Inflame","Iron Wave"],"picked":"Power Through","floor":31},{"not_picked":["Feed","Immolate"],"picked":"Offering","floor":33},{"not_picked":["Wild Strike","Armaments"],"picked":"Second Wind","floor":35},{"not_picked":["Combust+1","Anger+1","Corruption"],"picked":"SKIP","floor":36},{"not_picked":["Evolve","Infernal Blade+1","Flame Barrier+1"],"picked":"SKIP","floor":39},{"not_picked":["True Grit","Perfected Strike","Inflame"],"picked":"SKIP","floor":41},{"not_picked":["True Grit","Perfected Strike","Inflame"],"picked":"SKIP","floor":41},{"not_picked":["Entrench","Havoc","Blood for Blood+1"],"picked":"SKIP","floor":42},{"not_picked":["Shrug It Off","Sword Boomerang+1","Rage+1"],"picked":"SKIP","floor":45},{"not_picked":["Seeing Red+1","Flame Barrier","Twin Strike"],"picked":"SKIP","floor":46},{"not_picked":["Sever Soul","Anger+1","Cleave"],"picked":"SKIP","floor":47}],"player_experience":816183,"relics_obtained":[{"floor":6,"key":"Champion Belt"},{"floor":8,"key":"Pantograph"},{"floor":9,"key":"Letter Opener"},{"floor":13,"key":"War Paint"},{"floor":23,"key":"Bag of Preparation"},{"floor":26,"key":"Torii"},{"floor":29,"key":"Mummified Hand"},{"floor":42,"key":"MawBank"},{"floor":43,"key":"PreservedInsect"},{"floor":45,"key":"Pear"},{"floor":48,"key":"Paper Frog"}],"event_choices":[{"cards_removed":["Strike_R"],"damage_healed":0,"gold_gain":0,"player_choice":"Card Removal","damage_taken":7,"max_hp_gain":0,"max_hp_loss":0,"event_name":"Golden Wing","floor":2,"gold_loss":0},{"cards_removed":["Defend_R"],"damage_healed":0,"gold_gain":0,"player_choice":"Offered Basic","damage_taken":0,"max_hp_gain":0,"max_hp_loss":0,"event_name":"Bonfire Elementals","floor":3,"gold_loss":0},{"damage_healed":0,"gold_gain":0,"player_choice":"Rummage","damage_taken":0,"relics_obtained":["WarpedTongs"],"max_hp_gain":0,"max_hp_loss":0,"event_name":"Accursed Blacksmith","floor":11,"gold_loss":0,"cards_obtained":["Pain"]},{"damage_healed":0,"gold_gain":0,"cards_transformed":["Strike_R"],"player_choice":"Transformed","damage_taken":0,"max_hp_gain":0,"max_hp_loss":0,"event_name":"Transmorgrifier","floor":20,"gold_loss":0,"cards_obtained":["Second Wind"]},{"cards_removed":["Strike_R"],"damage_healed":0,"gold_gain":0,"player_choice":"Removed Attack","damage_taken":0,"max_hp_gain":0,"max_hp_loss":0,"event_name":"Falling","floor":37,"gold_loss":0}],"is_beta":false,"boss_relics":[{"not_picked":["Tiny House","Runic Pyramid"],"picked":"Mark of Pain"},{"not_picked":["Calling Bell","Lizard Tail"],"picked":"Philosopher\u0027s Stone"}],"items_purged_floors":[12,22],"is_endless":false,"potions_floor_spawned":[4,6,14,16,19,23,27,28,33,39,41,42,46,47],"ascension_level":20}