{"gold_per_floor":[119,44,44,64,64,83,83,101,101,101,101,101,117,64,64,64],"floor_reached":16,"playtime":1478,"items_purged":[],"score":122,"play_id":"6d0846ad-8db3-446d-84b4-e16365f39cbc","local_time":"20190428212624","is_ascension_mode":true,"campfire_choices":[{"floor":7.0,"key":"DIG"},{"data":"1","floor":11.0,"key":"LIFT"},{"data":"2","floor":15.0,"key":"LIFT"}],"neow_cost":"TEN_PERCENT_HP_LOSS","seed_source_timestamp":0,"circlet_count":0,"master_deck":["Strike_R+1","Strike_R","Strike_R","Defend_R","Defend_R","Defend_R","Defend_R","Bash+1","Feel No Pain","Heavy Blade+1","Cleave","Flex"],"special_seed":0,"relics":["Burning Blood","Shovel","Girya","Mummified Hand"],"potions_floor_usage":[16],"damage_taken":[{"damage":0.0,"enemies":"2 Louse","floor":1.0,"turns":4.0},{"damage":3.0,"enemies":"Jaw Worm","floor":4.0,"turns":4.0},{"damage":1.0,"enemies":"Cultist","floor":6.0,"turns":3.0},{"damage":19.0,"enemies":"Blue Slaver","floor":8.0,"turns":6.0},{"damage":12.0,"enemies":"Looter","floor":13.0,"turns":3.0},{"damage":42,"enemies":"The Guardian","floor":16,"turns":8}],"seed_played":"-8235342302156467037","potions_obtained":[{"floor":1.0,"key":"SteroidPotion"},{"floor":6.0,"key":"LiquidBronze"}],"is_trial":false,"path_per_floor":["M","$","?","M","?","M","R","M","T","?","R","?","M","$","R","B"],"character_chosen":"IRONCLAD","items_purchased":["Feel No Pain","Flex"],"campfire_rested":0,"item_purchase_floors":[2,14],"current_hp_per_floor":[72,72,58,61,61,66,66,53,53,46,46,46,40,40,40,0],"gold":64,"neow_bonus":"ONE_RARE_RELIC","is_prod":false,"is_daily":false,"chose_seed":false,"campfire_upgraded":0,"win_rate":0,"timestamp":1556511984,"path_taken":["M","$","?","M","?","?","R","M","T","?","R","?","M","$","R","BOSS"],"build_version":"2019-01-23","purchased_purges":0,"victory":false,"max_hp_per_floor":[72,72,72,72,72,72,72,72,72,72,72,72,72,72,72,72],"card_choices":[{"not_picked":["Sentinel","Disarm","Havoc"],"picked":"SKIP","floor":1.0},{"not_picked":["Sword Boomerang","Anger"],"picked":"Heavy Blade","floor":4.0},{"not_picked":["Corruption","Evolve"],"picked":"Cleave","floor":6.0},{"not_picked":["Twin Strike","Pommel Strike","Sentinel"],"picked":"SKIP","floor":8.0},{"not_picked":["Thunderclap","Reckless Charge","Rage"],"picked":"SKIP","floor":13.0}],"player_experience":321107,"relics_obtained":[{"floor":7.0,"key":"Girya"},{"floor":9.0,"key":"Mummified Hand"}],"event_choices":[{"damage_healed":0.0,"max_hp_gain":0.0,"max_hp_loss":0.0,"gold_gain":0.0,"event_name":"Shining Light","player_choice":"Entered Light","floor":3.0,"gold_loss":0.0,"damage_taken":14.0,"cards_upgraded":["Bash","Strike_R"]},{"cards_removed":["Strike_R"],"damage_healed":0.0,"max_hp_gain":0.0,"max_hp_loss":0.0,"gold_gain":0.0,"event_name":"Bonfire Elementals","player_choice":"Offered Basic","floor":5.0,"gold_loss":0.0,"damage_taken":0.0},{"cards_removed":["Strike_R"],"damage_healed":0.0,"max_hp_gain":0.0,"max_hp_loss":0.0,"gold_gain":0.0,"event_name":"Golden Wing","player_choice":"Card Removal","floor":10.0,"gold_loss":0.0,"damage_taken":7.0},{"damage_healed":0.0,"max_hp_gain":0.0,"max_hp_loss":0.0,"gold_gain":0.0,"event_name":"Accursed Blacksmith","player_choice":"Forge","floor":12.0,"gold_loss":0.0,"damage_taken":0.0,"cards_upgraded":["Heavy Blade"]}],"is_beta":false,"boss_relics":[],"items_purged_floors":[],"is_endless":false,"potions_floor_spawned":[1,6],"killed_by":"The Guardian","ascension_level":7}