{"gold_per_floor":[216,89,89,89,89,118,118,118,118,131,131,131,131,131,157,10,10,86,136,149,49,49,67,67],"floor_reached":24,"playtime":881,"items_purged":["Strike_R","Strike_R"],"score":352,"play_id":"44647f73-1502-4c3b-9844-626eee44351b","local_time":"20190504153931","is_ascension_mode":true,"campfire_choices":[{"data":"Perfected Strike","floor":7,"key":"SMITH"},{"floor":11,"key":"REST"},{"data":"Bash","floor":14,"key":"SMITH"},{"floor":17,"key":"REST"}],"neow_cost":"NONE","seed_source_timestamp":13765855529000,"circlet_count":0,"master_deck":["AscendersBane","Strike_R","Strike_R","Strike_R+1","Defend_R+1","Defend_R+1","Defend_R+1","Defend_R","Bash+1","Perfected Strike+1","Pummel","Pummel","Flame Barrier","Limit Break","Languid","Wild Strike"],"relics":["Burning Blood","aspiration:Nostalgia","Sizzling Blood","Centennial Puzzle","aspiration:BabyByrd","Iron Hammer","Dodecahedron","Replay:Ringing Soul","Gremlin Food","Tiny House","ReplayTheSpireMod:Ring of Addiction","ReplayTheSpireMod:Ring of Exchange","Potion Belt","Chameleon Ring"],"potions_floor_usage":[18,18,23],"damage_taken":[{"damage":13,"enemies":"Jaw Worm","floor":1,"turns":5},{"damage":32,"enemies":"Gremlin Nob","floor":6,"turns":4},{"damage":0,"enemies":"2 Louse","floor":10,"turns":2},{"damage":40,"enemies":"Lagavulin","floor":15,"turns":5},{"damage":55,"enemies":"Fading Forest","floor":18,"turns":11},{"damage":2,"enemies":"3 Byrds","floor":20,"turns":4},{"damage":16,"enemies":"Spheric Guardian","floor":23,"turns":4},{"damage":14,"enemies":"Snake Plant","floor":24,"turns":5}],"seed_played":"4169987820819438576","potions_obtained":[{"floor":1,"key":"PowerPotion"},{"floor":6,"key":"PowerPotion"},{"floor":18,"key":"Swift Potion"},{"floor":19,"key":"PowerPotion"},{"floor":22,"key":"SpeedPotion"},{"floor":22,"key":"EssenceOfSteel"},{"floor":22,"key":"Fire Potion"},{"floor":23,"key":"Dexterity Potion"}],"is_trial":false,"path_per_floor":["M","$","?","?","$","E","R","?","T","M","R","PTL","PTL","R","E","$","R","B",null,"M","$","?","M","M"],"character_chosen":"IRONCLAD","items_purchased":["Pummel","Gremlin Food"],"campfire_rested":2,"item_purchase_floors":[2,16],"current_hp_per_floor":[73,73,55,55,55,33,33,16,16,26,51,51,51,51,24,24,50,16,77,85,85,88,85,71],"gold":67,"neow_bonus":"NOSTALGIA","is_prod":false,"is_daily":false,"chose_seed":false,"campfire_upgraded":2,"win_rate":0,"timestamp":1557009571,"path_taken":["M","$","?","?","$","E","R","?","T","M","R","PTL","PTL","R","E","$","R","BOSS","M","$","?","M","M"],"build_version":"2019-01-23","purchased_purges":2,"victory":false,"max_hp_per_floor":[84,84,84,84,84,84,84,84,84,84,84,84,84,84,87,87,87,90,95,95,95,98,101,101],"card_choices":[{"not_picked":["Cleave","Warcry"],"picked":"Perfected Strike","floor":1},{"not_picked":["Run Through","Berserk","Wild Strike"],"picked":"SKIP","floor":6},{"not_picked":["Run Through","Berserk","Wild Strike"],"picked":"SKIP","floor":6},{"not_picked":["Warcry","Sword Boomerang","Sever Soul"],"picked":"SKIP","floor":10},{"not_picked":["Disarm","Iron Wave"],"picked":"Flame Barrier","floor":15},{"not_picked":["Hemogenesis","Double Tap"],"picked":"Limit Break","floor":18},{"not_picked":["Perfected Strike","Clothesline","Armaments"],"picked":"SKIP","floor":20},{"not_picked":["Heavy Blade","Second Wind"],"picked":"Wild Strike","floor":23}],"player_experience":367886,"relics_obtained":[{"floor":6,"key":"Iron Hammer"},{"floor":9,"key":"Dodecahedron"},{"floor":15,"key":"Replay:Ringing Soul"},{"floor":22,"key":"ReplayTheSpireMod:Ring of Addiction"},{"floor":22,"key":"ReplayTheSpireMod:Ring of Exchange"},{"floor":22,"key":"Potion Belt"},{"floor":22,"key":"Chameleon Ring"}],"event_choices":[{"damage_healed":0,"gold_gain":0,"player_choice":"Success","damage_taken":18,"relics_obtained":["Centennial Puzzle"],"max_hp_gain":0,"max_hp_loss":0,"event_name":"Scrap Ooze","floor":3,"gold_loss":0},{"damage_healed":0,"gold_gain":0,"player_choice":"Entered Light","damage_taken":17,"max_hp_gain":0,"max_hp_loss":0,"event_name":"Shining Light","floor":8,"gold_loss":0,"cards_upgraded":["Defend_R","Defend_R"]}],"is_beta":false,"boss_relics":[{"not_picked":["Mark of Pain","ChewingGum"],"picked":"Tiny House"}],"items_purged_floors":[2,21],"is_endless":false,"potions_floor_spawned":[1,6,18,23],"killed_by":"Snake Plant","ascension_level":13}