{"gold_per_floor":[114,128,128,48,64,98,98,45,120,137,150,167,201,212,212,311,311,280,57,33,8,8,8,27,27,27,0,0,70,101,101,101,101],"floor_reached":33,"playtime":2358,"items_purged":[],"score":396,"play_id":"658e5229-459c-4f02-89b5-a69bde5e940e","local_time":"20181112222018","is_ascension_mode":true,"campfire_choices":[{"floor":7,"key":"REST"},{"floor":15,"key":"REST"},{"floor":23,"key":"REST"},{"floor":25,"key":"REST"},{"data":"Envenom","floor":28,"key":"SMITH"},{"floor":32,"key":"REST"}],"neow_cost":"NONE","seed_source_timestamp":248152411709209,"circlet_count":0,"master_deck":["Defend_G","Defend_G","Defend_G","Defend_G","Defend_G","Strike_G","Strike_G","Strike_G","Survivor","Neutralize","Well Laid Plans","All Out Attack","Footwork","Flying Knee","Calculated Gamble","Choke","Envenom+1","Bane","Prepared","Deflect","Slice","Dodge and Roll","Finisher","Outmaneuver","Bullet Time","Slice","Dodge and Roll","Blade Dance+1","Caltrops","Cloak And Dagger+1","Infinite Blades","Bane"],"relics":["Ring of the Snake","Dream Catcher","Pear","Juzu Bracelet","Lizard Tail","Snake Skull","Tiny Chest","Blood Vial","Potion Belt","Question Card","Happy Flower"],"potions_floor_usage":[13,16,16,18,24,30,33,33],"damage_taken":[{"damage":2,"enemies":"2 Louse","floor":1,"turns":4},{"damage":0,"enemies":"Cultist","floor":2,"turns":4},{"damage":0,"enemies":"Small Slimes","floor":5,"turns":3},{"damage":32,"enemies":"Lagavulin","floor":6,"turns":11},{"damage":1,"enemies":"Blue Slaver","floor":10,"turns":6},{"damage":9,"enemies":"2 Fungi Beasts","floor":11,"turns":5},{"damage":0,"enemies":"Large Slime","floor":12,"turns":4},{"damage":8,"enemies":"Gremlin Nob","floor":13,"turns":4},{"damage":5,"enemies":"3 Louse","floor":14,"turns":3},{"damage":16,"enemies":"The Guardian","floor":16,"turns":14},{"damage":39,"enemies":"2 Thieves","floor":18,"turns":5},{"damage":7,"enemies":"Spheric Guardian","floor":24,"turns":5},{"damage":23,"enemies":"Gremlin Leader","floor":30,"turns":9},{"damage":142,"enemies":"Collector","floor":33,"turns":7}],"seed_played":"-707977572384583272","potions_obtained":[{"floor":1,"key":"GamblersBrew"},{"floor":10,"key":"FearPotion"},{"floor":12,"key":"Block Potion"},{"floor":13,"key":"Dexterity Potion"},{"floor":16,"key":"Weak Potion"},{"floor":24,"key":"Weak Potion"},{"floor":30,"key":"Energy Potion"}],"is_trial":false,"path_per_floor":["M","M","?","$","M","E","R","$","T","M","M","M","E","M","R","B",null,"M","$","?","$","?","R","M","R","T","?","R","T","E","?","R","B"],"character_chosen":"THE_SILENT","items_purchased":["Footwork","Flying Knee","Bane","Snake Skull","GhostInAJar","Dodge and Roll"],"campfire_rested":5,"item_purchase_floors":[4,4,8,19,19,21],"current_hp_per_floor":[61,61,61,61,61,29,50,50,60,59,50,50,42,37,61,45,71,32,32,32,32,32,56,51,75,75,75,75,75,54,54,78,0],"gold":101,"neow_bonus":"REMOVE_CARD","is_prod":false,"is_daily":false,"chose_seed":false,"campfire_upgraded":1,"win_rate":0,"timestamp":1542061218,"path_taken":["M","M","?","$","?","E","R","$","T","M","M","?","E","M","R","BOSS","M","$","?","$","?","R","M","R","T","?","R","?","E","?","R","BOSS"],"build_version":"2018-11-08","purchased_purges":0,"victory":false,"max_hp_per_floor":[70,70,70,70,70,70,70,70,80,80,80,80,80,80,80,80,80,80,80,80,80,80,80,80,80,80,80,80,80,80,80,80,80],"card_choices":[{"not_picked":["Dagger Throw","Dagger Spray"],"picked":"Well Laid Plans","floor":1},{"not_picked":["Well Laid Plans","Masterful Stab"],"picked":"All Out Attack","floor":2},{"not_picked":["Outmaneuver","Sucker Punch"],"picked":"Calculated Gamble","floor":5},{"not_picked":["Flechettes","Eviscerate"],"picked":"Choke","floor":6},{"not_picked":["Backflip","Endless Agony"],"picked":"Envenom","floor":7},{"not_picked":["Underhanded Strike","Expertise"],"picked":"Prepared","floor":10},{"not_picked":["Distraction","Quick Slash"],"picked":"Deflect","floor":11},{"not_picked":["Deflect","Sucker Punch"],"picked":"Slice","floor":12},{"not_picked":["Sucker Punch","Underhanded Strike"],"picked":"Dodge and Roll","floor":13},{"not_picked":["Backflip","Adrenaline"],"picked":"Finisher","floor":14},{"not_picked":["Deflect","Slice"],"picked":"Outmaneuver","floor":15},{"not_picked":["Corpse Explosion","Unload"],"picked":"Bullet Time","floor":16},{"not_picked":["Reflex","Escape Plan"],"picked":"Slice","floor":18},{"not_picked":["Bane","Flying Knee"],"picked":"Blade Dance+1","floor":23},{"not_picked":["Predator","Escape Plan+1"],"picked":"Caltrops","floor":24},{"not_picked":["Concentrate+1","Acrobatics"],"picked":"Cloak And Dagger+1","floor":25},{"not_picked":["Dagger Spray","Poisoned Stab","PiercingWail"],"picked":"Infinite Blades","floor":30},{"not_picked":["Doppelganger","Quick Slash","Sucker Punch"],"picked":"Bane","floor":32}],"player_experience":820327,"relics_obtained":[{"floor":6,"key":"Dream Catcher"},{"floor":9,"key":"Pear"},{"floor":13,"key":"Juzu Bracelet"},{"floor":26,"key":"Potion Belt"},{"floor":29,"key":"Question Card"},{"floor":30,"key":"Happy Flower"}],"event_choices":[{"cards_removed":["Strike_G"],"damage_healed":0,"gold_gain":0,"player_choice":"Offered Basic","damage_taken":0,"max_hp_gain":0,"max_hp_loss":0,"event_name":"Bonfire Elementals","floor":3,"gold_loss":0},{"damage_healed":0,"gold_gain":0,"player_choice":"Paid Gold","damage_taken":0,"relics_obtained":["Tiny Chest"],"max_hp_gain":0,"max_hp_loss":0,"event_name":"WeMeetAgain","floor":20,"gold_loss":54},{"damage_healed":0,"gold_gain":0,"player_choice":"Opened","damage_taken":0,"relics_obtained":["Blood Vial"],"max_hp_gain":0,"max_hp_loss":0,"event_name":"The Mausoleum","floor":22,"gold_loss":0},{"damage_healed":0,"gold_gain":0,"player_choice":"Paid Fearfully","damage_taken":0,"max_hp_gain":0,"max_hp_loss":0,"event_name":"Masked Bandits","floor":27,"gold_loss":27},{"damage_healed":0,"gold_gain":0,"player_choice":"Ignored","damage_taken":0,"max_hp_gain":0,"max_hp_loss":0,"event_name":"Ghosts","floor":31,"gold_loss":0}],"is_beta":false,"boss_relics":[{"not_picked":["White Beast Statue","Coffee Dripper"],"picked":"Lizard Tail"}],"items_purged_floors":[],"is_endless":false,"potions_floor_spawned":[1,10,12,13,16,24,30],"killed_by":"Collector","ascension_level":9}