{"path_per_floor":["M","?","T","$","?","E","R","E","T","$","M","M","T","M","R","B",null,"M","M","?","$","M","E","R","$","T","T"],"character_chosen":"IRONCLAD","items_purchased":["Whirlwind","Barricade","Mind Blast","Trip"],"gold_per_floor":[99,99,99,23,98,132,132,175,175,13,29,50,50,74,74,197,197,222,235,235,70,83,126,126,126,126,202,202],"floor_reached":28,"campfire_rested":1,"playtime":1743,"item_purchase_floors":[4,10,10,21],"current_hp_per_floor":[80,60,60,60,49,55,55,61,61,61,67,73,73,79,79,80,80,80,80,80,80,54,27,51,51,51,51,0],"items_purged":["Strike_R"],"gold":202,"score":344,"play_id":"30063b4b-8452-44e9-8ef5-9fd9c99d1bbc","local_time":"20180603130833","is_prod":false,"is_daily":false,"chose_seed":false,"is_ascension_mode":false,"campfire_upgraded":2,"win_rate":0,"timestamp":1528027713,"campfire_choices":[{"data":"Armaments","floor":7,"key":"SMITH"},{"data":"Barricade","floor":15,"key":"SMITH"},{"floor":24,"key":"REST"}],"path_taken":["M","?","?","$","?","E","R","E","T","$","M","M","?","M","R","BOSS","M","?","?","$","M","E","R","?","T","?","M"],"build_version":"2018-05-31","seed_source_timestamp":509401879695374,"purchased_purges":1,"victory":false,"master_deck":["Strike_R","Strike_R","Strike_R","Strike_R","Defend_R","Defend_R","Defend_R","Defend_R","Bash","Armaments+1","Whirlwind","Shrug It Off","Barricade+1","Mind Blast","Metallicize","Demon Form","Infernal Blade","Berserk","True Grit+1","Limit Break","Trip","Body Slam"],"max_hp_per_floor":[80,80,80,80,80,80,80,80,80,80,80,80,80,80,80,80,80,80,80,80,80,80,80,80,80,80,80,80],"relics":["Burning Blood","NeowsBlessing","Golden Idol","Bronze Scales","Bag of Marbles","Letter Opener","Orichalcum","Mummified Hand","Bottled Tornado","Blood Vial","Smiling Mask"],"card_choices":[{"not_picked":["Twin Strike","Clash"],"picked":"Armaments","floor":1},{"not_picked":["Havoc","Sword Boomerang"],"picked":"Shrug It Off","floor":6},{"not_picked":["Wild Strike","Anger","Havoc"],"picked":"SKIP","floor":8},{"not_picked":["Heavy Blade","Uppercut"],"picked":"Metallicize","floor":11},{"not_picked":["Rupture","Battle Trance"],"picked":"Demon Form","floor":12},{"not_picked":["Havoc","Flex"],"picked":"Infernal Blade","floor":14},{"not_picked":["Dark Embrace","Demon Form"],"picked":"Berserk","floor":16},{"not_picked":["Flex","Warcry","Anger"],"picked":"SKIP","floor":18},{"not_picked":["Armaments","Anger"],"picked":"True Grit+1","floor":19},{"not_picked":["Perfected Strike","Cleave"],"picked":"Body Slam","floor":22},{"not_picked":["Twin Strike","True Grit+1","Fiend Fire"],"picked":"SKIP","floor":23}],"player_experience":253318,"potions_floor_usage":[22,22],"damage_taken":[{"damage":0,"enemies":"Jaw Worm","floor":1,"turns":1},{"damage":0,"enemies":"Lagavulin","floor":6,"turns":1},{"damage":0,"enemies":"Gremlin Nob","floor":8,"turns":1},{"damage":0,"enemies":"2 Louse","floor":11,"turns":1},{"damage":0,"enemies":"Small Slimes","floor":12,"turns":3},{"damage":0,"enemies":"Blue Slaver","floor":14,"turns":4},{"damage":0,"enemies":"The Guardian","floor":16,"turns":11},{"damage":2,"enemies":"Chosen","floor":18,"turns":6},{"damage":0,"enemies":"3 Byrds","floor":19,"turns":5},{"damage":32,"enemies":"Sentry and Sphere","floor":22,"turns":7},{"damage":33,"enemies":"Gremlin Leader","floor":23,"turns":9},{"damage":57,"enemies":"3 Cultists","floor":28,"turns":6}],"relics_obtained":[{"floor":3,"key":"Bronze Scales"},{"floor":6,"key":"Bag of Marbles"},{"floor":8,"key":"Letter Opener"},{"floor":9,"key":"Orichalcum"},{"floor":13,"key":"Mummified Hand"},{"floor":23,"key":"Bottled Tornado"},{"floor":26,"key":"Blood Vial"},{"floor":27,"key":"Smiling Mask"}],"event_choices":[{"event_name":"Golden Idol","player_choice":"Take Damage","floor":2,"damage_taken":0},{"event_name":"World of Goop","player_choice":"Gather Gold","floor":5,"damage_taken":0},{"event_name":"The Library","player_choice":"Read","floor":20,"damage_taken":0}],"boss_relics":[{"not_picked":["Snecko Eye","White Beast Statue","Mark of Pain"]}],"items_purged_floors":[21],"potions_floor_spawned":[8,11,12,16,18,22],"seed_played":"3271346020882204482","killed_by":"3 Cultists","ascension_level":0,"potions_obtained":[{"floor":8,"key":"SkillPotion"},{"floor":11,"key":"SkillPotion"},{"floor":12,"key":"Dexterity Potion"},{"floor":18,"key":"Block Potion"},{"floor":22,"key":"Strength Potion"}],"is_trial":false}