{"gold_per_floor":[117,130,143,34,0,34,34,48,101,115,150,206,222,234,234,337,337,347,262,272,291,304,304,304,59,59,59,74,103,103,202,202,306,306,320,320,340,340,340,372,16,116,116,116,116,136,136,150,150,150],"floor_reached":51,"playtime":6804,"items_purged":["Strike_R","Strike_R"],"score":1078,"play_id":"77bc08fe-6ce5-417a-b2f6-9152ab189b05","local_time":"20190130175618","is_ascension_mode":true,"campfire_choices":[{"data":"Bash","floor":7.0,"key":"SMITH"},{"data":"True Grit","floor":15.0,"key":"SMITH"},{"data":"Shockwave","floor":23,"key":"SMITH"},{"data":"Uppercut","floor":27,"key":"SMITH"},{"floor":32,"key":"REST"},{"data":"Heavy Blade","floor":47,"key":"SMITH"},{"data":"Whirlwind","floor":49,"key":"SMITH"}],"neow_cost":"NONE","seed_source_timestamp":0,"circlet_count":0,"master_deck":["Strike_R","Strike_R","Strike_R","Defend_R","Defend_R","Defend_R","Defend_R","Bash+1","Warcry+1","Cleave","Headbutt","Shockwave+1","Uppercut+1","True Grit+1","Power Through+1","Immolate","Inflame","Intimidate","Reaper","Demon Form","Flame Barrier+1","Armaments+1","Dropkick","Trip","Juggernaut","Anger","Barricade","Shrug It Off+1","Disarm+1","Blind","Master of Strategy","Dual Wield+1","Panache","Heavy Blade+1","Whirlwind+1"],"special_seed":0,"relics":["Burning Blood","Lantern","Question Card","Blood Vial","War Paint","Paper Frog","Cursed Key","Bag of Marbles","MutagenicStrength","Peace Pipe","Velvet Choker","Singing Bowl","Thread and Needle"],"potions_floor_usage":[29,40,40,50],"damage_taken":[{"damage":7.0,"enemies":"2 Louse","floor":1.0,"turns":3.0},{"damage":3.0,"enemies":"Jaw Worm","floor":2.0,"turns":6.0},{"damage":2.0,"enemies":"Small Slimes","floor":3.0,"turns":3.0},{"damage":27.0,"enemies":"Gremlin Nob","floor":6.0,"turns":4.0},{"damage":0.0,"enemies":"2 Fungi Beasts","floor":8.0,"turns":3.0},{"damage":26.0,"enemies":"Large Slime","floor":10.0,"turns":7.0},{"damage":37.0,"enemies":"Lagavulin","floor":11.0,"turns":6.0},{"damage":10.0,"enemies":"3 Sentries","floor":12.0,"turns":5.0},{"damage":0.0,"enemies":"3 Louse","floor":13.0,"turns":1.0},{"damage":3.0,"enemies":"2 Fungi Beasts","floor":14.0,"turns":4.0},{"damage":63.0,"enemies":"Hexaghost","floor":16.0,"turns":11.0},{"damage":22.0,"enemies":"Spheric Guardian","floor":18.0,"turns":4.0},{"damage":18.0,"enemies":"Shell Parasite","floor":20.0,"turns":5.0},{"damage":17.0,"enemies":"Shelled Parasite and Fungi","floor":21.0,"turns":8.0},{"damage":1.0,"enemies":"3 Cultists","floor":22.0,"turns":4.0},{"damage":3,"enemies":"Centurion and Healer","floor":28,"turns":6},{"damage":25,"enemies":"Gremlin Leader","floor":29,"turns":4},{"damage":21,"enemies":"Champ","floor":33,"turns":9},{"damage":15,"enemies":"3 Darklings","floor":35,"turns":6},{"damage":12,"enemies":"3 Shapes","floor":37,"turns":10},{"damage":39,"enemies":"Reptomancer","floor":40,"turns":7},{"damage":0,"enemies":"Mind Bloom Boss Battle","floor":42,"turns":7},{"damage":19,"enemies":"Writhing Mass","floor":46,"turns":6},{"damage":15,"enemies":"3 Darklings","floor":48,"turns":4},{"damage":89,"enemies":"Donu and Deca","floor":50,"turns":8}],"seed_played":"8976828431569908864","potions_obtained":[{"floor":1.0,"key":"Regen Potion"},{"floor":3.0,"key":"BloodPotion"},{"floor":11.0,"key":"Regen Potion"},{"floor":13.0,"key":"Ancient Potion"},{"floor":16.0,"key":"GamblersBrew"},{"floor":20.0,"key":"Strength Potion"},{"floor":21.0,"key":"SkillPotion"},{"floor":29,"key":"Poison Potion"},{"floor":37,"key":"Fire Potion"},{"floor":46,"key":"PowerPotion"}],"is_trial":false,"path_per_floor":["M","M","M","$","?","E","R","M","T","M","E","?","M","M","R","B",null,"M","?","M","M","M","R","?","$","T","R","M","E","?","?","R","B",null,"M","?","M","$","?","E","$","?","T","?","?","M","R","M","R","B",null],"character_chosen":"IRONCLAD","items_purchased":["Shockwave","Uppercut","Dropkick","Trip","Blind","Master of Strategy"],"campfire_rested":1,"item_purchase_floors":[4,4,25,25,41,41],"current_hp_per_floor":[71,74,78,78,78,65,65,71,71,67,38,36,44,63,63,33,68,63,63,63,61,80,80,80,80,80,80,80,80,65,65,85,85,85,85,85,79,79,79,59,59,81,81,81,81,81,81,80,80,38],"gold":150,"neow_bonus":"RANDOM_COMMON_RELIC","is_prod":false,"is_daily":false,"chose_seed":false,"campfire_upgraded":6,"win_rate":0,"timestamp":1548870978,"path_taken":["M","M","M","$","?","E","R","M","T","M","E","?","M","M","R","BOSS","M","?","M","M","M","R","?","$","T","R","M","E","?","?","R","BOSS","M","?","M","$","?","E","$","?","T","?","?","M","R","?","R","BOSS"],"build_version":"2019-01-23","purchased_purges":2,"victory":true,"max_hp_per_floor":[80,80,80,80,80,80,80,80,80,80,80,80,80,80,80,80,80,80,80,80,80,80,80,80,80,80,80,80,80,85,85,85,85,85,85,85,85,85,81,81,81,81,81,81,81,81,81,81,81,81],"card_choices":[{"not_picked":["Wild Strike","Rupture"],"picked":"Warcry","floor":1.0},{"not_picked":["Thunderclap","Pummel"],"picked":"Cleave","floor":2.0},{"not_picked":["Dual Wield","Body Slam"],"picked":"Headbutt","floor":3.0},{"not_picked":["Pommel Strike","Burning Pact"],"picked":"True Grit","floor":6.0},{"not_picked":["Headbutt","Hemokinesis","Entrench"],"picked":"Power Through","floor":8.0},{"not_picked":["Havoc","True Grit","Power Through"],"picked":"Immolate","floor":10.0},{"not_picked":["Anger","Clothesline","Seeing Red"],"picked":"Inflame","floor":11.0},{"not_picked":["Thunderclap","Pommel Strike","Sentinel"],"picked":"Intimidate","floor":12.0},{"not_picked":["Flex","Armaments","Pommel Strike"],"picked":"Reaper","floor":13.0},{"not_picked":["Corruption","Infernal Blade","Pommel Strike","Combust"],"picked":"SKIP","floor":14.0},{"not_picked":["Barricade","Dark Embrace","Brutality"],"picked":"Demon Form","floor":16.0},{"not_picked":["Sentinel","Perfected Strike+1","Blood for Blood+1","Combust"],"picked":"SKIP","floor":18.0},{"not_picked":["Wild Strike","Body Slam","Blood for Blood"],"picked":"Flame Barrier+1","floor":20.0},{"not_picked":["Havoc","Clash","True Grit"],"picked":"Armaments+1","floor":21.0},{"not_picked":["Sentinel","Anger","Intimidate","Sword Boomerang"],"picked":"SKIP","floor":22.0},{"not_picked":["Rampage","Reckless Charge","Twin Strike+1"],"picked":"Juggernaut","floor":28},{"not_picked":["Thunderclap","Pommel Strike","Brutality"],"picked":"Anger","floor":29},{"not_picked":["Reaper","Exhume","Bludgeon"],"picked":"Barricade","floor":33},{"not_picked":["Wild Strike+1","Armaments+1","Havoc","True Grit"],"picked":"SKIP","floor":35},{"not_picked":["Reckless Charge+1","Pommel Strike","Wild Strike+1"],"picked":"Shrug It Off+1","floor":37},{"not_picked":["Battle Trance+1","Flex+1","Feel No Pain"],"picked":"Disarm+1","floor":40},{"not_picked":["Sword Boomerang+1","Corruption+1","Armaments+1"],"picked":"Dual Wield+1","floor":42},{"not_picked":["Metamorphosis","Good Instincts","Secret Technique"],"picked":"Panache","floor":45},{"not_picked":["Havoc","True Grit","Headbutt+1"],"picked":"Heavy Blade","floor":46},{"not_picked":["Headbutt","Dual Wield+1","Thunderclap"],"picked":"Whirlwind","floor":48}],"player_experience":1081637,"relics_obtained":[{"floor":6.0,"key":"Question Card"},{"floor":9.0,"key":"Blood Vial"},{"floor":11.0,"key":"War Paint"},{"floor":12.0,"key":"Paper Frog"},{"floor":29,"key":"Peace Pipe"},{"floor":40,"key":"Singing Bowl"},{"floor":42,"key":"Thread and Needle"}],"event_choices":[{"damage_healed":0.0,"max_hp_gain":0.0,"max_hp_loss":0.0,"gold_gain":0.0,"event_name":"World of Goop","player_choice":"Left Gold","floor":5.0,"gold_loss":34.0,"damage_taken":0.0},{"damage_healed":0.0,"max_hp_gain":0.0,"max_hp_loss":0.0,"gold_gain":30.0,"event_name":"Dead Adventurer","player_choice":"Searched \u00273\u0027 times","floor":12.0,"gold_loss":0.0,"damage_taken":0.0},{"damage_healed":0.0,"max_hp_gain":0.0,"max_hp_loss":0.0,"gold_gain":0.0,"event_name":"Addict","player_choice":"Obtained Relic","floor":19.0,"gold_loss":85.0,"damage_taken":0.0,"relics_obtained":["Bag of Marbles"]},{"damage_healed":0,"gold_gain":0,"player_choice":"Inject Mutagens","damage_taken":0,"relics_obtained":["MutagenicStrength"],"max_hp_gain":0,"max_hp_loss":0,"event_name":"Drug Dealer","floor":24,"gold_loss":0},{"damage_healed":0,"gold_gain":0,"player_choice":"Shed Blood","damage_taken":20,"max_hp_gain":5,"max_hp_loss":0,"event_name":"Forgotten Altar","floor":30,"gold_loss":0},{"damage_healed":0,"gold_gain":99,"player_choice":"Stole From Cult","damage_taken":0,"max_hp_gain":0,"max_hp_loss":0,"event_name":"Nest","floor":31,"gold_loss":0},{"damage_healed":0,"gold_gain":0,"player_choice":"Ignored","damage_taken":0,"max_hp_gain":0,"max_hp_loss":0,"event_name":"Tomb of Lord Red Mask","floor":36,"gold_loss":0},{"damage_healed":0,"gold_gain":0,"player_choice":"Max HP","damage_taken":0,"max_hp_gain":0,"max_hp_loss":4,"event_name":"Winding Halls","floor":39,"gold_loss":0},{"damage_healed":0,"gold_gain":0,"player_choice":"Fight","damage_taken":0,"max_hp_gain":0,"max_hp_loss":0,"event_name":"MindBloom","floor":42,"gold_loss":0},{"damage_healed":0,"gold_gain":0,"player_choice":"Ignored","damage_taken":0,"max_hp_gain":0,"max_hp_loss":0,"event_name":"Mysterious Sphere","floor":44,"gold_loss":0},{"damage_healed":0,"gold_gain":0,"player_choice":"Memory 1","damage_taken":0,"max_hp_gain":0,"max_hp_loss":0,"event_name":"SensoryStone","floor":45,"gold_loss":0}],"is_beta":false,"boss_relics":[{"not_picked":["Philosopher\u0027s Stone","Pandora\u0027s Box"],"picked":"Cursed Key"},{"not_picked":["Sozu","Black Blood"],"picked":"Velvet Choker"}],"items_purged_floors":[25,41],"is_endless":false,"potions_floor_spawned":[1,3,11,13,16,20,21,29,33,37,46],"ascension_level":9}