{"gold_per_floor":[119,44,61,136,136,136,150,150,150,242,242,260,274,274,274,379,379,392,392,267,278,278,278,298,316,362,362,377,377],"floor_reached":29,"playtime":960,"items_purged":["Strike_B","Defend_B"],"score":215,"play_id":"b13dd58d-3df9-414e-b43a-01527bd00beb","local_time":"20190217135349","is_ascension_mode":false,"campfire_choices":[{"data":"Zap","floor":6,"key":"SMITH"},{"data":"Dualcast","floor":8,"key":"SMITH"},{"data":"Reinforced Body","floor":11,"key":"SMITH"},{"floor":15,"key":"REST"},{"data":"Go for the Eyes","floor":23,"key":"SMITH"}],"neow_cost":"NONE","seed_source_timestamp":236076235600,"circlet_count":0,"master_deck":["Strike_B","Defend_B","Defend_B","Defend_B","Zap+1","Dualcast+1","Capacitor","Ball Lightning","Reinforced Body+1","Coolheaded","FTL","Go for the Eyes+1","All For One","Steam","Static Discharge+1","Redo","Capacitor","Static Discharge"],"relics":["Cracked Core","Lantern","Potion Belt","Bag of Marbles","Philosopher\u0027s Stone","Nloth\u0027s Gift","Smiling Mask"],"potions_floor_usage":[10,16],"damage_taken":[{"damage":0,"enemies":"Small Slimes","floor":1,"turns":3},{"damage":8,"enemies":"Jaw Worm","floor":3,"turns":3},{"damage":0,"enemies":"Cultist","floor":7,"turns":3},{"damage":17,"enemies":"3 Sentries","floor":10,"turns":5},{"damage":18,"enemies":"Exordium Thugs","floor":12,"turns":5},{"damage":0,"enemies":"3 Louse","floor":13,"turns":3},{"damage":27,"enemies":"Hexaghost","floor":16,"turns":11},{"damage":2,"enemies":"Chosen","floor":18,"turns":3},{"damage":1,"enemies":"Shell Parasite","floor":21,"turns":3},{"damage":5,"enemies":"Centurion and Healer","floor":24,"turns":5},{"damage":14,"enemies":"Chosen and Byrds","floor":25,"turns":5},{"damage":23,"enemies":"3 Cultists","floor":28,"turns":5},{"damage":32,"enemies":"Snake Plant","floor":29,"turns":3}],"seed_played":"3423751737228184238","potions_obtained":[{"floor":1,"key":"SpeedPotion"},{"floor":7,"key":"Explosive Potion"},{"floor":12,"key":"SkillPotion"},{"floor":13,"key":"EssenceOfSteel"},{"floor":18,"key":"Poison Potion"},{"floor":25,"key":"Block Potion"},{"floor":28,"key":"Explosive Potion"}],"is_trial":false,"path_per_floor":["M","$","M","?","?","R","M","R","T","?","R","M","M","?","R","B",null,"M","?","$","M","?","R","M","M","T","?","M","M"],"character_chosen":"DEFECT","items_purchased":["Steam"],"campfire_rested":1,"item_purchase_floors":[20],"current_hp_per_floor":[75,75,67,56,49,49,49,49,49,32,32,14,14,11,33,6,75,73,73,73,72,72,72,67,53,53,53,30,0],"gold":377,"neow_bonus":"RANDOM_COMMON_RELIC","is_prod":false,"is_daily":false,"chose_seed":false,"campfire_upgraded":4,"win_rate":0.0,"timestamp":1550440429,"path_taken":["M","$","M","?","?","R","M","R","T","?","R","M","M","?","R","BOSS","M","?","?","?","?","R","M","M","T","?","M","M"],"build_version":"2019-01-23","purchased_purges":2,"victory":false,"max_hp_per_floor":[75,75,75,75,75,75,75,75,75,75,75,75,75,75,75,75,75,75,75,75,75,75,75,75,75,75,75,75,75],"card_choices":[{"not_picked":["Doom and Gloom","Go for the Eyes"],"picked":"Capacitor","floor":1},{"not_picked":["Steam Power","Rip and Tear"],"picked":"Ball Lightning","floor":3},{"not_picked":["Lockon","Ball Lightning"],"picked":"Reinforced Body","floor":7},{"not_picked":["Capacitor","Compile Driver"],"picked":"Coolheaded","floor":10},{"not_picked":["Compile Driver","Reinforced Body"],"picked":"FTL","floor":12},{"not_picked":["Hello World","Ball Lightning"],"picked":"Go for the Eyes","floor":13},{"not_picked":["Machine Learning","Seek"],"picked":"All For One","floor":16},{"not_picked":["Force Field","Coolheaded","Stack"],"picked":"SKIP","floor":18},{"not_picked":["Rebound","Gash"],"picked":"Static Discharge+1","floor":21},{"not_picked":["Hologram","Meteor Strike"],"picked":"Redo","floor":24},{"not_picked":["Skim","Reinforced Body"],"picked":"Capacitor","floor":25},{"not_picked":["Core Surge","Coolheaded"],"picked":"Static Discharge","floor":28}],"player_experience":180751,"relics_obtained":[{"floor":9,"key":"Potion Belt"},{"floor":10,"key":"Tiny Chest"},{"floor":26,"key":"Smiling Mask"}],"event_choices":[{"damage_healed":0,"gold_gain":75,"player_choice":"Gather Gold","damage_taken":11,"max_hp_gain":0,"max_hp_loss":0,"event_name":"World of Goop","floor":4,"gold_loss":0},{"cards_removed":["Strike_B"],"damage_healed":0,"gold_gain":0,"player_choice":"Card Removal","damage_taken":7,"max_hp_gain":0,"max_hp_loss":0,"event_name":"Golden Wing","floor":5,"gold_loss":0},{"damage_healed":0,"gold_gain":30,"player_choice":"Searched \u00273\u0027 times","damage_taken":0,"max_hp_gain":0,"max_hp_loss":0,"event_name":"Dead Adventurer","floor":10,"gold_loss":0},{"damage_healed":0,"gold_gain":0,"player_choice":"Success","damage_taken":3,"relics_obtained":["Bag of Marbles"],"max_hp_gain":0,"max_hp_loss":0,"event_name":"Scrap Ooze","floor":14,"gold_loss":0},{"damage_healed":0,"gold_gain":0,"player_choice":"Traded Relic","damage_taken":0,"relics_obtained":["Nloth\u0027s Gift"],"max_hp_gain":0,"max_hp_loss":0,"event_name":"N\u0027loth","floor":19,"relics_lost":["Tiny Chest"],"gold_loss":0},{"damage_healed":0,"gold_gain":0,"player_choice":"Ignored","damage_taken":0,"max_hp_gain":0,"max_hp_loss":0,"event_name":"Ghosts","floor":22,"gold_loss":0},{"cards_removed":["Strike_B"],"damage_healed":0,"gold_gain":0,"player_choice":"Purged","damage_taken":0,"max_hp_gain":0,"max_hp_loss":0,"event_name":"Purifier","floor":27,"gold_loss":0}],"is_beta":false,"boss_relics":[{"not_picked":["Fusion Hammer","Snecko Eye"],"picked":"Philosopher\u0027s Stone"}],"items_purged_floors":[2,20],"is_endless":false,"potions_floor_spawned":[1,7,12,13,18,25,28],"killed_by":"Snake Plant","ascension_level":0}