{"gold_per_floor":[215,226,226,1,12,44,44,57,57,91,91,124,172,191,191,191],"floor_reached":16,"playtime":2901,"items_purged":[],"score":174,"play_id":"6103033c-9a89-4640-b499-50c959883548","local_time":"20181114184949","is_ascension_mode":true,"campfire_choices":[{"floor":11,"key":"REST"},{"floor":15,"key":"REST"}],"neow_cost":"NONE","seed_source_timestamp":71235447460361,"circlet_count":0,"master_deck":["Defend_G","Defend_G","Defend_G","Defend_G","Defend_G","Strike_G","Strike_G","Strike_G","Strike_G","Strike_G","Survivor","Neutralize","Blur","Dagger Throw","After Image","Finesse","Slice","Envenom","Outmaneuver","Malaise","Bane","Distraction+1"],"relics":["Ring of the Snake","Paper Crane","Meat on the Bone","Smiling Mask","Toxic Egg 2","Bronze Scales"],"potions_floor_usage":[6,10,12],"damage_taken":[{"damage":0,"enemies":"Small Slimes","floor":1,"turns":5},{"damage":3,"enemies":"Jaw Worm","floor":2,"turns":8},{"damage":0,"enemies":"Cultist","floor":5,"turns":4},{"damage":14,"enemies":"3 Sentries","floor":6,"turns":14},{"damage":1,"enemies":"Blue Slaver","floor":8,"turns":5},{"damage":29,"enemies":"Gremlin Nob","floor":10,"turns":5},{"damage":32,"enemies":"3 Sentries","floor":12,"turns":14},{"damage":5,"enemies":"3 Louse","floor":14,"turns":5},{"damage":77,"enemies":"Slime Boss","floor":16,"turns":13}],"seed_played":"-9019441264370345456","potions_obtained":[{"floor":1,"key":"Fire Potion"},{"floor":2,"key":"PowerPotion"},{"floor":10,"key":"Poison Potion"},{"floor":14,"key":"SmokeBomb"}],"is_trial":false,"path_per_floor":["M","M","?","$","M","E","?","M","T","E","R","E","T","M","R","B"],"character_chosen":"THE_SILENT","items_purchased":["After Image","Finesse"],"campfire_rested":2,"item_purchase_floors":[4,4],"current_hp_per_floor":[63,60,70,70,70,56,56,55,55,38,59,39,39,46,67,0],"gold":191,"neow_bonus":"HUNDRED_GOLD","is_prod":false,"is_daily":false,"chose_seed":false,"campfire_upgraded":0,"win_rate":0,"timestamp":1542221389,"path_taken":["M","M","?","$","M","E","?","M","T","E","R","E","?","M","R","BOSS"],"build_version":"2018-11-08","purchased_purges":0,"victory":false,"max_hp_per_floor":[70,70,70,70,70,70,70,70,70,70,70,70,70,70,70,70],"card_choices":[{"not_picked":["Blade Dance","Eviscerate"],"picked":"Blur","floor":1},{"not_picked":["Deflect","Venomology"],"picked":"Dagger Throw","floor":2},{"not_picked":["Underhanded Strike","Dodge and Roll"],"picked":"Slice","floor":5},{"not_picked":["Masterful Stab","Outmaneuver"],"picked":"Envenom","floor":6},{"not_picked":["Choke","Backflip"],"picked":"Outmaneuver","floor":8},{"not_picked":["Setup","Eviscerate"],"picked":"Malaise","floor":10},{"not_picked":["Cloak And Dagger","Expertise"],"picked":"Bane","floor":12},{"not_picked":["Reflex+1","Slice"],"picked":"Distraction+1","floor":14}],"player_experience":831466,"relics_obtained":[{"floor":6,"key":"Paper Crane"},{"floor":9,"key":"Meat on the Bone"},{"floor":10,"key":"Smiling Mask"},{"floor":12,"key":"Toxic Egg 2"},{"floor":13,"key":"Bronze Scales"}],"event_choices":[{"damage_healed":23,"gold_gain":0,"player_choice":"Banana","damage_taken":0,"max_hp_gain":0,"max_hp_loss":0,"event_name":"Big Fish","floor":3,"gold_loss":0},{"damage_healed":0,"gold_gain":0,"player_choice":"Ignored","damage_taken":0,"max_hp_gain":0,"max_hp_loss":0,"event_name":"Liars Game","floor":7,"gold_loss":0}],"is_beta":false,"boss_relics":[],"items_purged_floors":[],"is_endless":false,"potions_floor_spawned":[1,2,10,14],"killed_by":"Slime Boss","ascension_level":9}