{"gold_per_floor":[109,109,34,49,49,49,77,87,162,162,176,176,211,286,286,381,381,394,494,494,494,510,510,525,525,525,535,551,551,451,466,466,466],"floor_reached":33,"playtime":1516,"items_purged":["Strike_R","Parasite"],"score":332,"play_id":"824292b8-611c-4dfa-b156-f1bc2f17b4f3","local_time":"20190302112258","is_ascension_mode":true,"campfire_choices":[{"data":"Body Slam","floor":6,"key":"SMITH"},{"data":"Shrug It Off","floor":12,"key":"SMITH"},{"floor":15,"key":"REST"},{"data":"Shrug It Off","floor":23,"key":"SMITH"},{"floor":25,"key":"REST"},{"floor":29,"key":"REST"},{"floor":32,"key":"REST"}],"neow_cost":"NONE","seed_source_timestamp":130363428633500,"circlet_count":0,"master_deck":["Strike_R","Strike_R","Strike_R","Defend_R","Defend_R","Defend_R","Bash","Body Slam+1","Shrug It Off+1","Ghostly Armor","Iron Wave","Shrug It Off+1","Impervious","Inflame+1","Twin Strike+1","Flex+1"],"relics":["Burning Blood","Strawberry","Mummified Hand","Potion Belt","Busted Crown","Peace Pipe","Bottled Lightning","Magic Flower"],"potions_floor_usage":[16,16,19,27,33,33,33],"damage_taken":[{"damage":9,"enemies":"Jaw Worm","floor":1,"turns":5},{"damage":10,"enemies":"2 Louse","floor":4,"turns":3},{"damage":42,"enemies":"3 Sentries","floor":7,"turns":10},{"damage":4,"enemies":"Small Slimes","floor":8,"turns":3},{"damage":5,"enemies":"2 Fungi Beasts","floor":11,"turns":5},{"damage":37,"enemies":"Lagavulin","floor":13,"turns":11},{"damage":6,"enemies":"The Guardian","floor":16,"turns":9},{"damage":13,"enemies":"Spheric Guardian","floor":18,"turns":4},{"damage":11,"enemies":"Colosseum Slavers","floor":19,"turns":4},{"damage":18,"enemies":"Colosseum Nobs","floor":19,"turns":7},{"damage":5,"enemies":"3 Byrds","floor":22,"turns":8},{"damage":22,"enemies":"3 Cultists","floor":24,"turns":7},{"damage":23,"enemies":"Shelled Parasite and Fungi","floor":27,"turns":5},{"damage":29,"enemies":"Snake Plant","floor":28,"turns":6},{"damage":36,"enemies":"Cultist and Chosen","floor":31,"turns":7},{"damage":60,"enemies":"Collector","floor":33,"turns":5}],"seed_played":"1459778680142976312","potions_obtained":[{"floor":4,"key":"PowerPotion"},{"floor":11,"key":"Swift Potion"},{"floor":13,"key":"Dexterity Potion"},{"floor":19,"key":"SteroidPotion"},{"floor":22,"key":"PowerPotion"},{"floor":24,"key":"Explosive Potion"},{"floor":28,"key":"SteroidPotion"}],"is_trial":false,"path_per_floor":["M","?","$","M","?","R","E","M","T","?","M","R","E","?","R","B",null,"M","?","?","?","M","R","M","R","T","M","M","R","$","M","R","B"],"character_chosen":"IRONCLAD","items_purchased":[],"campfire_rested":4,"item_purchase_floors":[],"current_hp_per_floor":[69,69,69,65,58,58,29,31,31,52,53,53,22,11,37,37,75,68,51,34,34,35,35,19,46,46,32,12,39,39,12,38,0],"gold":466,"neow_bonus":"THREE_CARDS","is_prod":false,"is_daily":false,"chose_seed":false,"campfire_upgraded":3,"win_rate":0,"timestamp":1551554578,"path_taken":["M","?","$","M","?","R","E","M","T","?","M","R","E","?","R","BOSS","M","?","?","?","M","R","M","R","T","M","M","R","?","M","R","BOSS"],"build_version":"2019-01-23","purchased_purges":2,"victory":false,"max_hp_per_floor":[80,80,80,80,80,80,87,87,87,87,87,87,87,87,87,87,87,87,87,92,92,92,92,92,92,92,92,92,92,89,89,89,89],"card_choices":[{"not_picked":["Intimidate","Cleave"],"picked":"Body Slam","floor":0},{"not_picked":["Thunderclap","Anger"],"picked":"Shrug It Off","floor":1},{"not_picked":["Cleave","Clash","Dual Wield"],"picked":"SKIP","floor":4},{"not_picked":["Sword Boomerang","Infernal Blade","True Grit"],"picked":"SKIP","floor":7},{"not_picked":["Heavy Blade","True Grit"],"picked":"Ghostly Armor","floor":8},{"not_picked":["Armaments","Sentinel"],"picked":"Iron Wave","floor":11},{"not_picked":["Perfected Strike","Hemokinesis"],"picked":"Shrug It Off","floor":13},{"not_picked":["Exhume","Double Tap"],"picked":"Impervious","floor":16},{"not_picked":["Rampage"],"picked":"SKIP","floor":18},{"not_picked":[],"picked":"Inflame+1","floor":22},{"not_picked":[],"picked":"Twin Strike+1","floor":24},{"not_picked":["Hemokinesis"],"picked":"SKIP","floor":27},{"not_picked":["Wild Strike"],"picked":"SKIP","floor":28},{"not_picked":[],"picked":"Flex+1","floor":31}],"player_experience":230825,"relics_obtained":[{"floor":7,"key":"Strawberry"},{"floor":9,"key":"Mummified Hand"},{"floor":13,"key":"Potion Belt"},{"floor":19,"key":"Peace Pipe"},{"floor":19,"key":"Bottled Lightning"},{"floor":26,"key":"Magic Flower"}],"event_choices":[{"cards_removed":["Strike_R"],"damage_healed":0,"gold_gain":0,"player_choice":"Forget","damage_taken":0,"max_hp_gain":0,"max_hp_loss":0,"event_name":"Living Wall","floor":2,"gold_loss":0},{"cards_removed":["Defend_R"],"damage_healed":0,"gold_gain":0,"player_choice":"Card Removal","damage_taken":7,"max_hp_gain":0,"max_hp_loss":0,"event_name":"Golden Wing","floor":5,"gold_loss":0},{"damage_healed":21,"gold_gain":0,"player_choice":"Healed and dodged fight","damage_taken":0,"max_hp_gain":0,"max_hp_loss":0,"event_name":"Mushrooms","floor":10,"gold_loss":0,"cards_obtained":["Parasite"]},{"damage_healed":0,"gold_gain":75,"player_choice":"Gather Gold","damage_taken":11,"max_hp_gain":0,"max_hp_loss":0,"event_name":"World of Goop","floor":14,"gold_loss":0},{"damage_healed":0,"gold_gain":0,"player_choice":"Fight","damage_taken":0,"max_hp_gain":0,"max_hp_loss":0,"event_name":"Colosseum","floor":19,"gold_loss":0},{"damage_healed":0,"gold_gain":0,"player_choice":"Fought Nobs","damage_taken":0,"max_hp_gain":0,"max_hp_loss":0,"event_name":"Colosseum","floor":19,"gold_loss":0},{"damage_healed":0,"gold_gain":0,"player_choice":"Shed Blood","damage_taken":22,"max_hp_gain":5,"max_hp_loss":0,"event_name":"Forgotten Altar","floor":20,"gold_loss":0},{"damage_healed":0,"gold_gain":0,"player_choice":"Ignored","damage_taken":0,"max_hp_gain":0,"max_hp_loss":0,"event_name":"Vampires","floor":21,"gold_loss":0}],"is_beta":false,"boss_relics":[{"not_picked":["Black Star","Runic Cube"],"picked":"Busted Crown"}],"items_purged_floors":[3,30],"is_endless":false,"potions_floor_spawned":[4,11,13,19,22,24,28],"killed_by":"Collector","ascension_level":6}