{"gold_per_floor":[15,15,32,32,51,51,62,82,105,105,105,138,151,182,182,287,287,212,31,0,0,0,0,0,0,0,0,0,0,0,0,0,0,0,0,0,0,0,0,0,0],"floor_reached":41,"playtime":3499,"items_purged":[],"score":680,"play_id":"de0ea490-f4c8-4664-9219-b7798a99552b","local_time":"20190123224938","is_ascension_mode":true,"campfire_choices":[{"data":"Neutralize","floor":6.0,"key":"SMITH"},{"floor":11.0,"key":"REST"},{"floor":15.0,"key":"REST"},{"data":"Glass Knife","floor":23.0,"key":"SMITH"},{"floor":25.0,"key":"REST"},{"floor":32.0,"key":"REST"},{"floor":40,"key":"REST"}],"neow_cost":"NO_GOLD","seed_source_timestamp":944728220381833,"circlet_count":0,"master_deck":["Survivor","Neutralize+1","PiercingWail","Footwork","PiercingWail","Quick Slash","All Out Attack","Skewer","Prepared","Glass Knife+1","Burst","Bane","Caltrops","Backflip","Poisoned Stab","Backstab+1","Dagger Throw+1","Catalyst","RitualDagger","PiercingWail+1","Dagger Spray+1","Terror+1","Malaise","Expertise","Finisher","Masterful Stab","Masterful Stab","Skewer","Calculated Gamble","Distraction","Bane","Well Laid Plans","Riddle With Holes","Cloak And Dagger","Acrobatics+1","After Image","Noxious Fumes+1","Deflect"],"special_seed":0,"relics":["Ring of the Snake","StoneCalendar","PreservedInsect","Regal Pillow","Snake Skull","Ancient Tea Set","Ectoplasm","Orichalcum","Smiling Mask","Pandora\u0027s Box"],"potions_floor_usage":[],"damage_taken":[{"damage":1.0,"enemies":"Jaw Worm","floor":1.0,"turns":7.0},{"damage":0.0,"enemies":"Small Slimes","floor":3.0,"turns":3.0},{"damage":2.0,"enemies":"2 Louse","floor":5.0,"turns":4.0},{"damage":14.0,"enemies":"Exordium Wildlife","floor":7.0,"turns":6.0},{"damage":7.0,"enemies":"Lots of Slimes","floor":8.0,"turns":7.0},{"damage":12.0,"enemies":"Gremlin Nob","floor":12.0,"turns":4.0},{"damage":0.0,"enemies":"2 Fungi Beasts","floor":13.0,"turns":3.0},{"damage":20.0,"enemies":"Lagavulin","floor":14.0,"turns":7.0},{"damage":47.0,"enemies":"The Guardian","floor":16.0,"turns":20.0},{"damage":1.0,"enemies":"2 Thieves","floor":18.0,"turns":5.0},{"damage":7.0,"enemies":"Shell Parasite","floor":21.0,"turns":6.0},{"damage":4.0,"enemies":"3 Cultists","floor":24.0,"turns":5.0},{"damage":0.0,"enemies":"Gremlin Leader","floor":27.0,"turns":6.0},{"damage":3.0,"enemies":"Centurion and Healer","floor":29.0,"turns":7.0},{"damage":1.0,"enemies":"Snake Plant","floor":30.0,"turns":4.0},{"damage":2.0,"enemies":"Cultist and Chosen","floor":31.0,"turns":7.0},{"damage":56.0,"enemies":"Collector","floor":33.0,"turns":11.0},{"damage":5.0,"enemies":"Orb Walker","floor":35.0,"turns":3.0},{"damage":1.0,"enemies":"3 Shapes","floor":36.0,"turns":7.0},{"damage":1,"enemies":"Sphere and 2 Shapes","floor":38,"turns":5},{"damage":26,"enemies":"Transient","floor":39,"turns":5},{"damage":74,"enemies":"Reptomancer","floor":41,"turns":5}],"seed_played":"277042582316251707","potions_obtained":[{"floor":7.0,"key":"Poison Potion"},{"floor":8.0,"key":"AttackPotion"},{"floor":12.0,"key":"Regen Potion"},{"floor":14.0,"key":"Regen Potion"},{"floor":18.0,"key":"Block Potion"},{"floor":21.0,"key":"Weak Potion"},{"floor":27.0,"key":"Dexterity Potion"},{"floor":33.0,"key":"Strength Potion"}],"is_trial":false,"path_per_floor":["M","?","M","?","M","R","M","M","T","?","R","E","M","E","R","B",null,"M","$","?","M","?","R","M","R","T","E","?","M","M","M","R","B",null,"M","M","?","M","M","R","E"],"character_chosen":"THE_SILENT","items_purchased":["Caltrops","Backflip","Poisoned Stab"],"campfire_rested":5,"item_purchase_floors":[19,19,19],"current_hp_per_floor":[62,44,44,44,42,42,28,21,21,21,57,45,45,37,70,38,62,61,61,61,54,54,54,50,70,70,70,64,61,60,58,70,14,56,51,50,50,49,23,59,0],"gold":0,"neow_bonus":"ONE_RARE_RELIC","is_prod":false,"is_daily":false,"chose_seed":false,"campfire_upgraded":2,"win_rate":0,"timestamp":1548283778,"path_taken":["M","?","M","?","M","R","M","M","T","?","R","E","M","E","R","BOSS","M","$","?","M","?","R","M","R","T","E","?","?","M","M","R","BOSS","M","?","?","M","M","R","E"],"build_version":"2019-01-17v2","purchased_purges":0,"victory":false,"max_hp_per_floor":[70,70,70,70,70,70,70,70,70,70,70,70,70,70,70,70,70,70,70,70,70,70,70,70,70,70,70,70,70,70,70,70,70,70,70,70,70,70,70,70,70],"card_choices":[{"not_picked":["Dagger Throw","Flying Knee"],"picked":"PiercingWail","floor":1.0},{"not_picked":["Storm of Steel","Tactician"],"picked":"Footwork","floor":3.0},{"not_picked":["Outmaneuver","Sucker Punch"],"picked":"PiercingWail","floor":5.0},{"not_picked":["Calculated Gamble","Cloak And Dagger"],"picked":"Quick Slash","floor":7.0},{"not_picked":["PiercingWail","Bouncing Flask"],"picked":"All Out Attack","floor":8.0},{"not_picked":["Quick Slash","Tactician"],"picked":"Skewer","floor":12.0},{"not_picked":["Quick Slash","Eviscerate"],"picked":"Prepared","floor":13.0},{"not_picked":["Cloak And Dagger","PiercingWail"],"picked":"Glass Knife","floor":14.0},{"not_picked":["Grand Finale","Phantasmal Killer"],"picked":"Burst","floor":16.0},{"not_picked":["Blade Dance","Tactician"],"picked":"Bane","floor":18.0},{"not_picked":["Dagger Throw","Concentrate"],"picked":"Backstab+1","floor":21.0},{"not_picked":["Sucker Punch","Outmaneuver+1"],"picked":"Dagger Throw+1","floor":24.0},{"not_picked":["Deflect","Prepared"],"picked":"Catalyst","floor":27.0},{"not_picked":["Dagger Throw","Tools of the Trade"],"picked":"PiercingWail+1","floor":29.0},{"not_picked":["Concentrate","Slice"],"picked":"Dagger Spray+1","floor":30.0},{"not_picked":["Dash","Deflect+1"],"picked":"Terror+1","floor":31.0},{"not_picked":["Glass Knife","Phantasmal Killer"],"picked":"Malaise","floor":33.0},{"not_picked":["Quick Slash+1","Dagger Throw+1"],"picked":"Cloak And Dagger","floor":35.0},{"not_picked":["Flying Knee+1","Deadly Poison+1"],"picked":"Acrobatics+1","floor":36.0},{"not_picked":["Prepared+1","Backflip"],"picked":"Noxious Fumes+1","floor":38},{"not_picked":["Flechettes","Eviscerate+1"],"picked":"Deflect","floor":39}],"player_experience":1078138,"relics_obtained":[{"floor":9.0,"key":"Regal Pillow"},{"floor":12.0,"key":"Snake Skull"},{"floor":14.0,"key":"Ancient Tea Set"},{"floor":26.0,"key":"Orichalcum"},{"floor":27.0,"key":"Smiling Mask"}],"event_choices":[{"damage_healed":0.0,"max_hp_gain":0.0,"max_hp_loss":0.0,"gold_gain":0.0,"event_name":"Scrap Ooze","player_choice":"Success","floor":2.0,"gold_loss":0.0,"damage_taken":18.0,"relics_obtained":["PreservedInsect"]},{"damage_healed":0.0,"max_hp_gain":0.0,"max_hp_loss":0.0,"gold_gain":0.0,"event_name":"The Cleric","player_choice":"Leave","floor":4.0,"gold_loss":0.0,"damage_taken":0.0},{"damage_healed":0.0,"max_hp_gain":0.0,"max_hp_loss":0.0,"gold_gain":0.0,"event_name":"Golden Idol","player_choice":"Ignored","floor":10.0,"gold_loss":0.0,"damage_taken":0.0},{"damage_healed":0.0,"max_hp_gain":0.0,"max_hp_loss":0.0,"gold_gain":0.0,"event_name":"Masked Bandits","player_choice":"Paid Fearfully","floor":20.0,"gold_loss":31.0,"damage_taken":0.0},{"damage_healed":0.0,"max_hp_gain":0.0,"max_hp_loss":0.0,"gold_gain":0.0,"event_name":"Ghosts","player_choice":"Ignored","floor":22.0,"gold_loss":0.0,"damage_taken":0.0},{"damage_healed":0.0,"max_hp_gain":0.0,"max_hp_loss":0.0,"gold_gain":0.0,"event_name":"Nest","player_choice":"Joined the Cult","floor":28.0,"gold_loss":0.0,"damage_taken":6.0,"cards_obtained":["RitualDagger"]},{"damage_healed":0,"gold_gain":0,"player_choice":"1 cards matched","damage_taken":0,"max_hp_gain":0,"max_hp_loss":0,"event_name":"Match and Keep!","floor":37,"gold_loss":0,"cards_obtained":["After Image"]}],"is_beta":false,"boss_relics":[{"not_picked":["Tiny House","Empty Cage"],"picked":"Ectoplasm"},{"not_picked":["Calling Bell","Cursed Key"],"picked":"Pandora\u0027s Box"}],"items_purged_floors":[],"is_endless":false,"potions_floor_spawned":[7,8,12,14,18,21,27,33,35,39],"killed_by":"Reptomancer","ascension_level":9}