{"gold_per_floor":[110,123,123,123,140,140,140,140,140,167,167,183,212,231,231,335,335,351,35,51,51,51,51],"floor_reached":23,"playtime":1109,"items_purged":["Parasite"],"score":199,"play_id":"63c4c779-ffb2-46d4-ba37-01b26761bbcf","local_time":"20190204223205","is_ascension_mode":false,"campfire_choices":[{"data":"Defend_R","floor":6.0,"key":"SMITH"},{"data":"Strike_R","floor":8.0,"key":"SMITH"},{"data":"Perfected Strike","floor":11.0,"key":"SMITH"},{"data":"Strike_R","floor":15.0,"key":"SMITH"}],"neow_cost":"NONE","seed_source_timestamp":162233594278205,"circlet_count":0,"master_deck":["Strike_R+1","Strike_R+1","Strike_R","Strike_R","Strike_R","Defend_R","Defend_R","Defend_R","Defend_R+1","Bash","Spot Weakness","Perfected Strike+1","Flex","Ghostly Armor","Corruption+1","Sword Boomerang","Clash","Juggernaut+1","Flame Barrier+1","Bandage Up","Infernal Blade"],"special_seed":0,"relics":["Coffee Dripper","Magic Flower","Frozen Egg 2","PreservedInsect","Philosopher\u0027s Stone","Lantern"],"potions_floor_usage":[18,23],"damage_taken":[{"damage":0.0,"enemies":"Jaw Worm","floor":1.0,"turns":3.0},{"damage":4.0,"enemies":"2 Louse","floor":2.0,"turns":3.0},{"damage":8.0,"enemies":"Small Slimes","floor":5.0,"turns":2.0},{"damage":8.0,"enemies":"Gremlin Nob","floor":10.0,"turns":3.0},{"damage":0.0,"enemies":"Looter","floor":12.0,"turns":3.0},{"damage":21.0,"enemies":"Lagavulin","floor":13.0,"turns":5.0},{"damage":6.0,"enemies":"3 Louse","floor":14.0,"turns":3.0},{"damage":38.0,"enemies":"The Guardian","floor":16.0,"turns":6.0},{"damage":22,"enemies":"Chosen","floor":18,"turns":5},{"damage":28,"enemies":"2 Thieves","floor":20,"turns":3},{"damage":49,"enemies":"Gremlin Leader","floor":23,"turns":5}],"seed_played":"2003126079312706005","potions_obtained":[{"floor":2.0,"key":"SteroidPotion"},{"floor":10.0,"key":"SmokeBomb"},{"floor":14.0,"key":"Dexterity Potion"},{"floor":16.0,"key":"SteroidPotion"},{"floor":20,"key":"Block Potion"}],"is_trial":false,"path_per_floor":["M","M","?","?","M","R","?","R","T","E","R","M","E","M","R","B",null,"M","$","M","?","$","E"],"character_chosen":"IRONCLAD","items_purchased":["Lantern","Bandage Up"],"campfire_rested":0,"item_purchase_floors":[19,19],"current_hp_per_floor":[80,76,76,81,73,73,85,85,85,77,77,77,56,50,50,12,85,63,63,41,41,41,0],"gold":51,"neow_bonus":"BOSS_RELIC","is_prod":false,"is_daily":false,"chose_seed":false,"campfire_upgraded":4,"win_rate":0.0,"timestamp":1549348325,"path_taken":["M","M","?","?","M","R","?","R","T","E","R","M","E","M","R","BOSS","M","$","M","?","$","E"],"build_version":"2019-01-23","purchased_purges":1,"victory":false,"max_hp_per_floor":[80,80,80,85,85,85,85,85,85,85,85,85,85,85,85,85,85,85,82,82,82,82,82],"card_choices":[{"not_picked":["Pommel Strike","Cleave"],"picked":"Spot Weakness","floor":1.0},{"not_picked":["Flex","Armaments"],"picked":"Perfected Strike","floor":2.0},{"not_picked":["Dual Wield","Bloodletting"],"picked":"Flex","floor":5.0},{"not_picked":["Double Tap","Armaments"],"picked":"Ghostly Armor","floor":10.0},{"not_picked":["Entrench","Pommel Strike"],"picked":"Corruption+1","floor":12.0},{"not_picked":["Bloodletting","True Grit"],"picked":"Sword Boomerang","floor":13.0},{"not_picked":["Sword Boomerang","True Grit"],"picked":"Clash","floor":14.0},{"not_picked":["Double Tap","Dark Embrace+1"],"picked":"Juggernaut+1","floor":16.0},{"not_picked":["Whirlwind+1","Flex+1"],"picked":"Flame Barrier+1","floor":18},{"not_picked":["Armaments","Shrug It Off"],"picked":"Infernal Blade","floor":20}],"player_experience":9930,"relics_obtained":[{"floor":9.0,"key":"Magic Flower"},{"floor":10.0,"key":"Frozen Egg 2"},{"floor":13.0,"key":"PreservedInsect"}],"event_choices":[{"damage_healed":0.0,"max_hp_gain":0.0,"max_hp_loss":0.0,"gold_gain":0.0,"event_name":"The Cleric","player_choice":"Leave","floor":3.0,"gold_loss":0.0,"damage_taken":0.0},{"damage_healed":0.0,"max_hp_gain":5.0,"max_hp_loss":0.0,"gold_gain":0.0,"event_name":"Big Fish","player_choice":"Donut","floor":4.0,"gold_loss":0.0,"damage_taken":0.0},{"damage_healed":21.0,"max_hp_gain":0.0,"max_hp_loss":0.0,"gold_gain":0.0,"event_name":"Mushrooms","player_choice":"Healed and dodged fight","floor":7.0,"gold_loss":0.0,"damage_taken":0.0,"cards_obtained":["Parasite"]}],"is_beta":false,"boss_relics":[{"not_picked":["Fusion Hammer","Cursed Key"],"picked":"Philosopher\u0027s Stone"}],"items_purged_floors":[19],"is_endless":false,"potions_floor_spawned":[2,10,14,16,20],"killed_by":"Gremlin Leader","ascension_level":0}