{"gold_per_floor":[119,44,44,44,61,61,61,61,85,85,96,115,128,128,128,228,228,239,239,239,259,81,81,94,94,142,142,142,156,3,20,20,121,121,134,34,48,48,66,66,82,97,97,97,97,110,136,136,136,136],"floor_reached":50,"playtime":3590,"items_purged":["Strike_R","Strike_R"],"score":462,"play_id":"925a7c62-b255-4648-ba17-8fcf311b325b","local_time":"20180712232326","is_ascension_mode":false,"campfire_choices":[{"data":"Bash","floor":6,"key":"SMITH"},{"data":"Defend_R","floor":8,"key":"SMITH"},{"data":"Defend_R","floor":10,"key":"SMITH"},{"data":"Bludgeon","floor":15,"key":"SMITH"},{"data":"Barricade","floor":23,"key":"SMITH"},{"data":"Rampage","floor":25,"key":"SMITH"},{"floor":28,"key":"REST"},{"floor":32,"key":"REST"},{"floor":40,"key":"REST"},{"floor":45,"key":"REST"},{"floor":49,"key":"REST"}],"neow_cost":"NONE","seed_source_timestamp":163709218812723,"circlet_count":0,"master_deck":["Defend_R","Defend_R+1","Defend_R","Defend_R+1","Bash+1","Bludgeon+1","Clash","Clash","Barricade+1","Pommel Strike+1","RitualDagger","Rampage+1","Armaments","Double Tap","Body Slam"],"relics":["Black Blood","Vajra","Art of War","Singing Bowl","Potion Belt","Gremlin Horn","Happy Flower","Cursed Key","Lantern"],"potions_floor_usage":[31,33,33,46,47,50,50],"damage_taken":[{"damage":0,"enemies":"2 Louse","floor":1,"turns":3},{"damage":4,"enemies":"Jaw Worm","floor":5,"turns":4},{"damage":2,"enemies":"Small Slimes","floor":11,"turns":5},{"damage":32,"enemies":"Exordium Thugs","floor":12,"turns":9},{"damage":0,"enemies":"2 Fungi Beasts","floor":13,"turns":3},{"damage":25,"enemies":"Slime Boss","floor":16,"turns":10},{"damage":2,"enemies":"3 Byrds","floor":18,"turns":6},{"damage":5,"enemies":"Chosen","floor":21,"turns":4},{"damage":34,"enemies":"Snake Plant","floor":24,"turns":3},{"damage":18,"enemies":"Centurion and Healer","floor":29,"turns":5},{"damage":20,"enemies":"Slaver and Parasite","floor":31,"turns":6},{"damage":88,"enemies":"Champ","floor":33,"turns":10},{"damage":9,"enemies":"3 Shapes","floor":35,"turns":4},{"damage":25,"enemies":"Orb Walker","floor":37,"turns":4},{"damage":38,"enemies":"Sphere and 2 Shapes","floor":39,"turns":6},{"damage":37,"enemies":"3 Darklings","floor":41,"turns":4},{"damage":27,"enemies":"Maw","floor":42,"turns":7},{"damage":26,"enemies":"Sphere and 2 Shapes","floor":46,"turns":6},{"damage":25,"enemies":"2 Orb Walkers","floor":47,"turns":4},{"damage":69,"enemies":"Awakened One","floor":50,"turns":7}],"seed_played":"-4658326404482043647","potions_obtained":[{"floor":5,"key":"SpeedPotion"},{"floor":11,"key":"Ancient Potion"},{"floor":13,"key":"SteroidPotion"},{"floor":16,"key":"Block Potion"},{"floor":24,"key":"Explosive Potion"},{"floor":29,"key":"Regen Potion"},{"floor":33,"key":"LiquidBronze"},{"floor":41,"key":"FearPotion"},{"floor":42,"key":"Explosive Potion"},{"floor":46,"key":"SkillPotion"}],"is_trial":false,"path_per_floor":["M","$","?","$","M","R","?","R","T","R","M","M","M","?","R","B",null,"M","?","?","M","$","R","M","R","T","T","R","M","$","M","R","B",null,"M","$","M","T","M","R","M","M","T","$","R","M","E","?","R"],"character_chosen":"IRONCLAD","items_purchased":["Fire Breathing","Singing Bowl","Happy Flower"],"campfire_rested":5,"item_purchase_floors":[22,22,30],"current_hp_per_floor":[80,80,73,73,75,75,75,75,75,75,79,53,59,59,59,40,80,80,74,74,79,79,79,55,55,55,55,79,71,71,63,82,18,82,84,84,69,69,43,68,43,28,28,28,55,41,28,28,56,0],"gold":136,"neow_bonus":"RANDOM_COMMON_RELIC","is_prod":false,"is_daily":false,"chose_seed":false,"campfire_upgraded":6,"win_rate":0,"timestamp":1531434206,"path_taken":["M","$","?","?","M","R","?","R","T","R","M","M","M","?","R","BOSS","M","?","?","M","$","R","?","R","T","?","R","M","$","M","R","BOSS","M","?","M","?","M","R","M","M","T","$","R","M","E","?","R","BOSS"],"build_version":"2018-07-05","purchased_purges":2,"victory":false,"max_hp_per_floor":[80,80,80,80,80,80,80,80,80,80,80,80,80,80,80,80,80,80,80,80,80,80,80,80,80,80,80,80,80,80,82,82,82,82,84,84,84,84,86,86,88,90,90,90,90,92,94,94,94,94],"card_choices":[{"not_picked":["True Grit","Perfected Strike","Sword Boomerang"],"picked":"SKIP","floor":1},{"not_picked":["Body Slam","Warcry","Perfected Strike"],"picked":"SKIP","floor":5},{"not_picked":["Flame Barrier","Fire Breathing"],"picked":"Bludgeon","floor":11},{"not_picked":["Iron Wave","Havoc"],"picked":"Clash","floor":12},{"not_picked":["Blood for Blood","True Grit"],"picked":"Clash","floor":13},{"not_picked":["Fiend Fire","Limit Break"],"picked":"Barricade","floor":16},{"not_picked":["Seeing Red","Warcry+1"],"picked":"Pommel Strike+1","floor":18},{"not_picked":["Clothesline","Twin Strike","Wild Strike"],"picked":"SKIP","floor":21},{"not_picked":["Carnage+1","Warcry"],"picked":"Rampage","floor":24},{"not_picked":["Sword Boomerang","Warcry"],"picked":"Armaments","floor":29},{"not_picked":["Power Through","Evolve","Rampage+1"],"picked":"Singing Bowl","floor":31},{"not_picked":["Barricade","Feed"],"picked":"Double Tap","floor":33},{"not_picked":["Rupture+1","Pummel+1","Twin Strike+1"],"picked":"Singing Bowl","floor":35},{"not_picked":["Battle Trance+1","Sword Boomerang"],"picked":"Body Slam","floor":37},{"not_picked":["True Grit","Dual Wield+1","Havoc+1"],"picked":"Singing Bowl","floor":39},{"not_picked":["Body Slam","Battle Trance","Armaments"],"picked":"Singing Bowl","floor":41},{"not_picked":["Body Slam","Sentinel+1","Wild Strike"],"picked":"Singing Bowl","floor":42},{"not_picked":["True Grit","Perfected Strike","Anger+1"],"picked":"Singing Bowl","floor":46},{"not_picked":["Burning Pact","Fiend Fire","Thunderclap+1"],"picked":"Singing Bowl","floor":47}],"player_experience":298991,"relics_obtained":[{"floor":9,"key":"Art of War"},{"floor":26,"key":"Potion Belt"},{"floor":27,"key":"Gremlin Horn"},{"floor":47,"key":"Lantern"}],"event_choices":[{"event_name":"Golden Wing","player_choice":"Card Removal","floor":3,"damage_taken":0},{"event_name":"Liars Game","player_choice":"disagreed","floor":7,"damage_taken":0},{"event_name":"Purifier","player_choice":"One Purge","floor":14,"damage_taken":0},{"event_name":"Nest","player_choice":"Joined the Cult","floor":19,"damage_taken":0},{"event_name":"Purifier","player_choice":"One Purge","floor":20,"damage_taken":0},{"event_name":"Falling","player_choice":"Removed Power","floor":48,"damage_taken":0}],"boss_relics":[{"not_picked":["Pandora\u0027s Box","Calling Bell"],"picked":"Black Blood"},{"not_picked":["Empty Cage","Velvet Choker"],"picked":"Cursed Key"}],"items_purged_floors":[2,36],"is_endless":false,"potions_floor_spawned":[5,11,13,16,24,29,33,41,42,46],"killed_by":"Awakened One","ascension_level":0}