{"gold_per_floor":[128,140,152,89,106,106,106,116,116,116,116,136,136,136,136,240,240,253,153,184,134,9,9,9,26,26,42,42,58,58,58,58,154,154,167,389,405,405],"floor_reached":38,"playtime":1818,"items_purged":["Strike_R","Strike_R","Strike_R"],"score":468,"play_id":"b13c4591-1d1e-4a7b-81da-e34f77bc8e58","local_time":"20190303200324","is_ascension_mode":true,"campfire_choices":[{"data":"Flex","floor":7,"key":"SMITH"},{"data":"Spot Weakness","floor":10,"key":"SMITH"},{"data":"Whirlwind","floor":13,"key":"SMITH"},{"floor":15,"key":"REST"},{"data":"Limit Break","floor":23,"key":"SMITH"},{"data":"Flex","floor":28,"key":"SMITH"},{"data":"Sword Boomerang","floor":32,"key":"SMITH"}],"neow_cost":"NONE","seed_source_timestamp":83141814002200,"circlet_count":0,"master_deck":["Strike_R","Strike_R","Defend_R","Defend_R","Defend_R","Defend_R","Bash","Spot Weakness+1","Flex+1","Whirlwind+1","Limit Break+1","Sword Boomerang+1","Fire Breathing+1","Thunderclap+1","Shame","Flex+1","Double Tap"],"relics":["Burning Blood","MawBank","Mummified Hand","Question Card","Torii","Cursed Key","Red Mask","Thread and Needle","Enchiridion","Philosopher\u0027s Stone"],"potions_floor_usage":[16,33,35,38],"damage_taken":[{"damage":12,"enemies":"Jaw Worm","floor":1,"turns":5},{"damage":9,"enemies":"2 Louse","floor":5,"turns":3},{"damage":0,"enemies":"Cultist","floor":8,"turns":2},{"damage":35,"enemies":"Gremlin Gang","floor":12,"turns":8},{"damage":38,"enemies":"The Guardian","floor":16,"turns":12},{"damage":11,"enemies":"2 Thieves","floor":18,"turns":2},{"damage":0,"enemies":"Masked Bandits","floor":20,"turns":1},{"damage":1,"enemies":"Chosen","floor":25,"turns":4},{"damage":0,"enemies":"Snake Plant","floor":27,"turns":2},{"damage":7,"enemies":"Centurion and Healer","floor":29,"turns":2},{"damage":65,"enemies":"Champ","floor":33,"turns":7},{"damage":54,"enemies":"3 Shapes","floor":35,"turns":3},{"damage":11,"enemies":"Orb Walker","floor":37,"turns":3},{"damage":16,"enemies":"Sphere and 2 Shapes","floor":38,"turns":3}],"seed_played":"5848879367796601751","potions_obtained":[{"floor":1,"key":"BloodPotion"},{"floor":29,"key":"EssenceOfSteel"},{"floor":33,"key":"Strength Potion"},{"floor":37,"key":"EssenceOfSteel"}],"is_trial":false,"path_per_floor":["M","?","?","$","M","?","R","M","T","R","T","M","R","?","R","B",null,"M","$","?","?","$","R","$","M","T","M","R","M","?","?","R","B",null,"M","?","M","M"],"character_chosen":"IRONCLAD","items_purchased":[],"campfire_rested":1,"item_purchase_floors":[],"current_hp_per_floor":[66,71,71,71,68,50,50,56,56,56,56,27,27,27,52,28,71,66,66,72,72,72,72,72,77,77,83,83,82,66,66,66,7,66,18,18,13,0],"gold":405,"neow_bonus":"RANDOM_COMMON_RELIC","is_prod":false,"is_daily":false,"chose_seed":false,"campfire_upgraded":6,"win_rate":0,"timestamp":1551672204,"path_taken":["M","?","?","$","M","?","R","M","T","R","?","M","R","?","R","BOSS","M","$","?","?","$","R","$","?","T","?","R","M","?","?","R","BOSS","M","?","M","M"],"build_version":"2019-01-23","purchased_purges":3,"victory":false,"max_hp_per_floor":[80,85,85,85,85,85,85,85,85,85,85,85,85,85,85,85,85,85,85,85,85,85,85,85,85,85,85,85,85,85,85,85,85,85,85,85,85,85],"card_choices":[{"not_picked":["Seeing Red","Iron Wave"],"picked":"Spot Weakness","floor":1},{"not_picked":["Iron Wave","Intimidate"],"picked":"Flex","floor":5},{"not_picked":["Perfected Strike","Combust","Heavy Blade"],"picked":"SKIP","floor":8},{"not_picked":["Sever Soul","Burning Pact","Perfected Strike"],"picked":"Whirlwind","floor":12},{"not_picked":["Immolate","Feed","Bludgeon"],"picked":"Limit Break","floor":16},{"not_picked":["Flame Barrier","Feel No Pain","Pommel Strike+1"],"picked":"Sword Boomerang","floor":18},{"not_picked":["Power Through+1","Blood for Blood","Pommel Strike"],"picked":"Fire Breathing+1","floor":20},{"not_picked":["Warcry","Armaments","Anger+1"],"picked":"Thunderclap+1","floor":25},{"not_picked":["Warcry","Clash","Havoc"],"picked":"Flex","floor":27},{"not_picked":["Reckless Charge","Demon Form","Anger","Corruption+1"],"picked":"SKIP","floor":29},{"not_picked":["Berserk","Dark Embrace","Feed"],"picked":"Double Tap","floor":33},{"not_picked":["Anger","Searing Blow","Iron Wave+1","Thunderclap"],"picked":"SKIP","floor":35},{"not_picked":["Sever Soul","Body Slam","Warcry+1","Armaments"],"picked":"SKIP","floor":37}],"player_experience":244126,"relics_obtained":[{"floor":9,"key":"Question Card"},{"floor":11,"key":"Torii"},{"floor":20,"key":"Red Mask"},{"floor":26,"key":"Thread and Needle"},{"floor":30,"key":"Enchiridion"}],"event_choices":[{"damage_healed":0,"gold_gain":0,"player_choice":"Donut","damage_taken":0,"max_hp_gain":5,"max_hp_loss":0,"event_name":"Big Fish","floor":2,"gold_loss":0},{"damage_healed":0,"gold_gain":0,"player_choice":"Ignored","damage_taken":0,"max_hp_gain":0,"max_hp_loss":0,"event_name":"Liars Game","floor":3,"gold_loss":0},{"damage_healed":0,"gold_gain":0,"player_choice":"Success","damage_taken":18,"relics_obtained":["Mummified Hand"],"max_hp_gain":0,"max_hp_loss":0,"event_name":"Scrap Ooze","floor":6,"gold_loss":0},{"damage_healed":0,"gold_gain":0,"player_choice":"Ignored","damage_taken":0,"max_hp_gain":0,"max_hp_loss":0,"event_name":"Shining Light","floor":14,"gold_loss":0},{"damage_healed":0,"gold_gain":0,"player_choice":"Fought Bandits","damage_taken":0,"max_hp_gain":0,"max_hp_loss":0,"event_name":"Masked Bandits","floor":20,"gold_loss":0},{"damage_healed":0,"gold_gain":0,"player_choice":"Bet on Murderer","damage_taken":0,"max_hp_gain":0,"max_hp_loss":0,"event_name":"The Joust","floor":21,"gold_loss":50},{"damage_healed":0,"gold_gain":0,"player_choice":"Obtained Book","damage_taken":16,"max_hp_gain":0,"max_hp_loss":0,"event_name":"Cursed Tome","floor":30,"gold_loss":0},{"damage_healed":0,"gold_gain":0,"player_choice":"Ignored","damage_taken":0,"max_hp_gain":0,"max_hp_loss":0,"event_name":"Ghosts","floor":31,"gold_loss":0},{"damage_healed":0,"gold_gain":222,"player_choice":"Wore Mask","damage_taken":0,"max_hp_gain":0,"max_hp_loss":0,"event_name":"Tomb of Lord Red Mask","floor":36,"gold_loss":0}],"is_beta":false,"boss_relics":[{"not_picked":["Black Star","Empty Cage"],"picked":"Cursed Key"},{"not_picked":["Sozu","Fusion Hammer"],"picked":"Philosopher\u0027s Stone"}],"items_purged_floors":[4,19,22],"is_endless":false,"potions_floor_spawned":[1,29,33,37],"killed_by":"Sphere and 2 Shapes","ascension_level":6}