{"gold_per_floor":[113,129,56,56,131,131,163,163,219,234,248,248,261,276,276,276],"floor_reached":16,"playtime":540,"items_purged":[],"score":138,"play_id":"12f183f5-ea09-4373-9b94-21ed588d6d9a","local_time":"20190607130231","is_ascension_mode":true,"campfire_choices":[{"floor":6,"key":"REST"},{"floor":8,"key":"REST"},{"floor":12,"key":"REST"},{"floor":15,"key":"REST"}],"neow_cost":"NONE","seed_source_timestamp":21313867166705,"circlet_count":0,"master_deck":["Defend_G","Defend_G","Defend_G","Defend_G","Defend_G","Strike_G","Strike_G","Strike_G","Strike_G","Strike_G","Survivor","Neutralize","Accuracy","Cloak And Dagger","Accuracy","Accuracy","PiercingWail"],"relics":["Lizard Tail","Blue Candle","Vajra","Tiny Chest"],"potions_floor_usage":[7,13,13],"damage_taken":[{"damage":11,"enemies":"Cultist","floor":1,"turns":4},{"damage":1,"enemies":"2 Louse","floor":2,"turns":3},{"damage":51,"enemies":"Lagavulin","floor":7,"turns":11},{"damage":14,"enemies":"Jaw Worm","floor":10,"turns":4},{"damage":13,"enemies":"Looter","floor":11,"turns":4},{"damage":14,"enemies":"Exordium Wildlife","floor":13,"turns":5},{"damage":0,"enemies":"2 Fungi Beasts","floor":14,"turns":6},{"damage":91,"enemies":"The Guardian","floor":16,"turns":15}],"seed_played":"-6917560306412418515","potions_obtained":[{"floor":1,"key":"Explosive Potion"},{"floor":2,"key":"Block Potion"},{"floor":11,"key":"Explosive Potion"}],"is_trial":false,"path_per_floor":["M","M","$","T","?","R","E","R","T","M","M","R","M","M","R","B"],"character_chosen":"THE_SILENT","items_purchased":["Accuracy"],"campfire_rested":4,"item_purchase_floors":[3],"current_hp_per_floor":[52,51,51,51,40,61,10,31,31,17,4,25,11,11,32,0],"gold":276,"neow_bonus":"BOSS_RELIC","is_prod":false,"is_daily":false,"chose_seed":false,"campfire_upgraded":0,"win_rate":0,"timestamp":1559926951,"path_taken":["M","M","$","?","?","R","E","R","T","M","M","R","M","M","R","BOSS"],"build_version":"2019-01-23","purchased_purges":0,"victory":false,"max_hp_per_floor":[70,70,70,70,70,70,70,70,70,70,70,70,70,70,70,70],"card_choices":[{"not_picked":["Heel Hook","Acrobatics"],"picked":"Accuracy","floor":1},{"not_picked":["Distraction","Predator"],"picked":"Cloak And Dagger","floor":2},{"not_picked":["Poisoned Stab","Footwork"],"picked":"Accuracy","floor":7},{"not_picked":["Prepared","Well Laid Plans","Poisoned Stab"],"picked":"SKIP","floor":10},{"not_picked":["Endless Agony","Underhanded Strike","Bane"],"picked":"SKIP","floor":11},{"not_picked":["Bullet Time","All Out Attack"],"picked":"PiercingWail","floor":13},{"not_picked":["Terror","Choke","Bouncing Flask"],"picked":"SKIP","floor":14}],"player_experience":404601,"relics_obtained":[{"floor":4,"key":"Blue Candle"},{"floor":7,"key":"Vajra"},{"floor":9,"key":"Tiny Chest"}],"event_choices":[{"damage_healed":0,"gold_gain":75,"player_choice":"Gather Gold","damage_taken":11,"max_hp_gain":0,"max_hp_loss":0,"event_name":"World of Goop","floor":5,"gold_loss":0}],"is_beta":false,"boss_relics":[],"items_purged_floors":[],"is_endless":false,"potions_floor_spawned":[1,2,11],"killed_by":"The Guardian","ascension_level":7}