{"gold_per_floor":[16,16,91,91,16,49,65,100,148,148,162,15,15,51,51,147,147,171,84,103,103,103,136,136,136,216,247,247,247,312,312,312,405,405,430,152,152,152,277,321,321,321,321,361,83,132,184,212,224,236,248,260,272,67,101,101],"floor_reached":57,"playtime":3423,"items_purged":["Pain"],"score":2833,"play_id":"7e196b6c-2dbd-40a5-8de3-6598d1031aac","local_time":"20190802162008","is_ascension_mode":true,"campfire_choices":[{"floor":10.0,"key":"REST"},{"data":"Terror","floor":13.0,"key":"SMITH"},{"floor":15.0,"key":"REST"},{"data":"Noxious Fumes","floor":24.0,"key":"SMITH"},{"floor":29.0,"key":"REST"},{"floor":32.0,"key":"REST"},{"data":"Malaise","floor":42.0,"key":"SMITH"},{"floor":49.0,"key":"RECALL"},{"floor":53.0,"key":"REST"}],"neow_cost":"NO_GOLD","seed_source_timestamp":2065753861584800,"circlet_count":0,"master_deck":["AscendersBane","Strike_G+1","Strike_G+1","Strike_G+1","Strike_G+1","Defend_G+1","Defend_G+1","Defend_G+1","Defend_G+1","Defend_G+1","Survivor","Neutralize","Backstab","Injury","Die Die Die","Leg Sweep","Terror+1","Blade Dance","Skewer","Panacea","Finisher","Die Die Die","Noxious Fumes+1","Dodge and Roll+1","Cloak And Dagger","Backflip+1","Malaise+1","Calculated Gamble","Writhe","Caltrops","Acrobatics+1"],"special_seed":0,"relics":["Ring of the Serpent","Du-Vu Doll","Golden Idol","WarpedTongs","Strawberry","FossilizedHelix","Dream Catcher","Oddly Smooth Stone","MutagenicStrength","Turnip","Paper Crane","Juzu Bracelet","Tiny Chest","Sozu","Pear","Pocketwatch","Regal Pillow","Bottled Tornado","Pantograph","Kunai","MawBank","Frozen Egg 2","ClockworkSouvenir","Unceasing Top"],"potions_floor_usage":[56,56],"damage_taken":[{"damage":4.0,"enemies":"Small Slimes","floor":1.0,"turns":4.0},{"damage":15.0,"enemies":"Lagavulin","floor":6.0,"turns":7.0},{"damage":0.0,"enemies":"2 Louse","floor":7.0,"turns":1.0},{"damage":15.0,"enemies":"3 Sentries","floor":8.0,"turns":7.0},{"damage":0.0,"enemies":"Cultist","floor":11.0,"turns":2.0},{"damage":20.0,"enemies":"Lagavulin","floor":14.0,"turns":6.0},{"damage":14.0,"enemies":"Slime Boss","floor":16.0,"turns":10.0},{"damage":0.0,"enemies":"2 Thieves","floor":18.0,"turns":2.0},{"damage":0.0,"enemies":"Chosen","floor":20.0,"turns":4.0},{"damage":6.0,"enemies":"Gremlin Leader","floor":23.0,"turns":5.0},{"damage":30.0,"enemies":"Book of Stabbing","floor":27.0,"turns":4.0},{"damage":8.0,"enemies":"Slavers","floor":30.0,"turns":4.0},{"damage":28.0,"enemies":"Champ","floor":33.0,"turns":16.0},{"damage":0.0,"enemies":"3 Shapes","floor":35.0,"turns":3.0},{"damage":1.0,"enemies":"Mind Bloom Boss Battle","floor":39.0,"turns":7.0},{"damage":5.0,"enemies":"Nemesis","floor":40.0,"turns":9.0},{"damage":10.0,"enemies":"Giant Head","floor":44.0,"turns":7.0},{"damage":0.0,"enemies":"Nemesis","floor":47.0,"turns":9.0},{"damage":0.0,"enemies":"Orb Walker","floor":48.0,"turns":3.0},{"damage":31.0,"enemies":"Awakened One","floor":50.0,"turns":18.0},{"damage":63.0,"enemies":"Donu and Deca","floor":51.0,"turns":14.0},{"damage":44.0,"enemies":"Shield and Spear","floor":55.0,"turns":8.0},{"damage":28,"enemies":"The Heart","floor":56,"turns":11}],"seed_played":"-1326587133958779606","potions_obtained":[{"floor":1.0,"key":"SkillPotion"},{"floor":7.0,"key":"Strength Potion"},{"floor":11.0,"key":"Regen Potion"},{"floor":16.0,"key":"Ancient Potion"},{"floor":27.0,"key":"Dexterity Potion"},{"floor":33.0,"key":"PowerPotion"}],"is_trial":false,"path_per_floor":["M","?","?","?","$","E","M","E","T","R","M","$","R","E","R","B",null,"M","$","M","?","?","E","R","T","T","E","?","R","E","?","R","B",null,"M","$","?","?","?","E","?","R","T","E","$","T","E","M","R","B","B",null,"R","$","E","B",null],"character_chosen":"THE_SILENT","items_purchased":["Panacea","Quick Slash","Noxious Fumes","Pear","Kunai","ClockworkSouvenir"],"campfire_rested":5,"item_purchase_floors":[12,12,19,36,45,54],"current_hp_per_floor":[55,55,44,44,44,36,36,21,21,42,42,42,42,22,43,44,66,66,66,66,66,66,60,60,60,60,30,30,51,43,43,64,36,64,64,74,74,74,73,68,83,83,83,73,73,73,73,73,73,52,14,66,83,83,39,36],"gold":101,"neow_bonus":"ONE_RARE_RELIC","is_prod":false,"is_daily":false,"chose_seed":false,"campfire_upgraded":3,"win_rate":0,"timestamp":1564788008,"path_taken":["M","?","?","?","$","E","?","E","T","R","M","?","R","E","R","BOSS","M","$","M","?","?","E","R","?","T","E","?","R","E","?","R","BOSS","M","$","?","?","?","E","?","R","T","E","$","?","E","M","R","BOSS","BOSS","R","$","E","BOSS"],"build_version":"2019-07-17","purchased_purges":1,"victory":true,"max_hp_per_floor":[66,66,66,66,66,73,73,73,73,73,73,73,73,73,73,73,73,73,73,73,73,73,73,73,73,73,73,73,73,73,73,73,73,73,73,83,83,83,83,83,83,83,83,83,83,83,83,83,83,83,83,83,83,83,83,83],"card_choices":[{"not_picked":["Poisoned Stab","Prepared"],"picked":"Backstab","floor":1.0},{"not_picked":["Well Laid Plans","Flying Knee"],"picked":"Die Die Die","floor":6.0},{"not_picked":["Poisoned Stab","Concentrate"],"picked":"Leg Sweep","floor":7.0},{"not_picked":["Grand Finale","Bane"],"picked":"Terror","floor":8.0},{"not_picked":["Choke","Flying Knee"],"picked":"Blade Dance","floor":10.0},{"not_picked":["Acrobatics","Finisher"],"picked":"Skewer","floor":11.0},{"not_picked":["Flying Knee","Choke","Dagger Throw"],"picked":"SKIP","floor":14.0},{"not_picked":["Heel Hook","Slice"],"picked":"Finisher","floor":15.0},{"not_picked":["Grand Finale","Glass Knife"],"picked":"Die Die Die","floor":16.0},{"not_picked":["Accuracy+1","Escape Plan+1","Acrobatics"],"picked":"SKIP","floor":18.0},{"not_picked":["Backflip","Acrobatics"],"picked":"Dodge and Roll+1","floor":20.0},{"not_picked":["Crippling Poison","Acrobatics","Bane"],"picked":"SKIP","floor":23.0},{"not_picked":["Crippling Poison","Acrobatics","Bane"],"picked":"SKIP","floor":23.0},{"not_picked":["Poisoned Stab","Slice","Glass Knife"],"picked":"SKIP","floor":27.0},{"not_picked":["Distraction+1","Reflex+1"],"picked":"Cloak And Dagger","floor":29.0},{"not_picked":["Deflect","Slice","Deadly Poison"],"picked":"SKIP","floor":30.0},{"not_picked":["Dodge and Roll","Reflex"],"picked":"Backflip+1","floor":32.0},{"not_picked":["Grand Finale","Doppelganger"],"picked":"Malaise","floor":33.0},{"not_picked":["Backflip","Skewer","Heel Hook"],"picked":"SKIP","floor":35.0},{"not_picked":["Outmaneuver","Concentrate"],"picked":"Calculated Gamble","floor":40.0},{"not_picked":["Riddle With Holes","Poisoned Stab"],"picked":"Caltrops","floor":44.0},{"not_picked":["Outmaneuver","Underhanded Strike","Riddle With Holes"],"picked":"SKIP","floor":47.0},{"not_picked":["Deadly Poison","Skewer"],"picked":"Acrobatics+1","floor":48.0},{"not_picked":["Backstab","Dagger Spray","Heel Hook+1"],"picked":"SKIP","floor":55.0}],"player_experience":1324235,"relics_obtained":[{"floor":6.0,"key":"Strawberry"},{"floor":8.0,"key":"FossilizedHelix"},{"floor":9.0,"key":"Dream Catcher"},{"floor":14.0,"key":"Oddly Smooth Stone"},{"floor":23.0,"key":"Turnip"},{"floor":25.0,"key":"Paper Crane"},{"floor":27.0,"key":"Juzu Bracelet"},{"floor":30.0,"key":"Tiny Chest"},{"floor":39.0,"key":"Pocketwatch"},{"floor":40.0,"key":"Regal Pillow"},{"floor":43.0,"key":"Bottled Tornado"},{"floor":44.0,"key":"Pantograph"},{"floor":46.0,"key":"MawBank"},{"floor":47.0,"key":"Frozen Egg 2"},{"floor":55.0,"key":"Unceasing Top"}],"event_choices":[{"damage_healed":0.0,"max_hp_gain":0.0,"max_hp_loss":0.0,"gold_gain":0.0,"event_name":"Golden Idol","player_choice":"Take Wound","floor":2.0,"gold_loss":0.0,"damage_taken":0.0,"relics_obtained":["Golden Idol"],"cards_obtained":["Injury"]},{"damage_healed":0.0,"max_hp_gain":0.0,"max_hp_loss":0.0,"gold_gain":75.0,"event_name":"World of Goop","player_choice":"Gather Gold","floor":3.0,"gold_loss":0.0,"damage_taken":11.0},{"damage_healed":0.0,"max_hp_gain":0.0,"max_hp_loss":0.0,"gold_gain":0.0,"event_name":"Accursed Blacksmith","player_choice":"Rummage","floor":4.0,"gold_loss":0.0,"damage_taken":0.0,"relics_obtained":["WarpedTongs"],"cards_obtained":["Pain"]},{"damage_healed":0.0,"max_hp_gain":0.0,"max_hp_loss":0.0,"gold_gain":0.0,"event_name":"Ghosts","player_choice":"Ignored","floor":21.0,"gold_loss":0.0,"damage_taken":0.0},{"damage_healed":0.0,"max_hp_gain":0.0,"max_hp_loss":0.0,"gold_gain":0.0,"event_name":"Drug Dealer","player_choice":"Inject Mutagens","floor":22.0,"gold_loss":0.0,"damage_taken":0.0,"relics_obtained":["MutagenicStrength"]},{"cards_removed":["Strike_G"],"damage_healed":0.0,"max_hp_gain":0.0,"max_hp_loss":0.0,"gold_gain":0.0,"event_name":"Purifier","player_choice":"Purged","floor":28.0,"gold_loss":0.0,"damage_taken":0.0},{"damage_healed":0.0,"max_hp_gain":0.0,"max_hp_loss":0.0,"gold_gain":0.0,"event_name":"Back to Basics","player_choice":"Simplicity","floor":31.0,"gold_loss":0.0,"damage_taken":0.0,"cards_upgraded":["Strike_G","Strike_G","Strike_G","Strike_G","Defend_G","Defend_G","Defend_G","Defend_G","Defend_G"]},{"damage_healed":0.0,"max_hp_gain":0.0,"max_hp_loss":0.0,"gold_gain":0.0,"event_name":"SensoryStone","player_choice":"Memory 1","floor":37.0,"gold_loss":0.0,"damage_taken":0.0},{"cards_removed":["Quick Slash"],"damage_healed":0.0,"max_hp_gain":0.0,"max_hp_loss":0.0,"gold_gain":0.0,"event_name":"Falling","player_choice":"Removed Attack","floor":38.0,"gold_loss":0.0,"damage_taken":0.0},{"damage_healed":0.0,"max_hp_gain":0.0,"max_hp_loss":0.0,"gold_gain":0.0,"event_name":"MindBloom","player_choice":"Fight","floor":39.0,"gold_loss":0.0,"damage_taken":0.0},{"damage_healed":17.0,"max_hp_gain":0.0,"max_hp_loss":0.0,"gold_gain":0.0,"event_name":"Winding Halls","player_choice":"Writhe","floor":41.0,"gold_loss":0.0,"damage_taken":0.0,"cards_obtained":["Writhe"]}],"is_beta":false,"boss_relics":[{"not_picked":["Fusion Hammer","Ectoplasm"],"picked":"Ring of the Serpent"},{"not_picked":["WristBlade","Runic Pyramid"],"picked":"Sozu"}],"items_purged_floors":[5],"is_endless":false,"potions_floor_spawned":[1,7,11,16,27,33,39,48],"ascension_level":20}