{"gold_per_floor":[216,64,75,92,92,92,104,117,166,166,179,191,191,224,224,326,326,344,150,169,196,196,71,71],"floor_reached":24,"playtime":9269,"items_purged":["Strike_G","Defend_G","Strike_G"],"score":198,"play_id":"12a9cbef-84aa-47be-a925-99548e499876","local_time":"20190725013728","is_ascension_mode":false,"campfire_choices":[{"data":"Neutralize","floor":6,"key":"SMITH"},{"data":"Dodge and Roll","floor":10,"key":"SMITH"},{"data":"Backflip","floor":15,"key":"SMITH"}],"neow_cost":"NONE","seed_source_timestamp":116962414855797,"circlet_count":0,"master_deck":["Strike_G","Strike_G","Defend_G","Defend_G","Defend_G","Defend_G","Survivor","Neutralize+1","Flying Knee","Poisoned Stab","Dodge and Roll+1","Escape Plan","Predator","Deadly Poison+1","Blur","PiercingWail","Backflip+1","Tools of the Trade","Dodge and Roll+1","Footwork","Slice"],"relics":["Ring of the Snake","Matryoshka","Runic Pyramid","Red Mask"],"potions_floor_usage":[14,21,21,24],"damage_taken":[{"damage":0,"enemies":"2 Louse","floor":1,"turns":3},{"damage":0,"enemies":"Small Slimes","floor":3,"turns":5},{"damage":0,"enemies":"Cultist","floor":4,"turns":4},{"damage":0,"enemies":"Looter","floor":7,"turns":3},{"damage":0,"enemies":"Blue Slaver","floor":8,"turns":5},{"damage":0,"enemies":"Red Slaver","floor":11,"turns":3},{"damage":0,"enemies":"Exordium Thugs","floor":12,"turns":5},{"damage":4,"enemies":"Lagavulin","floor":14,"turns":7},{"damage":9,"enemies":"Hexaghost","floor":16,"turns":10},{"damage":0,"enemies":"Chosen","floor":18,"turns":7},{"damage":3,"enemies":"3 Byrds","floor":20,"turns":8},{"damage":18,"enemies":"Masked Bandits","floor":21,"turns":7},{"damage":50,"enemies":"Gremlin Leader","floor":24,"turns":10}],"seed_played":"3070422505494587634","potions_obtained":[{"floor":1,"key":"Energy Potion"},{"floor":4,"key":"PowerPotion"},{"floor":11,"key":"Energy Potion"},{"floor":12,"key":"Dexterity Potion"},{"floor":18,"key":"Strength Potion"},{"floor":20,"key":"Block Potion"}],"is_trial":false,"path_per_floor":["M","$","M","M","?","R","M","M","T","R","M","M","?","E","R","B",null,"M","$","M","?","?","$","E"],"character_chosen":"THE_SILENT","items_purchased":["Poisoned Stab","Dodge and Roll","Footwork","Slice"],"campfire_rested":0,"item_purchase_floors":[2,2,19,19],"current_hp_per_floor":[70,70,70,70,63,63,63,63,63,63,63,63,63,59,59,50,70,70,70,67,49,49,49,0],"gold":71,"neow_bonus":"HUNDRED_GOLD","is_prod":false,"is_daily":false,"chose_seed":false,"campfire_upgraded":3,"win_rate":0,"timestamp":1564033048,"path_taken":["M","$","M","M","?","R","M","M","T","R","M","M","?","E","R","BOSS","M","$","M","?","?","?","E"],"build_version":"2019-07-17","purchased_purges":3,"victory":false,"max_hp_per_floor":[70,70,70,70,70,70,70,70,70,70,70,70,70,70,70,70,70,70,70,70,70,70,70,70],"card_choices":[{"not_picked":["PiercingWail","Bane"],"picked":"Flying Knee","floor":1},{"not_picked":["Slice","Heel Hook","Flechettes"],"picked":"SKIP","floor":3},{"not_picked":["Skewer","Deadly Poison"],"picked":"Escape Plan","floor":4},{"not_picked":["Caltrops","Heel Hook"],"picked":"Predator","floor":7},{"not_picked":["Expertise","Underhanded Strike"],"picked":"Deadly Poison","floor":8},{"not_picked":["Riddle With Holes","Flying Knee"],"picked":"Blur","floor":11},{"not_picked":["Heel Hook","Terror"],"picked":"PiercingWail","floor":12},{"not_picked":["Reflex","Skewer"],"picked":"Backflip","floor":14},{"not_picked":["Die Die Die","Phantasmal Killer"],"picked":"Tools of the Trade","floor":16},{"not_picked":["Leg Sweep","Dagger Spray"],"picked":"Dodge and Roll+1","floor":18},{"not_picked":["Acrobatics","Dagger Spray","Dash"],"picked":"SKIP","floor":20}],"player_experience":172464,"relics_obtained":[{"floor":14,"key":"Matryoshka"},{"floor":21,"key":"Red Mask"}],"event_choices":[{"cards_removed":["Strike_G"],"damage_healed":0,"gold_gain":0,"player_choice":"Card Removal","damage_taken":7,"max_hp_gain":0,"max_hp_loss":0,"event_name":"Golden Wing","floor":5,"gold_loss":0},{"damage_healed":0,"gold_gain":0,"player_choice":"Forge","damage_taken":0,"max_hp_gain":0,"max_hp_loss":0,"event_name":"Accursed Blacksmith","floor":13,"gold_loss":0,"cards_upgraded":["Deadly Poison"]},{"damage_healed":0,"gold_gain":0,"player_choice":"Fought Bandits","damage_taken":0,"max_hp_gain":0,"max_hp_loss":0,"event_name":"Masked Bandits","floor":21,"gold_loss":0},{"damage_healed":0,"gold_gain":0,"player_choice":"Ignored","damage_taken":0,"max_hp_gain":0,"max_hp_loss":0,"event_name":"Ghosts","floor":22,"gold_loss":0}],"is_beta":false,"boss_relics":[{"not_picked":["Runic Dome","Tiny House"],"picked":"Runic Pyramid"}],"items_purged_floors":[2,19,23],"is_endless":false,"potions_floor_spawned":[1,4,11,12,18,20],"killed_by":"Gremlin Leader","ascension_level":0}