{"gold_per_floor":[115,129,145,70,145,145,320,320,320,339,362,362,394,412,412,515,515,534,633,633,633,504,504,517,229,255,255,270,286,304,304,304,400,400,415,415,415,208,221,221,232,232,232,243,0,14,14,29,29,29],"floor_reached":51,"playtime":3482,"items_purged":["Strike_R","Strike_R","Strike_R","Strike_R"],"score":947,"play_id":"c8a29384-0f26-41ac-a21f-f84e5db1fb82","local_time":"20180715013024","is_ascension_mode":false,"campfire_choices":[{"data":"Body Slam","floor":6,"key":"SMITH"},{"data":"Inflame","floor":8,"key":"SMITH"},{"data":"Metallicize","floor":15,"key":"SMITH"},{"data":"Double Tap","floor":23,"key":"SMITH"},{"floor":32,"key":"REST"},{"data":"Limit Break","floor":40,"key":"SMITH"},{"data":"Clash","floor":42,"key":"SMITH"},{"floor":49,"key":"REST"}],"neow_cost":"NONE","seed_source_timestamp":356741248521519,"circlet_count":0,"master_deck":["Defend_R","Defend_R","Defend_R","Bash","Body Slam+1","Inflame+1","Pommel Strike","Metallicize+1","Thunderclap","Double Tap+1","Limit Break+1","Shrug It Off+1","Dropkick","Purity","Clash+1","Cleave+1","Heavy Blade+1"],"relics":["Burning Blood","Omamori","Smiling Mask","Blood Vial","Mercury Hourglass","Velvet Choker","Orichalcum","Oddly Smooth Stone","Pear","Sozu","Torii","Art of War","Ice Cream","Red Mask"],"potions_floor_usage":[16,24,33,44,46],"damage_taken":[{"damage":1,"enemies":"Cultist","floor":1,"turns":3},{"damage":6,"enemies":"Jaw Worm","floor":2,"turns":5},{"damage":2,"enemies":"Small Slimes","floor":3,"turns":4},{"damage":5,"enemies":"3 Louse","floor":10,"turns":5},{"damage":11,"enemies":"3 Sentries","floor":13,"turns":11},{"damage":2,"enemies":"2 Fungi Beasts","floor":14,"turns":3},{"damage":42,"enemies":"Hexaghost","floor":16,"turns":9},{"damage":14,"enemies":"Spheric Guardian","floor":18,"turns":4},{"damage":15,"enemies":"3 Byrds","floor":24,"turns":3},{"damage":0,"enemies":"Centurion and Healer","floor":28,"turns":5},{"damage":8,"enemies":"3 Cultists","floor":29,"turns":4},{"damage":9,"enemies":"Snake Plant","floor":30,"turns":4},{"damage":74,"enemies":"Champ","floor":33,"turns":10},{"damage":39,"enemies":"Flame Bruiser 1 Orb","floor":35,"turns":4},{"damage":14,"floor":37,"turns":6},{"damage":0,"enemies":"3 Shapes","floor":39,"turns":4},{"damage":0,"enemies":"Flame Bruiser 2 Orb","floor":41,"turns":3},{"damage":2,"enemies":"Transient","floor":44,"turns":5},{"damage":5,"enemies":"4 Shapes","floor":46,"turns":4},{"damage":25,"enemies":"Maw","floor":48,"turns":6},{"damage":79,"enemies":"Donu and Deca","floor":50,"turns":8}],"seed_played":"-6084440191887401477","potions_obtained":[{"floor":1,"key":"LiquidBronze"},{"floor":16,"key":"LiquidBronze"},{"floor":21,"key":"FearPotion"},{"floor":21,"key":"GamblersBrew"},{"floor":24,"key":"SkillPotion"}],"is_trial":false,"path_per_floor":["M","M","M","$","?","R","?","R","T","M","T","?","E","M","R","B",null,"M","?","?","?","$","R","M","$","T","?","M","M","M","T","R","B",null,"M","?","?","$","M","R","M","R","T","M","?","M","?","M","R","B"],"character_chosen":"IRONCLAD","items_purchased":["Limit Break","Orichalcum","Dropkick","Art of War"],"campfire_rested":2,"item_purchase_floors":[22,25,25,38],"current_hp_per_floor":[80,80,80,80,69,69,69,69,69,70,70,70,67,73,73,39,80,72,72,72,72,72,72,65,65,65,49,57,57,56,66,90,22,90,57,80,74,74,82,82,90,90,90,90,90,90,90,71,90,17],"gold":29,"neow_bonus":"RANDOM_COMMON_RELIC","is_prod":false,"is_daily":false,"chose_seed":false,"campfire_upgraded":6,"win_rate":0,"timestamp":1531614624,"path_taken":["M","M","M","$","?","R","?","R","T","M","?","?","E","M","R","BOSS","M","?","?","?","$","R","M","$","T","?","M","M","M","?","R","BOSS","M","?","?","$","M","R","M","R","T","M","?","M","?","M","R","BOSS"],"build_version":"2018-07-12","purchased_purges":4,"victory":true,"max_hp_per_floor":[80,80,80,80,80,80,80,80,80,80,80,80,80,80,80,80,80,80,80,80,80,80,80,80,80,80,80,80,80,80,90,90,90,90,90,90,90,90,90,90,90,90,90,90,90,90,90,90,90,90],"card_choices":[{"not_picked":["Hemokinesis","Clothesline"],"picked":"Body Slam","floor":1},{"not_picked":["Seeing Red","Clash"],"picked":"Inflame","floor":2},{"not_picked":["Reckless Charge","Rupture"],"picked":"Pommel Strike","floor":3},{"not_picked":["Thunderclap","Clash"],"picked":"Metallicize","floor":10},{"not_picked":["Body Slam","Clothesline","Perfected Strike"],"picked":"SKIP","floor":13},{"not_picked":["Power Through","True Grit"],"picked":"Thunderclap","floor":14},{"not_picked":["Juggernaut","Berserk"],"picked":"Double Tap","floor":16},{"not_picked":["Evolve+1","Sword Boomerang","Metallicize+1"],"picked":"SKIP","floor":18},{"not_picked":["Evolve+1","Body Slam"],"picked":"Shrug It Off+1","floor":24},{"not_picked":["Warcry","Thunderclap","Wild Strike"],"picked":"SKIP","floor":28},{"not_picked":["Power Through+1","Twin Strike"],"picked":"Clash","floor":29},{"not_picked":["Second Wind+1","Perfected Strike+1","Sentinel"],"picked":"SKIP","floor":30},{"not_picked":["Sword Boomerang+1","Clash+1"],"picked":"Cleave+1","floor":35},{"not_picked":["Clash+1","Warcry+1","Hemokinesis"],"picked":"SKIP","floor":39},{"not_picked":["Clothesline+1","Dropkick+1","Body Slam+1"],"picked":"SKIP","floor":41},{"not_picked":["Clothesline+1","Armaments"],"picked":"Heavy Blade+1","floor":44},{"not_picked":["Wild Strike+1","Havoc+1","Sever Soul"],"picked":"SKIP","floor":46},{"not_picked":["Headbutt","Infernal Blade","Clash+1"],"picked":"SKIP","floor":48}],"player_experience":328982,"relics_obtained":[{"floor":9,"key":"Smiling Mask"},{"floor":11,"key":"Blood Vial"},{"floor":13,"key":"Mercury Hourglass"},{"floor":26,"key":"Oddly Smooth Stone"},{"floor":31,"key":"Pear"},{"floor":37,"key":"Torii"},{"floor":43,"key":"Ice Cream"}],"event_choices":[{"event_name":"World of Goop","player_choice":"Gather Gold","floor":5,"damage_taken":0},{"event_name":"Liars Game","player_choice":"agreed","floor":7,"damage_taken":0},{"event_name":"Bonfire Elementals","player_choice":"BASIC","floor":12,"damage_taken":0},{"event_name":"Nest","player_choice":"Stole From Cult","floor":19,"damage_taken":0},{"event_name":"Ghosts","player_choice":"Ignored","floor":20,"damage_taken":0},{"event_name":"The Lab","player_choice":"Got Potions","floor":21,"damage_taken":0},{"event_name":"Knowing Skull","player_choice":"CARD ","floor":27,"damage_taken":0},{"event_name":"Winding Halls","player_choice":"Writhe","floor":36,"damage_taken":0},{"event_name":"MindBloom","player_choice":"Fight","floor":37,"damage_taken":0},{"event_name":"Tomb of Lord Red Mask","player_choice":"Paid","floor":45,"damage_taken":0},{"event_name":"Falling","player_choice":"Removed Skill","floor":47,"damage_taken":0}],"boss_relics":[{"not_picked":["White Beast Statue","Pandora\u0027s Box"],"picked":"Velvet Choker"},{"not_picked":["Snecko Eye","Eternal Feather"],"picked":"Sozu"}],"items_purged_floors":[4,22,25,38],"is_endless":false,"potions_floor_spawned":[1,16,24,35,41,46],"ascension_level":0}