{"gold_per_floor":[116,116,130,130,130,130,142,170,170,170,18,34,50,68,68,164,164,179,106,21,21,21,21,36,60,60,97,109],"floor_reached":28,"playtime":1780,"items_purged":[],"score":300,"play_id":"0679a563-ad4b-4144-afb9-dc417df144b5","local_time":"20180807190946","is_ascension_mode":true,"campfire_choices":[{"data":"Neutralize","floor":6,"key":"SMITH"},{"floor":10,"key":"REST"},{"floor":15,"key":"REST"},{"data":"Envenom","floor":23,"key":"SMITH"}],"neow_cost":"NONE","seed_source_timestamp":356967615449829,"circlet_count":0,"master_deck":["Defend_G","Defend_G","Defend_G","Defend_G","Defend_G","Strike_G","Strike_G","Strike_G","Strike_G","Strike_G","Survivor","Neutralize+1","Flying Knee","Dash","Sucker Punch","Backstab","Deadly Poison+1","PiercingWail+1","Predator","Envenom+1","Cloak And Dagger+1","Noxious Fumes","Dagger Spray+1"],"relics":["Ring of the Snake","Happy Flower","Singing Bowl","Torii","Toxic Egg 2","Anchor","HoveringKite","Matryoshka","Bronze Scales","Omamori","Mercury Hourglass","MawBank","Blood Vial"],"potions_floor_usage":[8,16,27],"damage_taken":[{"damage":1,"enemies":"Small Slimes","floor":1,"turns":3},{"damage":1,"enemies":"Jaw Worm","floor":3,"turns":6},{"damage":0,"enemies":"Cultist","floor":7,"turns":3},{"damage":31,"enemies":"Lagavulin","floor":8,"turns":7},{"damage":1,"enemies":"Exordium Thugs","floor":12,"turns":5},{"damage":0,"enemies":"Large Slime","floor":13,"turns":6},{"damage":0,"enemies":"Looter","floor":14,"turns":2},{"damage":37,"enemies":"Slime Boss","floor":16,"turns":10},{"damage":14,"enemies":"Shell Parasite","floor":18,"turns":9},{"damage":10,"enemies":"Spheric Guardian","floor":24,"turns":4},{"damage":0,"enemies":"Gremlin Leader","floor":27,"turns":8},{"damage":14,"enemies":"Cultist and Chosen","floor":28,"turns":5}],"seed_played":"-7124917054470443119","potions_obtained":[{"floor":3,"key":"GhostInAJar"},{"floor":7,"key":"Strength Potion"},{"floor":13,"key":"Fire Potion"},{"floor":24,"key":"Dexterity Potion"}],"is_trial":false,"path_per_floor":["M","?","M","$","T","R","M","E","T","R","$","M","M","M","R","B",null,"M","$","?","?","$","R","M","T","T","E"],"character_chosen":"THE_SILENT","items_purchased":["Anchor","Noxious Fumes"],"campfire_rested":2,"item_purchase_floors":[11,19],"current_hp_per_floor":[69,69,68,68,68,68,68,37,37,58,58,57,57,57,70,33,70,56,56,56,70,70,70,62,62,62,62,50],"gold":109,"neow_bonus":"RANDOM_COMMON_RELIC","is_prod":false,"is_daily":false,"chose_seed":false,"campfire_upgraded":2,"win_rate":0,"timestamp":1533665386,"path_taken":["M","?","M","$","?","R","?","E","T","R","$","M","M","M","R","BOSS","M","$","?","?","$","R","M","?","T","E","?"],"build_version":"2018-08-02","purchased_purges":0,"victory":false,"max_hp_per_floor":[70,70,70,70,70,70,70,70,70,70,70,70,70,70,70,70,70,70,70,70,70,70,70,72,72,72,72,72],"card_choices":[{"not_picked":["Acrobatics","Finisher"],"picked":"Flying Knee","floor":1},{"not_picked":["Setup","Masterful Stab"],"picked":"Dash","floor":3},{"not_picked":["Masterful Stab","Dodge and Roll"],"picked":"Sucker Punch","floor":7},{"not_picked":["Outmaneuver","PiercingWail"],"picked":"Backstab","floor":8},{"not_picked":["Sucker Punch","Endless Agony"],"picked":"Deadly Poison+1","floor":12},{"not_picked":["Distraction+1","Quick Slash"],"picked":"PiercingWail+1","floor":13},{"not_picked":["Bouncing Flask+1","PiercingWail+1"],"picked":"Predator","floor":14},{"not_picked":["Wraith Form v2","After Image"],"picked":"Envenom","floor":16},{"not_picked":["Skewer+1","Masterful Stab"],"picked":"Cloak And Dagger+1","floor":18},{"not_picked":["Quick Slash","Flying Knee","Poisoned Stab"],"picked":"Singing Bowl","floor":24},{"not_picked":["Setup+1","Flying Knee+1"],"picked":"Dagger Spray+1","floor":27}],"player_experience":589969,"relics_obtained":[{"floor":5,"key":"Singing Bowl"},{"floor":8,"key":"Torii"},{"floor":9,"key":"Toxic Egg 2"},{"floor":25,"key":"Bronze Scales"},{"floor":25,"key":"Omamori"},{"floor":26,"key":"Mercury Hourglass"},{"floor":26,"key":"MawBank"},{"floor":27,"key":"Blood Vial"}],"event_choices":[{"event_name":"Golden Idol","player_choice":"Ignored","floor":2,"damage_taken":0},{"event_name":"Addict","player_choice":"Obtained Relic","floor":20,"damage_taken":0},{"event_name":"The Library","player_choice":"Heal","floor":21,"damage_taken":0}],"is_beta":false,"boss_relics":[{"not_picked":["White Beast Statue","Runic Dome"],"picked":"HoveringKite"}],"items_purged_floors":[],"is_endless":false,"potions_floor_spawned":[3,7,13,24],"killed_by":"Cultist and Chosen","ascension_level":3}