{"gold_per_floor":[218,232,246,258,60,60,80,80,80,80,80,98,127,152,152,255,255,229,229,248,248,248],"floor_reached":22,"playtime":683,"items_purged":[],"score":251,"play_id":"9d8949db-6fde-436e-b5a2-e5b07f3503ad","local_time":"20190304020540","is_ascension_mode":true,"campfire_choices":[{"data":"Thunderclap","floor":6,"key":"SMITH"},{"data":"Inflame","floor":8,"key":"SMITH"},{"data":"Sword Boomerang","floor":10,"key":"SMITH"},{"floor":15,"key":"REST"}],"neow_cost":"NONE","seed_source_timestamp":105974802834200,"circlet_count":0,"master_deck":["Strike_R","Strike_R","Strike_R","Defend_R","Defend_R","Defend_R","Defend_R","Bash","Sword Boomerang+1","Thunderclap+1","Inflame+1","Spot Weakness","Flex","Limit Break","Thunderclap","Ghostly Armor","RitualDagger"],"special_seed":0,"relics":["Burning Blood","Chemical X","Bronze Scales","Odd Mushroom","Blood Vial","Eternal Feather"],"potions_floor_usage":[13,16,20,20,22],"damage_taken":[{"damage":6.0,"enemies":"Cultist","floor":1.0,"turns":3.0},{"damage":4.0,"enemies":"Small Slimes","floor":2.0,"turns":4.0},{"damage":4,"enemies":"Jaw Worm","floor":3,"turns":4},{"damage":1,"enemies":"Exordium Wildlife","floor":4,"turns":3},{"damage":9,"enemies":"Blue Slaver","floor":7,"turns":5},{"damage":7,"enemies":"Looter","floor":12,"turns":3},{"damage":16,"enemies":"The Mushroom Lair","floor":13,"turns":3},{"damage":35,"enemies":"Lagavulin","floor":14,"turns":4},{"damage":50,"enemies":"Hexaghost","floor":16,"turns":6},{"damage":52,"enemies":"2 Thieves","floor":18,"turns":5},{"damage":21,"enemies":"Shell Parasite","floor":20,"turns":4},{"damage":11,"enemies":"Snake Plant","floor":22,"turns":1}],"seed_played":"2420973807631295521","potions_obtained":[{"floor":2.0,"key":"LiquidBronze"},{"floor":3,"key":"SteroidPotion"},{"floor":13,"key":"Poison Potion"},{"floor":16,"key":"Swift Potion"},{"floor":18,"key":"SpeedPotion"}],"is_trial":false,"path_per_floor":["M","M","M","M","$","R","M","R","T","R","?","M","?","E","R","B",null,"M","?","M","?","M"],"character_chosen":"IRONCLAD","items_purchased":["Chemical X"],"campfire_rested":1,"item_purchase_floors":[5],"current_hp_per_floor":[72,74,76,80,80,80,77,77,77,77,77,76,66,37,61,19,65,21,21,8,2,0],"gold":248,"neow_bonus":"HUNDRED_GOLD","is_prod":false,"is_daily":false,"chose_seed":false,"campfire_upgraded":3,"win_rate":0,"timestamp":1551693940,"path_taken":["M","?","M","M","$","R","?","R","T","R","?","M","?","E","R","BOSS","M","?","M","?","M"],"build_version":"2019-01-23","purchased_purges":0,"victory":false,"max_hp_per_floor":[80,80,80,80,80,80,80,80,80,80,80,80,80,80,80,80,80,80,80,80,80,80],"card_choices":[{"not_picked":["Thunderclap","Clash"],"picked":"Sword Boomerang","floor":1.0},{"not_picked":["Metallicize","True Grit","Sentinel"],"picked":"SKIP","floor":2.0},{"not_picked":["Wild Strike","Sever Soul"],"picked":"Thunderclap","floor":3},{"not_picked":["Headbutt","Disarm","Heavy Blade"],"picked":"SKIP","floor":4},{"not_picked":["Anger","Sword Boomerang"],"picked":"Inflame","floor":7},{"not_picked":["Searing Blow","Corruption"],"picked":"Spot Weakness","floor":12},{"not_picked":["Dual Wield","Clash"],"picked":"Flex","floor":13},{"not_picked":["Dual Wield","Disarm","Sentinel"],"picked":"SKIP","floor":14},{"not_picked":["Brutality","Reaper"],"picked":"Limit Break","floor":16},{"not_picked":["Sentinel","Perfected Strike","Cleave"],"picked":"SKIP","floor":18},{"not_picked":["Perfected Strike","Uppercut","Carnage"],"picked":"SKIP","floor":20}],"player_experience":261655,"relics_obtained":[{"floor":9,"key":"Bronze Scales"},{"floor":13,"key":"Odd Mushroom"},{"floor":14,"key":"Blood Vial"}],"event_choices":[{"damage_healed":0,"gold_gain":0,"player_choice":"Ignored","damage_taken":0,"max_hp_gain":0,"max_hp_loss":0,"event_name":"Shining Light","floor":11,"gold_loss":0},{"damage_healed":0,"gold_gain":0,"player_choice":"Fought Mushrooms","damage_taken":0,"max_hp_gain":0,"max_hp_loss":0,"event_name":"Mushrooms","floor":13,"gold_loss":0},{"damage_healed":0,"gold_gain":0,"cards_transformed":["Strike_R","Strike_R"],"player_choice":"Became Test Subject","damage_taken":0,"max_hp_gain":0,"max_hp_loss":0,"event_name":"Drug Dealer","floor":19,"gold_loss":0,"cards_obtained":["Thunderclap","Ghostly Armor"]},{"damage_healed":0,"gold_gain":0,"player_choice":"Joined the Cult","damage_taken":6,"max_hp_gain":0,"max_hp_loss":0,"event_name":"Nest","floor":21,"gold_loss":0,"cards_obtained":["RitualDagger"]}],"is_beta":false,"boss_relics":[{"not_picked":["Fusion Hammer","Astrolabe"],"picked":"Eternal Feather"}],"items_purged_floors":[],"is_endless":false,"potions_floor_spawned":[2,3,13,16,18],"killed_by":"Snake Plant","ascension_level":7}