{"gold_per_floor":[116,41,51,51,51,86,102,102,102,122,122,122,132,132,132,132],"floor_reached":16,"playtime":459,"items_purged":["Defend_R"],"score":125,"play_id":"bfd8764a-26ee-412f-ad1e-2ae0dabb3319","local_time":"20190216211758","is_ascension_mode":true,"campfire_choices":[{"data":"Pommel Strike","floor":8,"key":"SMITH"},{"floor":15,"key":"REST"}],"neow_cost":"NONE","seed_source_timestamp":6320427179100,"circlet_count":0,"master_deck":["Strike_R","Strike_R","Strike_R","Strike_R","Strike_R","Defend_R","Defend_R","Bash+1","Pommel Strike+1","Cleave","Dropkick","Battle Trance"],"relics":["Burning Blood","Self Forming Clay","Sundial","Bottled Flame","Golden Idol"],"potions_floor_usage":[16,16],"damage_taken":[{"damage":14,"enemies":"Jaw Worm","floor":1,"turns":3},{"damage":1,"enemies":"Cultist","floor":3,"turns":3},{"damage":32,"enemies":"3 Sentries","floor":6,"turns":6},{"damage":9,"enemies":"Small Slimes","floor":7,"turns":3},{"damage":6,"enemies":"2 Fungi Beasts","floor":10,"turns":2},{"damage":14,"enemies":"Red Slaver","floor":13,"turns":2},{"damage":62,"enemies":"Slime Boss","floor":16,"turns":8}],"seed_played":"-1313165112533514215","potions_obtained":[{"floor":6,"key":"GamblersBrew"},{"floor":7,"key":"Weak Potion"},{"floor":13,"key":"Weak Potion"}],"is_trial":false,"path_per_floor":["M","$","M","?","$","E","M","R","T","M","?","?","M","?","R","B"],"character_chosen":"IRONCLAD","items_purchased":[],"campfire_rested":1,"item_purchase_floors":[],"current_hp_per_floor":[72,72,77,77,77,51,48,48,48,48,48,48,40,40,62,0],"gold":132,"neow_bonus":"UPGRADE_CARD","is_prod":false,"is_daily":false,"chose_seed":false,"campfire_upgraded":1,"win_rate":0,"timestamp":1550380678,"path_taken":["M","$","M","?","$","E","M","R","T","?","?","?","?","?","R","BOSS"],"build_version":"2019-01-23","purchased_purges":1,"victory":false,"max_hp_per_floor":[80,80,80,80,80,80,80,80,80,80,80,80,80,74,74,74],"card_choices":[{"not_picked":["Perfected Strike","Heavy Blade"],"picked":"Pommel Strike","floor":1},{"not_picked":["Sentinel","Rage"],"picked":"Cleave","floor":3},{"not_picked":["Combust","Warcry","Sentinel"],"picked":"SKIP","floor":6},{"not_picked":["Sword Boomerang","Body Slam"],"picked":"Dropkick","floor":7},{"not_picked":["Perfected Strike","Sever Soul"],"picked":"Battle Trance","floor":10},{"not_picked":["Iron Wave","Clothesline","Battle Trance"],"picked":"SKIP","floor":13}],"player_experience":175059,"relics_obtained":[{"floor":4,"key":"Self Forming Clay"},{"floor":6,"key":"Sundial"},{"floor":9,"key":"Bottled Flame"}],"event_choices":[{"damage_healed":0,"gold_gain":0,"player_choice":"Relic","damage_taken":0,"max_hp_gain":0,"max_hp_loss":0,"event_name":"Wheel of Change","floor":4,"gold_loss":0},{"damage_healed":0,"gold_gain":0,"player_choice":"Ignored","damage_taken":0,"max_hp_gain":0,"max_hp_loss":0,"event_name":"Liars Game","floor":11,"gold_loss":0},{"cards_removed":["Defend_R"],"damage_healed":0,"gold_gain":0,"player_choice":"Purged","damage_taken":0,"max_hp_gain":0,"max_hp_loss":0,"event_name":"Purifier","floor":12,"gold_loss":0},{"damage_healed":0,"gold_gain":0,"player_choice":"Lose Max HP","damage_taken":0,"relics_obtained":["Golden Idol"],"max_hp_gain":0,"max_hp_loss":6,"event_name":"Golden Idol","floor":14,"gold_loss":0}],"is_beta":false,"boss_relics":[],"items_purged_floors":[2],"is_endless":false,"potions_floor_spawned":[6,7,13],"killed_by":"Slime Boss","ascension_level":5}