{"gold_per_floor":[118,129,129,77,91,91,91,114,114,182,182,220,220,261,261,384,384,405,421,437,152,152,188,209,209,209,2,45,45,61,61,61,61],"floor_reached":33,"playtime":2245,"items_purged":[],"score":293,"play_id":"9331e7d3-c9eb-489e-8e8f-ba8b75142fe4","local_time":"20190205004423","is_ascension_mode":false,"campfire_choices":[{"data":"Defend_R","floor":11,"key":"SMITH"},{"floor":15,"key":"REST"},{"floor":25,"key":"REST"},{"floor":32,"key":"REST"}],"neow_cost":"NONE","seed_source_timestamp":169090876776314,"circlet_count":0,"master_deck":["Strike_R","Strike_R","Strike_R","Strike_R","Defend_R","Defend_R","Defend_R","Defend_R+1","Bash","Flex","Heavy Blade","Dark Embrace","Warcry","Cleave","Headbutt","Heavy Blade","Carnage","Barricade","Flex+1","Shrug It Off+1","Pommel Strike","Shrug It Off+1","Battle Trance+1","Fire Breathing+1","The Bomb+1","Flex+1","Body Slam","Sword Boomerang+1","Writhe"],"relics":["Velvet Choker","Golden Idol","Blood Vial","Bottled Tornado","Toxic Egg 2","StoneCalendar","Philosopher\u0027s Stone","Anchor","Mummified Hand","Bag of Preparation","Bottled Lightning","Sundial"],"potions_floor_usage":[12,14,20,23,33],"damage_taken":[{"damage":2,"enemies":"Jaw Worm","floor":1,"turns":4},{"damage":0,"enemies":"2 Louse","floor":2,"turns":2},{"damage":7,"enemies":"Small Slimes","floor":5,"turns":3},{"damage":10,"enemies":"Looter","floor":8,"turns":3},{"damage":19,"enemies":"Lagavulin","floor":12,"turns":5},{"damage":23,"enemies":"3 Sentries","floor":14,"turns":6},{"damage":50,"enemies":"Hexaghost","floor":16,"turns":8},{"damage":46,"enemies":"Spheric Guardian","floor":18,"turns":6},{"damage":15,"enemies":"Shell Parasite","floor":19,"turns":4},{"damage":19,"enemies":"Snecko","floor":20,"turns":4},{"damage":17,"enemies":"Slavers","floor":23,"turns":5},{"damage":8,"enemies":"3 Cultists","floor":24,"turns":4},{"damage":62,"enemies":"Book of Stabbing","floor":28,"turns":7},{"damage":7,"enemies":"Cultist and Chosen","floor":30,"turns":3},{"damage":53,"enemies":"Collector","floor":33,"turns":7}],"seed_played":"-4209644461103011423","potions_obtained":[{"floor":2,"key":"SkillPotion"},{"floor":14,"key":"Fruit Juice"},{"floor":19,"key":"Explosive Potion"},{"floor":24,"key":"Dexterity Potion"}],"is_trial":false,"path_per_floor":["M","M","?","$","M","?","$","M","T","?","R","E","T","E","R","B",null,"M","M","M","$","?","E","M","R","T","$","E","$","M","?","R","B"],"character_chosen":"IRONCLAD","items_purchased":["Warcry","Anchor","Searing Blow","Shrug It Off+1","Block Potion","The Bomb+1","Flex+1"],"campfire_rested":3,"item_purchase_floors":[4,21,21,21,21,27,27],"current_hp_per_floor":[78,78,78,78,71,71,71,61,61,61,61,44,44,28,51,3,79,33,20,3,3,79,62,56,79,79,79,17,17,12,12,35,0],"gold":61,"neow_bonus":"BOSS_RELIC","is_prod":false,"is_daily":false,"chose_seed":false,"campfire_upgraded":1,"win_rate":0.0,"timestamp":1549356263,"path_taken":["M","M","?","$","M","?","?","M","T","?","R","E","?","E","R","BOSS","M","M","M","$","?","E","?","R","T","$","E","$","?","?","R","BOSS"],"build_version":"2019-01-23","purchased_purges":0,"victory":false,"max_hp_per_floor":[80,80,80,80,80,74,74,74,74,74,74,74,74,79,79,79,79,79,79,79,79,79,79,79,79,79,79,79,79,79,79,79,79],"card_choices":[{"not_picked":["Pommel Strike","Pummel"],"picked":"Flex","floor":1},{"not_picked":["Body Slam","Shrug It Off"],"picked":"Heavy Blade","floor":2},{"not_picked":["Flex","Feel No Pain"],"picked":"Cleave","floor":5},{"not_picked":["Sword Boomerang","Shrug It Off"],"picked":"Headbutt","floor":8},{"not_picked":["Feel No Pain","Iron Wave"],"picked":"Heavy Blade","floor":12},{"not_picked":["Reckless Charge","Corruption"],"picked":"Carnage","floor":14},{"not_picked":["Dark Embrace","Offering+1"],"picked":"Barricade","floor":16},{"not_picked":["Sever Soul","Feel No Pain"],"picked":"Flex+1","floor":18},{"not_picked":["Pommel Strike","Shockwave+1"],"picked":"Shrug It Off+1","floor":19},{"not_picked":["Combust","Iron Wave"],"picked":"Pommel Strike","floor":20},{"not_picked":["Cleave","Entrench+1"],"picked":"Battle Trance+1","floor":23},{"not_picked":["True Grit+1","Rupture"],"picked":"Fire Breathing+1","floor":24},{"not_picked":["Sever Soul+1","Hemokinesis"],"picked":"Body Slam","floor":28},{"not_picked":["Body Slam","Brutality"],"picked":"Sword Boomerang+1","floor":30}],"player_experience":11039,"relics_obtained":[{"floor":9,"key":"Blood Vial"},{"floor":12,"key":"Bottled Tornado"},{"floor":13,"key":"Toxic Egg 2"},{"floor":14,"key":"StoneCalendar"},{"floor":23,"key":"Mummified Hand"},{"floor":26,"key":"Bag of Preparation"},{"floor":28,"key":"Bottled Lightning"}],"event_choices":[{"damage_healed":0,"gold_gain":0,"cards_transformed":["Strike_R"],"player_choice":"Change","damage_taken":0,"max_hp_gain":0,"max_hp_loss":0,"event_name":"Living Wall","floor":3,"gold_loss":0,"cards_obtained":["Dark Embrace"]},{"damage_healed":0,"gold_gain":0,"player_choice":"Lose Max HP","damage_taken":0,"relics_obtained":["Golden Idol"],"max_hp_gain":0,"max_hp_loss":6,"event_name":"Golden Idol","floor":6,"gold_loss":0},{"damage_healed":0,"gold_gain":68,"player_choice":"Gained Gold","damage_taken":0,"max_hp_gain":0,"max_hp_loss":0,"event_name":"Golden Wing","floor":10,"gold_loss":0},{"cards_removed":["Searing Blow"],"damage_healed":76,"gold_gain":0,"player_choice":"Offered Uncommon","damage_taken":0,"max_hp_gain":0,"max_hp_loss":0,"event_name":"Bonfire Elementals","floor":22,"gold_loss":0},{"damage_healed":0,"gold_gain":0,"player_choice":"Opened","damage_taken":0,"relics_obtained":["Sundial"],"max_hp_gain":0,"max_hp_loss":0,"event_name":"The Mausoleum","floor":31,"gold_loss":0,"cards_obtained":["Writhe"]}],"is_beta":false,"boss_relics":[{"not_picked":["Snecko Eye","Busted Crown"],"picked":"Philosopher\u0027s Stone"}],"items_purged_floors":[],"is_endless":false,"potions_floor_spawned":[2,14,19,24],"killed_by":"Collector","ascension_level":0}