{"gold_per_floor":[119,119,44,44,64,64,79,114,165,180,233,244,254,274,274,374,404,389,43,56,66,76,101,101,101,101,101,112,27,37,37,37,37],"floor_reached":33,"playtime":2448,"items_purged":["Decay"],"score":271,"play_id":"2abbecce-7a9a-401d-89cc-4b0656634443","local_time":"20180713180200","is_ascension_mode":false,"campfire_choices":[{"data":"Body Slam","floor":6,"key":"SMITH"},{"floor":15,"key":"REST"},{"floor":24,"key":"REST"},{"floor":27,"key":"REST"},{"floor":32,"key":"REST"}],"neow_cost":"NONE","seed_source_timestamp":244466807222500,"circlet_count":0,"master_deck":["Strike_R","Strike_R","Strike_R","Strike_R","Strike_R+1","Defend_R","Defend_R","Defend_R+1","Defend_R","Bash","Shrug It Off","Body Slam+1","Clash","Double Tap+1","Fiend Fire","Armaments","Ghostly Armor","Inflame","Writhe"],"relics":["Burning Blood","Red Skull","Bag of Marbles","Tiny House","Art of War","TheAbacus","Anchor","Gremlin Horn","War Paint","Happy Flower"],"potions_floor_usage":[8,20,22],"damage_taken":[{"damage":0,"enemies":"Small Slimes","floor":1,"turns":4},{"damage":0,"enemies":"Cultist","floor":5,"turns":3},{"damage":0,"enemies":"2 Louse","floor":7,"turns":2},{"damage":29,"enemies":"Lagavulin","floor":8,"turns":8},{"damage":16,"enemies":"Large Slime","floor":10,"turns":8},{"damage":3,"enemies":"Exordium Thugs","floor":12,"turns":5},{"damage":5,"enemies":"Looter","floor":13,"turns":3},{"damage":9,"enemies":"Gremlin Gang","floor":14,"turns":6},{"damage":64,"enemies":"Slime Boss","floor":16,"turns":14},{"damage":10,"enemies":"2 Thieves","floor":18,"turns":4},{"damage":14,"enemies":"Shell Parasite","floor":20,"turns":6},{"damage":54,"enemies":"3 Cultists","floor":21,"turns":7},{"damage":15,"enemies":"Snake Plant","floor":22,"turns":3},{"damage":30,"enemies":"Gremlin Leader","floor":23,"turns":7},{"damage":20,"enemies":"Snecko","floor":28,"turns":5},{"damage":0,"enemies":"Centurion and Healer","floor":30,"turns":7},{"damage":83,"enemies":"Collector","floor":33,"turns":6}],"seed_played":"-1873411125076463993","potions_obtained":[{"floor":5,"key":"Swift Potion"},{"floor":7,"key":"Strength Potion"},{"floor":10,"key":"GamblersBrew"},{"floor":17,"key":"Explosive Potion"},{"floor":21,"key":"BloodPotion"},{"floor":30,"key":"AttackPotion"}],"is_trial":false,"path_per_floor":["M","?","$","?","M","R","M","E","T","M","?","M","M","M","R","B",null,"M","$","M","M","M","E","R","?","T","R","M","?","M","?","R"],"character_chosen":"IRONCLAD","items_purchased":["Art of War","TheAbacus"],"campfire_rested":4,"item_purchase_floors":[19,19],"current_hp_per_floor":[88,88,88,88,88,88,88,65,65,55,55,58,59,56,82,24,93,89,89,81,33,33,9,36,36,36,63,49,49,55,55,82,0],"gold":37,"neow_bonus":"TEN_PERCENT_HP_BONUS","is_prod":false,"is_daily":false,"chose_seed":false,"campfire_upgraded":1,"win_rate":0,"timestamp":1531501320,"path_taken":["M","?","$","?","M","R","M","E","T","M","?","M","?","M","R","BOSS","M","$","M","M","M","E","R","?","T","R","M","?","M","?","R","BOSS"],"build_version":"2018-07-12","purchased_purges":1,"victory":false,"max_hp_per_floor":[88,88,88,88,88,88,88,88,88,88,88,88,88,88,88,88,93,93,93,93,93,93,93,93,93,93,93,93,93,93,93,93,93],"card_choices":[{"not_picked":["Twin Strike","Warcry"],"picked":"Shrug It Off","floor":1},{"not_picked":["Wild Strike","Warcry"],"picked":"Body Slam","floor":5},{"not_picked":["Havoc","Perfected Strike","Sentinel"],"picked":"SKIP","floor":7},{"not_picked":["Wild Strike","Anger","Sword Boomerang"],"picked":"SKIP","floor":8},{"not_picked":["Dark Embrace","Hemokinesis"],"picked":"Clash","floor":10},{"not_picked":["Clash","Intimidate","Disarm"],"picked":"SKIP","floor":12},{"not_picked":["Disarm","Clash","Carnage"],"picked":"SKIP","floor":13},{"not_picked":["Pommel Strike","Havoc"],"picked":"Double Tap","floor":14},{"not_picked":["Feed","Double Tap"],"picked":"Fiend Fire","floor":16},{"not_picked":["Disarm","Warcry"],"picked":"Armaments","floor":17},{"not_picked":["Corruption","Clothesline+1","Rupture+1"],"picked":"SKIP","floor":18},{"not_picked":["Sword Boomerang+1","Feel No Pain"],"picked":"Ghostly Armor","floor":20},{"not_picked":["Iron Wave","Feel No Pain+1","Shrug It Off"],"picked":"SKIP","floor":21},{"not_picked":["Iron Wave","Warcry","Armaments"],"picked":"SKIP","floor":22},{"not_picked":["Carnage","Entrench","Berserk"],"picked":"SKIP","floor":23},{"not_picked":["Wild Strike+1","Iron Wave","Carnage"],"picked":"SKIP","floor":28},{"not_picked":["Havoc","Ghostly Armor"],"picked":"Inflame","floor":30}],"player_experience":308000,"relics_obtained":[{"floor":8,"key":"Red Skull"},{"floor":9,"key":"Bag of Marbles"},{"floor":23,"key":"Anchor"},{"floor":26,"key":"Gremlin Horn"}],"event_choices":[{"event_name":"Wheel of Change","player_choice":"Curse","floor":2,"damage_taken":0},{"event_name":"Golden Idol","player_choice":"Ignored","floor":4,"damage_taken":0},{"event_name":"Golden Wing","player_choice":"Gained Gold","floor":11,"damage_taken":0},{"event_name":"Ghosts","player_choice":"Ignored","floor":25,"damage_taken":0},{"event_name":"Addict","player_choice":"Obtained Relic","floor":29,"damage_taken":0},{"event_name":"The Mausoleum","player_choice":"Yes","floor":31,"damage_taken":0}],"boss_relics":[{"not_picked":["Snecko Eye","Pandora\u0027s Box"],"picked":"Tiny House"}],"items_purged_floors":[3],"is_endless":false,"potions_floor_spawned":[5,7,10,18,21,30],"killed_by":"Collector","ascension_level":0}