{"gold_per_floor":[109,120,137,62,81,110,123,135,186,186,186,214,214,228,228,353,353,374,357,161,161,161,161,23,23,98,98,98,114,148,168,168,287,287,301,426,450,450,469,469,469,469,469,494,494],"floor_reached":45,"playtime":20009,"items_purged":["Strike_R","Strike_R"],"score":470,"play_id":"1c8266e8-9efb-4add-a8e4-015dde3cb44e","local_time":"20190729040203","is_ascension_mode":false,"campfire_choices":[{"data":"Shockwave","floor":11.0,"key":"SMITH"},{"data":"Armaments","floor":15.0,"key":"SMITH"},{"data":"Offering","floor":23.0,"key":"SMITH"},{"data":"Fiend Fire","floor":25.0,"key":"SMITH"},{"floor":28.0,"key":"RECALL"},{"data":"Feel No Pain","floor":32.0,"key":"SMITH"},{"floor":40.0,"key":"REST"},{"floor":42.0,"key":"DIG"}],"neow_cost":"NONE","seed_source_timestamp":0,"circlet_count":0,"master_deck":["Defend_R","Defend_R+1","Defend_R+1","Bash","Armaments+1","Headbutt","Shockwave+1","Feed","Rampage","Dropkick","Body Slam","Entrench","Bludgeon","Offering+1","Shrug It Off","Dual Wield","Purity","Intimidate","Feel No Pain+1","Fiend Fire+1","Fiend Fire","Dark Embrace","Battle Trance","Warcry+1","Decay"],"special_seed":0,"relics":["Burning Blood","War Paint","Red Skull","Bag of Preparation","Golden Idol","Eternal Feather","Self Forming Clay","Letter Opener","Cursed Key","Shovel","Bronze Scales","Bottled Flame"],"potions_floor_usage":[],"damage_taken":[{"damage":2.0,"enemies":"2 Louse","floor":1.0,"turns":4.0},{"damage":0.0,"enemies":"Small Slimes","floor":2.0,"turns":3.0},{"damage":1.0,"enemies":"Jaw Worm","floor":3.0,"turns":4.0},{"damage":5.0,"enemies":"Exordium Wildlife","floor":5.0,"turns":5.0},{"damage":29.0,"enemies":"Lagavulin","floor":6.0,"turns":11.0},{"damage":3.0,"enemies":"Exordium Thugs","floor":7.0,"turns":6.0},{"damage":1.0,"enemies":"Blue Slaver","floor":8.0,"turns":6.0},{"damage":24.0,"enemies":"Gremlin Nob","floor":12.0,"turns":4.0},{"damage":0.0,"enemies":"Looter","floor":14.0,"turns":3.0},{"damage":18.0,"enemies":"Hexaghost","floor":16.0,"turns":8.0},{"damage":1.0,"enemies":"Chosen","floor":18.0,"turns":4.0},{"damage":11.0,"enemies":"2 Thieves","floor":19.0,"turns":4.0},{"damage":19.0,"enemies":"Colosseum Slavers","floor":27.0,"turns":6.0},{"damage":12.0,"enemies":"Centurion and Healer","floor":29.0,"turns":6.0},{"damage":44.0,"enemies":"Book of Stabbing","floor":30.0,"turns":9.0},{"damage":8.0,"enemies":"3 Cultists","floor":31.0,"turns":5.0},{"damage":24.0,"enemies":"Automaton","floor":33.0,"turns":6.0},{"damage":0.0,"enemies":"Orb Walker","floor":35.0,"turns":4.0},{"damage":29.0,"enemies":"Mind Bloom Boss Battle","floor":36.0,"turns":6.0},{"damage":16.0,"enemies":"3 Darklings","floor":37.0,"turns":8.0},{"damage":23.0,"enemies":"Spire Growth","floor":39.0,"turns":6.0},{"damage":20.0,"enemies":"Jaw Worm Horde","floor":44.0,"turns":3.0},{"damage":71,"enemies":"Nemesis","floor":45,"turns":4}],"seed_played":"1127979562270456611","potions_obtained":[{"floor":5.0,"key":"Weak Potion"},{"floor":6.0,"key":"SkillPotion"},{"floor":7.0,"key":"SteroidPotion"},{"floor":14.0,"key":"LiquidBronze"},{"floor":16.0,"key":"BloodPotion"},{"floor":33.0,"key":"Poison Potion"},{"floor":39.0,"key":"SpeedPotion"}],"is_trial":false,"path_per_floor":["M","M","M","$","M","E","M","M","T","?","R","E","?","M","R","B",null,"M","M","$","?","?","R","$","R","T","?","R","M","E","M","R","B",null,"M","?","M","?","M","R","?","R","T","M","E"],"character_chosen":"IRONCLAD","items_purchased":["Purity","Fiend Fire"],"campfire_rested":1,"item_purchase_floors":[20,24],"current_hp_per_floor":[80,80,80,80,83,63,66,74,74,74,74,56,56,65,65,53,85,85,80,80,80,80,85,85,85,85,72,84,78,61,59,71,53,85,85,62,52,52,35,72,72,81,81,67,0],"gold":494,"neow_bonus":"TRANSFORM_CARD","is_prod":false,"is_daily":false,"chose_seed":false,"campfire_upgraded":5,"win_rate":0,"timestamp":1564387323,"path_taken":["M","M","M","$","M","E","M","M","T","?","R","E","?","M","R","BOSS","M","M","$","?","?","R","$","R","T","?","R","M","E","M","R","BOSS","M","?","M","?","?","R","?","R","T","M","E"],"build_version":"2019-07-17","purchased_purges":2,"victory":false,"max_hp_per_floor":[80,80,80,80,83,86,86,89,89,89,89,89,82,85,85,85,85,85,85,85,85,85,85,85,85,85,85,85,85,85,85,85,85,85,85,85,85,85,85,85,81,81,81,81,81],"card_choices":[{"not_picked":["Armaments","Warcry"],"picked":"Headbutt","floor":1.0},{"not_picked":["Clothesline","Flex"],"picked":"Shockwave","floor":2.0},{"not_picked":["Burning Pact","Headbutt"],"picked":"Feed","floor":3.0},{"not_picked":["Body Slam","Anger"],"picked":"Rampage","floor":5.0},{"not_picked":["Flex","True Grit"],"picked":"Dropkick","floor":6.0},{"not_picked":["Second Wind","Fire Breathing","Pummel"],"picked":"SKIP","floor":7.0},{"not_picked":["Searing Blow","Wild Strike"],"picked":"Body Slam","floor":8.0},{"not_picked":["Armaments","Pommel Strike"],"picked":"Entrench","floor":12.0},{"not_picked":["Warcry","Shrug It Off"],"picked":"Bludgeon","floor":14.0},{"not_picked":["Bludgeon","Juggernaut"],"picked":"Offering","floor":16.0},{"not_picked":["Uppercut","Wild Strike+1"],"picked":"Shrug It Off","floor":18.0},{"not_picked":["Pummel+1","Perfected Strike"],"picked":"Dual Wield","floor":19.0},{"not_picked":["Sword Boomerang","Thunderclap+1","Armaments+1"],"picked":"SKIP","floor":29.0},{"not_picked":["Clothesline","Flex"],"picked":"Fiend Fire","floor":30.0},{"not_picked":["Infernal Blade","Armaments","Body Slam"],"picked":"SKIP","floor":31.0},{"not_picked":["Reaper","Limit Break"],"picked":"Dark Embrace","floor":33.0},{"not_picked":["Iron Wave","Rupture+1"],"picked":"Battle Trance","floor":35.0},{"not_picked":["True Grit","Heavy Blade+1"],"picked":"Warcry+1","floor":37.0},{"not_picked":["Thunderclap","Headbutt","Brutality"],"picked":"SKIP","floor":39.0},{"not_picked":["Shrug It Off","Twin Strike","Sever Soul"],"picked":"SKIP","floor":44.0}],"player_experience":237708,"relics_obtained":[{"floor":6.0,"key":"War Paint"},{"floor":9.0,"key":"Red Skull"},{"floor":12.0,"key":"Bag of Preparation"},{"floor":26.0,"key":"Self Forming Clay"},{"floor":30.0,"key":"Letter Opener"},{"floor":36.0,"key":"Shovel"},{"floor":42.0,"key":"Bottled Flame"}],"event_choices":[{"cards_removed":["Strike_R"],"damage_healed":0.0,"max_hp_gain":0.0,"max_hp_loss":0.0,"gold_gain":0.0,"event_name":"Living Wall","player_choice":"Forget","floor":10.0,"gold_loss":0.0,"damage_taken":0.0},{"damage_healed":0.0,"max_hp_gain":0.0,"max_hp_loss":7.0,"gold_gain":0.0,"event_name":"Golden Idol","player_choice":"Lose Max HP","floor":13.0,"gold_loss":0.0,"damage_taken":0.0,"relics_obtained":["Golden Idol"]},{"damage_healed":0.0,"max_hp_gain":0.0,"max_hp_loss":0.0,"gold_gain":0.0,"cards_transformed":["Strike_R","Defend_R"],"event_name":"Drug Dealer","player_choice":"Became Test Subject","floor":22.0,"gold_loss":0.0,"damage_taken":0.0,"cards_obtained":["Intimidate","Feel No Pain"]},{"damage_healed":0.0,"max_hp_gain":0.0,"max_hp_loss":0.0,"gold_gain":0.0,"event_name":"Colosseum","player_choice":"Fight","floor":27.0,"gold_loss":0.0,"damage_taken":0.0},{"damage_healed":0.0,"max_hp_gain":0.0,"max_hp_loss":0.0,"gold_gain":0.0,"event_name":"Colosseum","player_choice":"Fled From Nobs","floor":27.0,"gold_loss":0.0,"damage_taken":0.0},{"damage_healed":0.0,"max_hp_gain":0.0,"max_hp_loss":0.0,"gold_gain":0.0,"event_name":"MindBloom","player_choice":"Fight","floor":36.0,"gold_loss":0.0,"damage_taken":0.0},{"damage_healed":0.0,"max_hp_gain":0.0,"max_hp_loss":0.0,"gold_gain":0.0,"event_name":"WeMeetAgain","player_choice":"Gave Potion","floor":38.0,"gold_loss":0.0,"damage_taken":0.0,"relics_obtained":["Bronze Scales"]},{"damage_healed":0.0,"max_hp_gain":0.0,"max_hp_loss":4.0,"gold_gain":0.0,"event_name":"Winding Halls","player_choice":"Max HP","floor":41.0,"gold_loss":0.0,"damage_taken":0.0}],"is_beta":false,"boss_relics":[{"not_picked":["White Beast Statue","Black Star"],"picked":"Eternal Feather"},{"not_picked":["Runic Cube","Astrolabe"],"picked":"Cursed Key"}],"items_purged_floors":[4,20],"is_endless":false,"potions_floor_spawned":[5,6,7,14,16,27,33,39],"killed_by":"Nemesis","ascension_level":0}