{"gold_per_floor":[16,34,34,209,209,134,165,175,175,201,201],"floor_reached":11,"playtime":361,"items_purged":["Pain"],"score":97,"play_id":"53b4aa0c-03fb-40dc-b30c-237332864a8b","local_time":"20190319161928","is_ascension_mode":true,"campfire_choices":[],"neow_cost":"NO_GOLD","seed_source_timestamp":230705274467787,"circlet_count":0,"master_deck":["Defend_G","Defend_G","Defend_G","Defend_G","Defend_G","Strike_G","Strike_G","Strike_G","Strike_G","Strike_G","Survivor","Neutralize","Unload","Blade Dance","Footwork","Doubt","Cloak And Dagger","Unload"],"relics":["Ring of the Snake","WarpedTongs","Calipers","The Courier","Unceasing Top"],"potions_floor_usage":[11],"damage_taken":[{"damage":0,"enemies":"Cultist","floor":1,"turns":3},{"damage":0,"enemies":"2 Louse","floor":2,"turns":2},{"damage":16,"enemies":"Lagavulin","floor":7,"turns":9},{"damage":2,"enemies":"Jaw Worm","floor":8,"turns":4},{"damage":47,"enemies":"Gremlin Nob","floor":10,"turns":5},{"damage":8,"enemies":"Lots of Slimes","floor":11,"turns":1}],"seed_played":"4225964021219704471","potions_obtained":[{"floor":7,"key":"SkillPotion"}],"is_trial":false,"path_per_floor":["M","M","$","?","?","$","E","M","T","E","M"],"character_chosen":"THE_SILENT","items_purchased":[],"campfire_rested":0,"item_purchase_floors":[],"current_hp_per_floor":[70,70,70,70,70,70,54,52,52,5,0],"gold":201,"neow_bonus":"THREE_RARE_CARDS","is_prod":false,"is_daily":false,"chose_seed":false,"campfire_upgraded":0,"win_rate":0,"timestamp":1553026768,"path_taken":["M","M","?","?","?","$","E","?","T","E","?"],"build_version":"2019-01-23","purchased_purges":1,"victory":false,"max_hp_per_floor":[70,70,70,70,70,70,70,70,70,70,70],"card_choices":[{"not_picked":["Venomology","Grand Finale"],"picked":"Unload","floor":0},{"not_picked":["Skewer","Reflex"],"picked":"Blade Dance","floor":1},{"not_picked":["Dagger Spray","Masterful Stab"],"picked":"Footwork","floor":2},{"not_picked":["Masterful Stab","Calculated Gamble","Deflect"],"picked":"SKIP","floor":7},{"not_picked":["Outmaneuver","Underhanded Strike"],"picked":"Cloak And Dagger","floor":8},{"not_picked":["Catalyst","Caltrops"],"picked":"Unload","floor":10}],"player_experience":269327,"relics_obtained":[{"floor":7,"key":"Calipers"},{"floor":9,"key":"The Courier"},{"floor":10,"key":"Unceasing Top"}],"event_choices":[{"damage_healed":0,"gold_gain":175,"player_choice":"AGREE","damage_taken":0,"max_hp_gain":0,"max_hp_loss":0,"event_name":"Liars Game","floor":4,"gold_loss":0,"cards_obtained":["Doubt"]},{"damage_healed":0,"gold_gain":0,"player_choice":"Rummage","damage_taken":0,"relics_obtained":["WarpedTongs"],"max_hp_gain":0,"max_hp_loss":0,"event_name":"Accursed Blacksmith","floor":5,"gold_loss":0,"cards_obtained":["Pain"]}],"is_beta":false,"boss_relics":[],"items_purged_floors":[6],"is_endless":false,"potions_floor_spawned":[7],"killed_by":"Lots of Slimes","ascension_level":4}