{"path_per_floor":["M","M","M","?","M","R","M","R","T","$","?","M","?","$","R","B",null,"M","?","$","M","M"],"character_chosen":"IRONCLAD","items_purchased":["Bludgeon","Rampage","Power Through"],"gold_per_floor":[117,133,143,143,159,159,179,179,255,120,220,231,231,78,78,174,174,193,193,118,132,142,142],"floor_reached":23,"campfire_rested":2,"playtime":2604,"current_hp_per_floor":[80,80,80,80,60,60,60,60,60,60,60,50,38,38,62,9,80,45,45,45,34,14,38],"items_purged":["Writhe"],"gold":142,"score":183,"play_id":"437339bd-7b34-40c2-9156-d0aa8d8671bd","local_time":"20180515224153","is_prod":false,"is_daily":false,"chose_seed":false,"is_ascension_mode":false,"campfire_upgraded":2,"timestamp":1526420513,"path_taken":["M","M","M","?","M","R","M","R","T","$","?","?","?","?","R","BOSS","M","?","$","M","M","R"],"build_version":"2018-05-10","seed_source_timestamp":171700976927242,"purchased_purges":2,"victory":false,"master_deck":["Strike_R","Strike_R","Strike_R","Strike_R","Strike_R","Defend_R","Defend_R","Defend_R","Defend_R","Bash","Twin Strike","True Grit+1","Whirlwind+1","Anger","Pommel Strike","Armaments","Bludgeon","Cleave","Rampage","Power Through","Juggernaut","Injury","Flex"],"max_hp_per_floor":[80,80,80,80,80,80,80,80,80,80,80,80,80,80,80,80,80,80,80,80,80,80,80],"relics":["Burning Blood","Self Forming Clay","Dead Branch","Calling Bell","Vajra","Bird Faced Urn","Molten Egg 2"],"card_choices":[{"not_picked":["Thunderclap","Havoc"],"picked":"Twin Strike","floor":0},{"not_picked":["Warcry","Rupture"],"picked":"True Grit","floor":1},{"not_picked":["Rampage","Clash"],"picked":"Whirlwind","floor":2},{"not_picked":["Iron Wave","True Grit"],"picked":"Anger","floor":3},{"not_picked":["Searing Blow","Dropkick"],"picked":"Pommel Strike","floor":5},{"not_picked":["Wild Strike","Heavy Blade"],"picked":"Armaments","floor":7},{"not_picked":["Warcry","Hemokinesis"],"picked":"Cleave","floor":12},{"not_picked":["Brutality","Reaper"],"picked":"Juggernaut","floor":16},{"not_picked":["Clash","Infernal Blade"],"picked":"Flex","floor":21}],"player_experience":156170,"potions_floor_usage":[16,21],"damage_taken":[{"damage":0,"enemies":"2 Louse","floor":1,"turns":3},{"damage":5,"enemies":"Cultist","floor":2,"turns":4},{"damage":0,"enemies":"Small Slimes","floor":3,"turns":2},{"damage":26,"enemies":"Exordium Thugs","floor":5,"turns":4},{"damage":6,"enemies":"Looter","floor":7,"turns":3},{"damage":16,"enemies":"Large Slime","floor":12,"turns":6},{"damage":59,"enemies":"Slime Boss","floor":16,"turns":11},{"damage":43,"enemies":"Shell Parasite","floor":18,"turns":8},{"damage":17,"enemies":"Spheric Guardian","floor":21,"turns":4},{"damage":36,"enemies":"Snake Plant","floor":22,"turns":5}],"event_choices":[{"event_name":"The Woman in Blue","player_choice":"Bought 0 Potions","floor":4,"damage_taken":0},{"event_name":"Golden Shrine","player_choice":"Pray","floor":11,"damage_taken":0},{"event_name":"Scrap Ooze","player_choice":"success","floor":13,"damage_taken":12},{"event_name":"Back to Basics","player_choice":"Elegance","floor":19,"damage_taken":0}],"boss_relics":[{"not_picked":["Runic Pyramid","Snecko Eye"],"picked":"Calling Bell"}],"potions_floor_spawned":[2,3,7,12,18],"seed_played":"-4827910716210269672","ascension_level":0,"is_trial":false}