{"gold_per_floor":[114,39,39,15,29,29,64,64,64,64,79,90,106,6,6,106,106,125,142,17,32,32,32,32],"floor_reached":24,"playtime":1002,"items_purged":["Defend_R","Strike_R","Strike_R"],"score":225,"play_id":"682d4c90-5231-4b7e-aebb-5cfb237ce813","local_time":"20190210021753","is_ascension_mode":true,"campfire_choices":[{"data":"Shrug It Off","floor":6.0,"key":"SMITH"},{"data":"Bash","floor":8.0,"key":"SMITH"},{"data":"Hemokinesis","floor":10.0,"key":"SMITH"},{"floor":15.0,"key":"REST"},{"data":"Defend_R","floor":23,"key":"SMITH"}],"neow_cost":"TEN_PERCENT_HP_LOSS","seed_source_timestamp":0,"circlet_count":0,"master_deck":["Strike_R","Defend_R+1","Defend_R","Defend_R","Bash+1","Hemokinesis+1","Shrug It Off+1","Pommel Strike+1","Twin Strike+1","Bludgeon+1","Cleave+1","Pommel Strike+1"],"special_seed":0,"relics":["Burning Blood","Molten Egg 2","Torii","Mummified Hand","Black Star"],"potions_floor_usage":[24],"damage_taken":[{"damage":5.0,"enemies":"2 Louse","floor":1.0,"turns":2.0},{"damage":4.0,"enemies":"Cultist","floor":5.0,"turns":3.0},{"damage":37.0,"enemies":"Lagavulin","floor":7.0,"turns":7.0},{"damage":0.0,"enemies":"Small Slimes","floor":11.0,"turns":2.0},{"damage":28.0,"enemies":"Exordium Thugs","floor":12.0,"turns":4.0},{"damage":3.0,"enemies":"Large Slime","floor":13.0,"turns":4.0},{"damage":16.0,"enemies":"Hexaghost","floor":16.0,"turns":5.0},{"damage":12.0,"enemies":"Chosen","floor":18.0,"turns":3.0},{"damage":22.0,"enemies":"2 Thieves","floor":19.0,"turns":3.0},{"damage":13,"enemies":"3 Cultists","floor":21,"turns":6},{"damage":43,"enemies":"Gremlin Leader","floor":24,"turns":3}],"seed_played":"-7458626951165780997","potions_obtained":[{"floor":7.0,"key":"AttackPotion"},{"floor":13.0,"key":"SmokeBomb"},{"floor":16.0,"key":"SteroidPotion"},{"floor":19.0,"key":"PowerPotion"},{"floor":21,"key":"Explosive Potion"}],"is_trial":false,"path_per_floor":["M","$","?","$","M","R","E","R","T","R","M","M","M","$","R","B",null,"M","M","$","M","$","R","E"],"character_chosen":"IRONCLAD","items_purchased":["Pommel Strike+1"],"campfire_rested":1,"item_purchase_floors":[4],"current_hp_per_floor":[72,72,72,72,72,72,41,41,41,41,47,25,28,28,49,39,72,66,50,50,43,43,43,0],"gold":32,"neow_bonus":"TRANSFORM_TWO_CARDS","is_prod":false,"is_daily":false,"chose_seed":false,"campfire_upgraded":4,"win_rate":0,"timestamp":1549793873,"path_taken":["M","$","?","$","M","R","E","R","T","R","M","M","M","$","R","BOSS","M","?","$","?","?","R","E"],"build_version":"2019-01-23","purchased_purges":3,"victory":false,"max_hp_per_floor":[72,72,72,72,72,72,72,72,72,72,72,72,72,72,72,72,72,72,72,72,72,72,72,72],"card_choices":[{"not_picked":["Bloodletting","Twin Strike"],"picked":"Shrug It Off","floor":1.0},{"not_picked":["Flex","Clothesline+1"],"picked":"Twin Strike+1","floor":5.0},{"not_picked":["Searing Blow+1","Headbutt+1","Shrug It Off"],"picked":"SKIP","floor":7.0},{"not_picked":["Ghostly Armor","Havoc","Rage"],"picked":"SKIP","floor":11.0},{"not_picked":["Flex","Fire Breathing"],"picked":"Bludgeon+1","floor":12.0},{"not_picked":["Headbutt+1","Perfected Strike+1"],"picked":"Cleave+1","floor":13.0},{"not_picked":["Body Slam+1","Havoc","Twin Strike+1"],"picked":"SKIP","floor":18.0},{"not_picked":["Clash+1","Searing Blow+1","Rupture+1"],"picked":"SKIP","floor":19.0},{"not_picked":["Perfected Strike+1","Heavy Blade+1"],"picked":"Pommel Strike+1","floor":21}],"player_experience":104366,"relics_obtained":[{"floor":7.0,"key":"Torii"},{"floor":9.0,"key":"Mummified Hand"}],"event_choices":[{"cards_removed":["Shrug It Off"],"damage_healed":0.0,"max_hp_gain":0.0,"max_hp_loss":0.0,"gold_gain":0.0,"event_name":"WeMeetAgain","player_choice":"Gave Card","floor":3.0,"gold_loss":0.0,"damage_taken":0.0,"relics_obtained":["Molten Egg 2"]}],"is_beta":false,"boss_relics":[{"not_picked":["Runic Cube","Busted Crown"],"picked":"Black Star"}],"items_purged_floors":[2,14,20],"is_endless":false,"potions_floor_spawned":[7,13,16,19,21],"killed_by":"Gremlin Leader","ascension_level":3}