{"path_per_floor":["M","?","M","?","$","E","M","M","T","R","M","?","M","T","R","B",null,"M","?","M","$","T","R","M","R","T","R","?","$","?","M","R"],"character_chosen":"THE_SILENT","items_purchased":["Noxious Fumes","Dagger Throw","Deadly Poison","Bane","Well Laid Plans"],"gold_per_floor":[111,111,129,229,22,50,64,46,46,46,59,59,75,99,99,230,230,243,243,234,7,7,7,31,31,31,31,31,31,31,55,55,55],"floor_reached":33,"campfire_rested":4,"playtime":3230,"current_hp_per_floor":[70,70,70,70,70,65,65,61,61,61,61,44,44,44,65,45,70,53,53,33,33,33,54,46,67,67,67,67,67,67,42,63,0],"items_purged":["Eviscerate","Strike_G"],"gold":55,"score":245,"play_id":"083f4c03-4d7c-4ab8-82b8-78a2a48d2561","local_time":"20180509181819","is_prod":false,"is_daily":false,"chose_seed":false,"is_ascension_mode":false,"campfire_upgraded":2,"timestamp":1525886299,"path_taken":["M","?","M","?","$","E","M","M","T","R","M","?","M","?","R","BOSS","M","?","M","$","?","R","M","R","T","R","?","$","?","M","R","BOSS"],"build_version":"2018-05-03","seed_source_timestamp":15846048432594,"purchased_purges":2,"victory":false,"master_deck":["Defend_G","Defend_G","Defend_G","Defend_G","Defend_G","Strike_G","Strike_G","Strike_G","Survivor","Neutralize","Sucker Punch","Adrenaline","Endless Agony","Noxious Fumes+1","Dagger Throw","Deadly Poison","Dodge and Roll","Poisoned Stab","Envenom+1","Backstab","Caltrops","Bane","Well Laid Plans"],"max_hp_per_floor":[70,70,70,70,70,70,70,70,70,70,70,70,70,70,70,70,70,70,70,70,70,70,70,70,70,70,70,70,70,70,70,70,70],"relics":["Ring of the Snake","Juzu Bracelet","Vajra","Golden Idol","Snake Skull","Runic Pyramid","Centennial Puzzle","Meat on the Bone"],"card_choices":[{"not_picked":["Underhanded Strike","Backflip"],"picked":"Sucker Punch","floor":1},{"not_picked":["Deadly Poison","Outmaneuver"],"picked":"Endless Agony","floor":3},{"not_picked":["Deadly Poison","Blade Dance"],"picked":"Dodge and Roll","floor":6},{"not_picked":["Prepared","Masterful Stab"],"picked":"Poisoned Stab","floor":7},{"not_picked":["Catalyst","Quick Slash"],"picked":"Envenom","floor":13},{"not_picked":["PiercingWail","Backflip"],"picked":"Backstab","floor":18},{"not_picked":["Dagger Throw","Distraction"],"picked":"Caltrops","floor":20}],"player_experience":60285,"potions_floor_usage":[31],"damage_taken":[{"damage":0,"enemies":"Cultist","floor":1,"turns":5},{"damage":0,"enemies":"2 Louse","floor":3,"turns":3},{"damage":5,"enemies":"3 Sentries","floor":6,"turns":10},{"damage":0,"enemies":"Small Slimes","floor":7,"turns":4},{"damage":4,"enemies":"Exordium Thugs","floor":8,"turns":4},{"damage":0,"enemies":"2 Fungi Beasts","floor":11,"turns":2},{"damage":0,"enemies":"3 Louse","floor":13,"turns":3},{"damage":20,"enemies":"The Guardian","floor":16,"turns":11},{"damage":17,"enemies":"Spheric Guardian","floor":18,"turns":7},{"damage":20,"enemies":"2 Thieves","floor":20,"turns":4},{"damage":8,"enemies":"Snake Plant","floor":24,"turns":5},{"damage":40,"enemies":"Slaver and Parasite","floor":31,"turns":6},{"damage":67,"enemies":"Champ","floor":33,"turns":11}],"event_choices":[{"event_name":"Match and Keep!","player_choice":"2 cards matched","floor":2,"damage_taken":0},{"event_name":"Golden Shrine","player_choice":"Pray","floor":4,"damage_taken":0},{"event_name":"Golden Idol","player_choice":"Take Damage","floor":12,"damage_taken":0},{"event_name":"Back to Basics","player_choice":"Elegance","floor":19,"damage_taken":0},{"event_name":"Drug Dealer","player_choice":"Ignored","floor":28,"damage_taken":0},{"event_name":"Addict","player_choice":"Ignored","floor":30,"damage_taken":0}],"boss_relics":[{"not_picked":["Runic Dome","Snecko Eye"],"picked":"Runic Pyramid"}],"potions_floor_spawned":[1,11,18],"seed_played":"7726177939264275087","killed_by":"Champ","ascension_level":0,"is_trial":false}