{"path_per_floor":["M","M","?","M","?","E","$","E","T","M","R","M","R","M","R","B",null,"M","?","M","$","M","R","M","R","T","$","M","?","R","M","R","B",null,"M","?","M","$","M","R","E","R","T","M","M","R","M","M","R"],"character_chosen":"IRONCLAD","items_purchased":["Armaments","Rampage","Metallicize"],"gold_per_floor":[13,25,125,141,141,174,74,135,135,146,146,163,163,175,175,270,270,283,208,220,120,136,136,148,148,148,2,19,19,19,29,29,133,133,152,152,168,43,59,59,92,92,92,107,118,118,128,142,142,142],"floor_reached":50,"campfire_rested":4,"playtime":6320,"current_hp_per_floor":[80,80,80,80,80,52,52,32,32,33,57,59,59,63,63,36,80,66,66,50,50,46,70,73,73,73,73,61,56,56,53,53,25,56,56,56,56,56,52,52,13,29,29,52,52,52,35,39,55,0],"items_purged":["Strike_R","Strike_R","Defend_R"],"gold":142,"score":513,"play_id":"aeb0f884-5a72-431c-a2e0-687645b9ce84","local_time":"20180518204809","is_prod":false,"is_daily":false,"chose_seed":false,"is_ascension_mode":false,"campfire_upgraded":7,"timestamp":1526672889,"campfire_choices":[{"floor":11.0,"key":"REST"},{"data":"Armaments","floor":13.0,"key":"SMITH"},{"data":"Demon Form","floor":15.0,"key":"SMITH"},{"floor":23,"key":"REST"},{"data":"Double Tap","floor":25,"key":"SMITH"},{"data":"Metallicize","floor":30,"key":"SMITH"},{"data":"Rampage","floor":32,"key":"SMITH"},{"data":"Reckless Charge","floor":40,"key":"SMITH"},{"floor":42,"key":"REST"},{"data":"Feel No Pain","floor":46,"key":"SMITH"},{"floor":49,"key":"REST"}],"path_taken":["M","M","?","?","?","E","$","E","T","M","R","M","R","M","R","BOSS","M","?","M","$","M","R","M","R","T","$","M","?","R","M","R","BOSS","M","?","M","$","?","R","E","R","T","M","?","R","?","M","R","BOSS"],"build_version":"2018-05-17","seed_source_timestamp":0,"purchased_purges":3,"victory":false,"master_deck":["Defend_R","Defend_R","Defend_R","Bash","True Grit+1","Reckless Charge+1","Thunderclap","Demon Form+1","Armaments+1","Battle Trance","Iron Wave","Armaments","Pommel Strike","Double Tap+1","Feel No Pain+1","Dual Wield+1","Anger+1","Rampage+1","Metallicize+1","Bite","Bite","Bite","Bite","Bite","Juggernaut+1","Clash+1"],"max_hp_per_floor":[80,80,80,80,80,80,80,80,80,80,80,80,80,80,80,80,80,80,80,80,80,80,80,80,80,80,80,80,56,56,56,56,56,56,56,56,56,56,56,56,56,56,56,56,56,56,56,56,56,56],"relics":["Burning Blood","Bird Faced Urn","Darkstone Periapt","Tiny Chest","Mercury Hourglass","Runic Pyramid","Orichalcum","Sozu","Girya","Shuriken"],"card_choices":[{"not_picked":["Disarm","Wild Strike"],"picked":"True Grit","floor":1.0},{"not_picked":["Flame Barrier","Sword Boomerang"],"picked":"Reckless Charge","floor":2.0},{"not_picked":["True Grit","Warcry"],"picked":"Thunderclap","floor":4.0},{"not_picked":["Iron Wave","True Grit"],"picked":"Demon Form","floor":6.0},{"not_picked":["Intimidate","Sever Soul"],"picked":"Battle Trance","floor":8.0},{"not_picked":["Perfected Strike","Burning Pact"],"picked":"Iron Wave","floor":10.0},{"not_picked":["Spot Weakness","True Grit"],"picked":"Armaments","floor":12.0},{"not_picked":["Thunderclap","True Grit"],"picked":"Pommel Strike","floor":14.0},{"not_picked":["Berserk","Bludgeon"],"picked":"Double Tap","floor":16.0},{"not_picked":["Havoc","Armaments"],"picked":"Feel No Pain","floor":18.0},{"not_picked":["Wild Strike","Disarm","Warcry"],"picked":"SKIP","floor":20.0},{"not_picked":["Armaments","Disarm"],"picked":"Dual Wield+1","floor":22.0},{"not_picked":["Wild Strike","Flex"],"picked":"Anger+1","floor":24},{"not_picked":["Flex","Shockwave","Clothesline"],"picked":"SKIP","floor":28},{"not_picked":["Twin Strike","Flame Barrier+1","Berserk"],"picked":"SKIP","floor":31},{"not_picked":["Impervious","Offering"],"picked":"Juggernaut","floor":33},{"not_picked":["Warcry","Twin Strike","Clothesline+1"],"picked":"SKIP","floor":35},{"not_picked":["Anger","Corruption","Havoc+1"],"picked":"SKIP","floor":37},{"not_picked":["True Grit+1","Anger+1","Seeing Red+1"],"picked":"SKIP","floor":39},{"not_picked":["Havoc","Reckless Charge","Rage+1"],"picked":"SKIP","floor":41},{"not_picked":["Thunderclap","Dark Embrace","Rampage+1"],"picked":"SKIP","floor":44},{"not_picked":["Power Through","Rage","Shockwave+1"],"picked":"SKIP","floor":45},{"not_picked":["Perfected Strike+1","Second Wind","Rampage"],"picked":"SKIP","floor":47},{"not_picked":["Heavy Blade","Thunderclap+1"],"picked":"Clash+1","floor":48}],"player_experience":184829,"potions_floor_usage":[33,35],"damage_taken":[{"damage":1.0,"enemies":"Jaw Worm","floor":1.0,"turns":5.0},{"damage":3.0,"enemies":"Cultist","floor":2.0,"turns":4.0},{"damage":1.0,"enemies":"2 Louse","floor":4.0,"turns":3.0},{"damage":34.0,"enemies":"Gremlin Nob","floor":6.0,"turns":5.0},{"damage":28.0,"enemies":"3 Sentries","floor":8.0,"turns":11.0},{"damage":5.0,"enemies":"Lots of Slimes","floor":10.0,"turns":2.0},{"damage":6.0,"enemies":"2 Fungi Beasts","floor":12.0,"turns":3.0},{"damage":2.0,"enemies":"Blue Slaver","floor":14.0,"turns":4.0},{"damage":35.0,"enemies":"Slime Boss","floor":16.0,"turns":8.0},{"damage":22.0,"enemies":"3 Byrds","floor":18.0,"turns":5.0},{"damage":26.0,"enemies":"Shell Parasite","floor":20.0,"turns":5.0},{"damage":14.0,"enemies":"Snake Plant","floor":22.0,"turns":6.0},{"damage":7,"enemies":"Chosen and Byrds","floor":24,"turns":7},{"damage":24,"enemies":"3 Cultists","floor":28,"turns":5},{"damage":22,"enemies":"Cultist and Chosen","floor":31,"turns":10},{"damage":61,"enemies":"Collector","floor":33,"turns":10},{"damage":5,"enemies":"Orb Walker","floor":35,"turns":2},{"damage":16,"enemies":"3 Darklings","floor":37,"turns":5},{"damage":27,"enemies":"Sphere and 2 Shapes","floor":39,"turns":7},{"damage":65,"enemies":"Giant Head","floor":41,"turns":8},{"damage":13,"enemies":"Maw","floor":44,"turns":8},{"damage":18,"enemies":"4 Shapes","floor":45,"turns":7},{"damage":39,"enemies":"3 Darklings","floor":47,"turns":5},{"damage":22,"enemies":"Sphere and 2 Shapes","floor":48,"turns":6},{"damage":72,"enemies":"Donu and Deca","floor":50,"turns":5}],"relics_obtained":[{"floor":6.0,"key":"Darkstone Periapt"},{"floor":8.0,"key":"Tiny Chest"},{"floor":9.0,"key":"Mercury Hourglass"},{"floor":26,"key":"Orichalcum"},{"floor":41,"key":"Girya"},{"floor":43,"key":"Shuriken"}],"event_choices":[{"event_name":"Golden Shrine","player_choice":"Pray","floor":3.0,"damage_taken":0.0},{"event_name":"Living Wall","player_choice":"Grow","floor":5.0,"damage_taken":0.0},{"event_name":"Beggar","player_choice":"Gave Gold","floor":19.0,"damage_taken":0.0},{"event_name":"Vampires","player_choice":"Became a vampire","floor":29,"damage_taken":0},{"event_name":"Upgrade Shrine","player_choice":"Upgraded","floor":36,"damage_taken":0}],"boss_relics":[{"not_picked":["Tiny House","Lizard Tail"],"picked":"Sozu"}],"potions_floor_spawned":[1,2,6,10,14,22,31,33,35,39,47,48],"seed_played":"8947191936107481499","killed_by":"Donu and Deca","ascension_level":0,"potions_obtained":[{"floor":1.0,"key":"PowerPotion"},{"floor":2.0,"key":"GamblersBrew"},{"floor":6.0,"key":"SkillPotion"},{"floor":10.0,"key":"SmokeBomb"},{"floor":14.0,"key":"AttackPotion"},{"floor":22.0,"key":"Swift Potion"},{"floor":31,"key":"Swift Potion"},{"floor":33,"key":"SmokeBomb"}],"is_trial":false}