{"gold_per_floor":[113,113,125,135,60,60,75,95,120,120,120,120,145,169,169,169],"floor_reached":16,"playtime":359,"items_purged":["Strike_R"],"score":127,"play_id":"d02f954e-4cc0-4b74-973a-193a9cb0a053","local_time":"20190304021347","is_ascension_mode":true,"campfire_choices":[{"data":"Sword Boomerang","floor":6,"key":"SMITH"},{"data":"Flex","floor":11,"key":"SMITH"},{"floor":15,"key":"REST"}],"neow_cost":"NONE","seed_source_timestamp":106825136272600,"circlet_count":0,"master_deck":["Strike_R","Strike_R","Strike_R","Defend_R","Defend_R+1","Defend_R","Defend_R+1","Bash","Sword Boomerang+1","Flex+1","Shrug It Off","Barricade"],"relics":["Burning Blood","NeowsBlessing","Vajra","Golden Idol"],"potions_floor_usage":[13,16],"damage_taken":[{"damage":0,"enemies":"Jaw Worm","floor":1,"turns":1},{"damage":0,"enemies":"Cultist","floor":3,"turns":1},{"damage":0,"enemies":"Small Slimes","floor":4,"turns":1},{"damage":11,"enemies":"Looter","floor":7,"turns":2},{"damage":11,"enemies":"Blue Slaver","floor":8,"turns":3},{"damage":27,"enemies":"Gremlin Gang","floor":13,"turns":6},{"damage":11,"enemies":"3 Louse","floor":14,"turns":5},{"damage":61,"enemies":"Slime Boss","floor":16,"turns":6}],"seed_played":"3677944170729772928","potions_obtained":[{"floor":3,"key":"Swift Potion"},{"floor":7,"key":"SkillPotion"}],"is_trial":false,"path_per_floor":["M","?","M","M","$","R","M","M","T","?","R","?","M","M","R","B"],"character_chosen":"IRONCLAD","items_purchased":[],"campfire_rested":1,"item_purchase_floors":[],"current_hp_per_floor":[78,78,80,80,80,80,75,70,70,54,54,54,33,28,50,0],"gold":169,"neow_bonus":"THREE_ENEMY_KILL","is_prod":false,"is_daily":false,"chose_seed":false,"campfire_upgraded":2,"win_rate":0,"timestamp":1551694427,"path_taken":["M","?","M","?","$","R","M","M","T","?","R","?","M","M","R","BOSS"],"build_version":"2019-01-23","purchased_purges":1,"victory":false,"max_hp_per_floor":[80,80,80,80,80,80,80,80,80,80,80,74,74,74,74,74],"card_choices":[{"not_picked":["Wild Strike","Armaments"],"picked":"Sword Boomerang","floor":1},{"not_picked":["Perfected Strike","Headbutt","Burning Pact"],"picked":"SKIP","floor":3},{"not_picked":["Body Slam","Iron Wave"],"picked":"Flex","floor":4},{"not_picked":["Headbutt","Body Slam","Warcry"],"picked":"SKIP","floor":7},{"not_picked":["Carnage","Perfected Strike"],"picked":"Shrug It Off","floor":8},{"not_picked":["Pommel Strike","Clothesline"],"picked":"Barricade","floor":13},{"not_picked":["Uppercut","Cleave","Dual Wield"],"picked":"SKIP","floor":14}],"player_experience":262436,"relics_obtained":[{"floor":9,"key":"Vajra"}],"event_choices":[{"cards_removed":["Strike_R"],"damage_healed":0,"gold_gain":0,"player_choice":"Offered Basic","damage_taken":0,"max_hp_gain":0,"max_hp_loss":0,"event_name":"Bonfire Elementals","floor":2,"gold_loss":0},{"damage_healed":0,"gold_gain":0,"player_choice":"Entered Light","damage_taken":16,"max_hp_gain":0,"max_hp_loss":0,"event_name":"Shining Light","floor":10,"gold_loss":0,"cards_upgraded":["Defend_R","Defend_R"]},{"damage_healed":0,"gold_gain":0,"player_choice":"Lose Max HP","damage_taken":0,"relics_obtained":["Golden Idol"],"max_hp_gain":0,"max_hp_loss":6,"event_name":"Golden Idol","floor":12,"gold_loss":0}],"is_beta":false,"boss_relics":[],"items_purged_floors":[5],"is_endless":false,"potions_floor_spawned":[3,7],"killed_by":"Slime Boss","ascension_level":7}