{"gold_per_floor":[217,142,142,142,142,182,202,216,216,232,252,273,273,288,288,417,417,436,461,481,506,24,24,47,47,47,91,91,41,41,41,41,172,172,193,211,336,336,336,336,85,85,85,85,99,118,70,37,37,37],"floor_reached":51,"playtime":2429,"items_purged":["Strike_B","Strike_B","Strike_B"],"score":760,"play_id":"1963cbae-9fb8-46ab-b1fb-e32cb113567a","local_time":"20190402025629","is_ascension_mode":true,"campfire_choices":[{"floor":13,"key":"REST"},{"floor":15,"key":"REST"},{"data":"Zap","floor":23,"key":"SMITH"},{"floor":32,"key":"REST"},{"floor":40,"key":"REST"},{"data":"Scrape","floor":42,"key":"SMITH"},{"floor":44,"key":"REST"},{"floor":49,"key":"REST"}],"neow_cost":"NONE","seed_source_timestamp":97229432922000,"circlet_count":0,"master_deck":["Zap+1","Dualcast+1","Gash","All For One","Scrape+1","Go for the Eyes","Chill+1","Deep Breath+1","Defragment+1","Hologram+1","Gash","Gash","FTL","Static Discharge"],"relics":["Cracked Core","Torii","Golden Idol","Smiling Mask","Dodecahedron","Calling Bell","Potion Belt","Kunai","Gambling Chip","Boot","Lee\u0027s Waffle","Pear","Question Card","Pandora\u0027s Box","Bird Faced Urn","Mummified Hand","War Paint"],"potions_floor_usage":[11,11,11,21,24,45,50,50,50,50],"damage_taken":[{"damage":0,"enemies":"2 Louse","floor":1,"turns":1},{"damage":43,"enemies":"3 Sentries","floor":6,"turns":10},{"damage":0,"enemies":"Jaw Worm","floor":7,"turns":3},{"damage":1,"enemies":"Small Slimes","floor":8,"turns":3},{"damage":1,"enemies":"Blue Slaver","floor":10,"turns":2},{"damage":2,"enemies":"Gremlin Gang","floor":11,"turns":3},{"damage":9,"enemies":"Lots of Slimes","floor":12,"turns":5},{"damage":1,"enemies":"Exordium Wildlife","floor":14,"turns":2},{"damage":27,"enemies":"The Guardian","floor":16,"turns":14},{"damage":0,"enemies":"3 Byrds","floor":18,"turns":6},{"damage":0,"enemies":"Chosen","floor":19,"turns":3},{"damage":0,"enemies":"3 Cultists","floor":20,"turns":6},{"damage":23,"enemies":"Snake Plant","floor":21,"turns":4},{"damage":6,"enemies":"Centurion and Healer","floor":24,"turns":3},{"damage":79,"enemies":"Slavers","floor":27,"turns":9},{"damage":9,"enemies":"Champ","floor":33,"turns":6},{"damage":1,"enemies":"Orb Walker","floor":35,"turns":2},{"damage":0,"enemies":"3 Darklings","floor":36,"turns":4},{"damage":40,"enemies":"Mind Bloom Boss Battle","floor":37,"turns":3},{"damage":0,"enemies":"Jaw Worm Horde","floor":45,"turns":2},{"damage":1,"enemies":"Maw","floor":46,"turns":3},{"damage":30,"enemies":"Donu and Deca","floor":50,"turns":4}],"seed_played":"3741335726883584718","potions_obtained":[{"floor":6,"key":"GamblersBrew"},{"floor":8,"key":"Swift Potion"},{"floor":10,"key":"LiquidBronze"},{"floor":16,"key":"FearPotion"},{"floor":19,"key":"Poison Potion"},{"floor":21,"key":"SneckoOil"},{"floor":33,"key":"Weak Potion"},{"floor":45,"key":"SkillPotion"},{"floor":46,"key":"Fire Potion"}],"is_trial":false,"path_per_floor":["M","$","?","?","?","E","M","M","T","M","M","M","R","M","R","B",null,"M","M","M","M","$","R","M","$","T","E","?","$","$","?","R","B",null,"M","M","?","?","?","R","$","R","T","R","M","M","$","$","R","B",null],"character_chosen":"DEFECT","items_purchased":["Boot","Lee\u0027s Waffle","Deep Breath","Mummified Hand","PowerPotion","Static Discharge"],"campfire_rested":6,"item_purchase_floors":[22,22,22,41,47,48],"current_hp_per_floor":[75,75,72,57,57,14,14,13,13,12,10,1,21,20,40,13,69,69,69,69,46,76,76,70,70,80,1,1,1,1,1,26,17,86,85,85,45,45,45,70,70,70,70,86,86,85,85,85,86,56],"gold":37,"neow_bonus":"HUNDRED_GOLD","is_prod":false,"is_daily":false,"chose_seed":false,"campfire_upgraded":2,"win_rate":0,"timestamp":1554198989,"path_taken":["M","$","?","?","?","E","M","?","T","M","M","M","R","M","R","BOSS","M","?","M","?","$","R","M","$","T","E","?","?","$","?","R","BOSS","M","M","?","?","?","R","$","R","T","R","M","M","?","$","R","BOSS"],"build_version":"2019-01-23","purchased_purges":3,"victory":true,"max_hp_per_floor":[75,75,75,75,69,69,69,69,69,69,69,69,69,69,69,69,69,69,69,69,69,76,76,76,76,86,86,86,86,86,86,86,86,86,86,86,86,86,86,86,86,86,86,86,86,86,86,86,86,86],"card_choices":[{"not_picked":["Steam","Barrage","Conserve Battery"],"picked":"SKIP","floor":1},{"not_picked":["Barrage","Redo"],"picked":"Gash","floor":6},{"not_picked":["Cold Snap","Fusion"],"picked":"All For One","floor":7},{"not_picked":["Ball Lightning","Storm","Stack"],"picked":"SKIP","floor":8},{"not_picked":["Consume","Streamline"],"picked":"Scrape","floor":10},{"not_picked":["Stack","Doom and Gloom","Amplify"],"picked":"SKIP","floor":11},{"not_picked":["Turbo","Chill"],"picked":"Beam Cell","floor":12},{"not_picked":["Turbo","Auto Shields"],"picked":"Go for the Eyes","floor":14},{"not_picked":["Streamline","Undo"],"picked":"Chill+1","floor":18},{"not_picked":["Redo","Self Repair","BootSequence"],"picked":"SKIP","floor":19},{"not_picked":["Aggregate","Beam Cell","Heatsinks"],"picked":"SKIP","floor":20},{"not_picked":["Go for the Eyes","Fusion","Genetic Algorithm"],"picked":"SKIP","floor":21},{"not_picked":["Aggregate+1","Chill+1"],"picked":"Defragment+1","floor":24},{"not_picked":["Scrape","Conserve Battery"],"picked":"Hologram+1","floor":27},{"not_picked":["Turbo+1","Aggregate","Melter+1","Ball Lightning+1"],"picked":"SKIP","floor":35},{"not_picked":["Leap+1","Blizzard","Defragment+1","Steam+1"],"picked":"SKIP","floor":36},{"not_picked":["Sunder+1","Storm+1","Steam"],"picked":"Gash","floor":45},{"not_picked":["White Noise","Rainbow","Rebound"],"picked":"FTL","floor":46}],"player_experience":282105,"relics_obtained":[{"floor":6,"key":"Smiling Mask"},{"floor":9,"key":"Dodecahedron"},{"floor":17,"key":"Potion Belt"},{"floor":17,"key":"Kunai"},{"floor":17,"key":"Gambling Chip"},{"floor":26,"key":"Pear"},{"floor":27,"key":"Question Card"},{"floor":37,"key":"Bird Faced Urn"},{"floor":43,"key":"War Paint"}],"event_choices":[{"damage_healed":0,"gold_gain":0,"player_choice":"Success","damage_taken":3,"relics_obtained":["Torii"],"max_hp_gain":0,"max_hp_loss":0,"event_name":"Scrap Ooze","floor":3,"gold_loss":0},{"damage_healed":0,"gold_gain":0,"player_choice":"Entered Light","damage_taken":15,"max_hp_gain":0,"max_hp_loss":0,"event_name":"Shining Light","floor":4,"gold_loss":0,"cards_upgraded":["Defend_B","Defend_B"]},{"damage_healed":0,"gold_gain":0,"player_choice":"Lose Max HP","damage_taken":0,"relics_obtained":["Golden Idol"],"max_hp_gain":0,"max_hp_loss":6,"event_name":"Golden Idol","floor":5,"gold_loss":0},{"damage_healed":0,"gold_gain":0,"player_choice":"Copied","damage_taken":0,"max_hp_gain":0,"max_hp_loss":0,"event_name":"Duplicator","floor":28,"gold_loss":0,"cards_obtained":["Gash"]},{"cards_removed":["Strike_B"],"damage_healed":0,"gold_gain":0,"player_choice":"Elegance","damage_taken":0,"max_hp_gain":0,"max_hp_loss":0,"event_name":"Back to Basics","floor":31,"gold_loss":0},{"damage_healed":0,"gold_gain":0,"player_choice":"Fight","damage_taken":0,"max_hp_gain":0,"max_hp_loss":0,"event_name":"MindBloom","floor":37,"gold_loss":0},{"damage_healed":0,"gold_gain":0,"player_choice":"Ignored","damage_taken":0,"max_hp_gain":0,"max_hp_loss":0,"event_name":"Tomb of Lord Red Mask","floor":38,"gold_loss":0},{"cards_removed":["Beam Cell"],"damage_healed":0,"gold_gain":0,"player_choice":"Removed Attack","damage_taken":0,"max_hp_gain":0,"max_hp_loss":0,"event_name":"Falling","floor":39,"gold_loss":0}],"is_beta":false,"boss_relics":[{"not_picked":["Sozu","Black Star"],"picked":"Calling Bell"},{"not_picked":["Inserter","Velvet Choker"],"picked":"Pandora\u0027s Box"}],"items_purged_floors":[2,22,29],"is_endless":false,"potions_floor_spawned":[6,8,10,16,19,21,33,45,46],"ascension_level":3}