{"gold_per_floor":[119,44,44,44,57,57,95,120,196,229,16,16,16,16,16,137,137,137,92,92,92,92,92,92,92,92,92,92,92,92,92,92,92,92,92,92,92,92,92,92,92,92,92,92,92,92,42,42,42,42],"floor_reached":51,"playtime":1806,"items_purged":["Strike_B","Strike_B"],"score":866,"play_id":"9a5c6d77-1b2f-4846-9386-48022473d449","local_time":"20190611234549","is_ascension_mode":true,"campfire_choices":[{"data":"Dualcast","floor":6.0,"key":"SMITH"},{"data":"Zap","floor":12.0,"key":"SMITH"},{"floor":15.0,"key":"REST"},{"data":"Beam Cell","floor":23.0,"key":"SMITH"},{"floor":25.0,"key":"REST"},{"data":"Gash","floor":27.0,"key":"SMITH"},{"floor":32.0,"key":"REST"},{"data":"Reboot","floor":40,"key":"SMITH"},{"data":"FTL","floor":42,"key":"SMITH"},{"floor":49,"key":"REST"}],"neow_cost":"NONE","seed_source_timestamp":0,"circlet_count":0,"master_deck":["Strike_B+1","Defend_B","Defend_B","Zap+1","Dualcast+1","Sweeping Beam","Sweeping Beam","Gash+1","Conserve Battery","Scrape+1","Beam Cell+1","Reboot+1","Gash","FTL+1","All For One","White Noise+1","Conserve Battery"],"special_seed":0,"relics":["Cracked Core","PreservedInsect","Golden Idol","Pocketwatch","Juzu Bracelet","Singing Bowl","MawBank","Ectoplasm","Dodecahedron","MutagenicStrength","Calling Bell","Bag of Preparation","Mercury Hourglass","Torii","Pen Nib"],"potions_floor_usage":[50,50,50],"damage_taken":[{"damage":8.0,"enemies":"2 Louse","floor":1.0,"turns":2.0},{"damage":7.0,"enemies":"Small Slimes","floor":5.0,"turns":3.0},{"damage":15.0,"enemies":"3 Sentries","floor":7.0,"turns":5.0},{"damage":0.0,"enemies":"Gremlin Nob","floor":10.0,"turns":2.0},{"damage":19.0,"enemies":"Slime Boss","floor":16.0,"turns":7.0},{"damage":7.0,"enemies":"3 Byrds","floor":18.0,"turns":3.0},{"damage":0.0,"enemies":"Chosen","floor":21.0,"turns":3.0},{"damage":12.0,"enemies":"3 Cultists","floor":22.0,"turns":4.0},{"damage":7.0,"enemies":"Chosen and Byrds","floor":24.0,"turns":3.0},{"damage":0.0,"enemies":"Snake Plant","floor":29.0,"turns":2.0},{"damage":0.0,"enemies":"3 Cultists","floor":31.0,"turns":2.0},{"damage":61.0,"enemies":"Champ","floor":33.0,"turns":7.0},{"damage":8.0,"enemies":"3 Shapes","floor":35.0,"turns":3.0},{"damage":9,"enemies":"3 Darklings","floor":36,"turns":2},{"damage":2,"enemies":"Sphere and 2 Shapes","floor":39,"turns":3},{"damage":0,"enemies":"Transient","floor":45,"turns":5},{"damage":0,"enemies":"Spire Growth","floor":46,"turns":1},{"damage":0,"enemies":"3 Darklings","floor":48,"turns":2},{"damage":69,"enemies":"Time Eater","floor":50,"turns":6}],"seed_played":"-7059491405480225193","potions_obtained":[{"floor":7.0,"key":"Poison Potion"},{"floor":10.0,"key":"SkillPotion"},{"floor":22.0,"key":"EssenceOfSteel"},{"floor":24.0,"key":"Weak Potion"},{"floor":35.0,"key":"Dexterity Potion"},{"floor":39,"key":"Ancient Potion"},{"floor":48,"key":"FocusPotion"}],"is_trial":false,"path_per_floor":["M","$","?","?","M","R","E","T","T","E","$","R","?","?","R","B",null,"M","$","?","M","M","R","M","R","T","R","?","M","?","M","R","B",null,"M","M","$","?","M","R","?","R","T","?","M","M","$","M","R","B",null],"character_chosen":"DEFECT","items_purchased":["Scrape","Beam Cell","Gash","Conserve Battery"],"campfire_rested":4,"item_purchase_floors":[11,11,19,47],"current_hp_per_floor":[60,60,53,53,46,46,31,31,31,31,31,31,17,10,30,11,55,50,50,50,52,40,40,35,57,57,57,57,59,59,61,79,18,64,58,51,51,51,51,51,51,51,51,53,53,55,55,57,83,14],"gold":42,"neow_bonus":"THREE_CARDS","is_prod":false,"is_daily":false,"chose_seed":false,"campfire_upgraded":6,"win_rate":0,"timestamp":1560321949,"path_taken":["M","$","?","?","M","R","E","?","T","E","$","R","?","?","R","BOSS","M","$","?","M","M","R","M","R","T","R","?","M","?","M","R","BOSS","M","M","$","?","M","R","?","R","T","?","M","M","$","M","R","BOSS"],"build_version":"2019-01-23","purchased_purges":2,"victory":true,"max_hp_per_floor":[75,75,75,69,69,69,69,69,69,69,69,69,69,69,69,69,69,71,71,71,73,73,73,75,75,75,75,75,77,77,79,79,79,79,81,83,83,79,81,81,81,81,81,83,83,85,85,87,87,87],"card_choices":[{"not_picked":["Beam Cell","Go for the Eyes"],"picked":"Sweeping Beam","floor":0.0},{"not_picked":["Steam","Steam Power"],"picked":"Sweeping Beam","floor":1.0},{"not_picked":["Static Discharge","Stack","Hello World"],"picked":"SKIP","floor":5.0},{"not_picked":["Skim","Consume"],"picked":"Gash","floor":7.0},{"not_picked":["Beam Cell","Tempest"],"picked":"Conserve Battery","floor":10.0},{"not_picked":["Buffer","Seek"],"picked":"Reboot","floor":16.0},{"not_picked":["Aggregate","Cold Snap","Doom and Gloom"],"picked":"Singing Bowl","floor":18.0},{"not_picked":["Coolheaded+1","Fusion","Barrage+1"],"picked":"Singing Bowl","floor":21.0},{"not_picked":["Tempest","Coolheaded"],"picked":"FTL","floor":22.0},{"not_picked":["Coolheaded+1","Consume","Skim"],"picked":"Singing Bowl","floor":24.0},{"not_picked":["Go for the Eyes","Cold Snap","Heatsinks+1"],"picked":"Singing Bowl","floor":29.0},{"not_picked":["Consume","Self Repair","Cold Snap"],"picked":"Singing Bowl","floor":31.0},{"not_picked":["Biased Cognition","Buffer"],"picked":"All For One","floor":33.0},{"not_picked":["Compile Driver","FTL+1","Streamline+1"],"picked":"Singing Bowl","floor":35.0},{"not_picked":["Turbo","Conserve Battery","Coolheaded"],"picked":"Singing Bowl","floor":36},{"not_picked":["Melter","Coolheaded","Steam Power+1"],"picked":"Singing Bowl","floor":39},{"not_picked":["Metamorphosis","Good Instincts","Thinking Ahead"],"picked":"Singing Bowl","floor":44},{"not_picked":["Leap+1","Steam Power+1"],"picked":"White Noise+1","floor":45},{"not_picked":["Gash","Leap+1","Darkness+1"],"picked":"Singing Bowl","floor":46},{"not_picked":["Stack","Tempest","Beam Cell"],"picked":"Singing Bowl","floor":48}],"player_experience":460908,"relics_obtained":[{"floor":7.0,"key":"Pocketwatch"},{"floor":8.0,"key":"Juzu Bracelet"},{"floor":9.0,"key":"Singing Bowl"},{"floor":10.0,"key":"MawBank"},{"floor":26.0,"key":"Dodecahedron"},{"floor":34.0,"key":"Bag of Preparation"},{"floor":34.0,"key":"Mercury Hourglass"},{"floor":34.0,"key":"Torii"},{"floor":43,"key":"Pen Nib"}],"event_choices":[{"damage_healed":0.0,"max_hp_gain":0.0,"max_hp_loss":0.0,"gold_gain":0.0,"event_name":"Scrap Ooze","player_choice":"Success","floor":3.0,"gold_loss":0.0,"damage_taken":7.0,"relics_obtained":["PreservedInsect"]},{"damage_healed":0.0,"max_hp_gain":0.0,"max_hp_loss":6.0,"gold_gain":0.0,"event_name":"Golden Idol","player_choice":"Lose Max HP","floor":4.0,"gold_loss":0.0,"damage_taken":0.0,"relics_obtained":["Golden Idol"]},{"damage_healed":0.0,"max_hp_gain":0.0,"max_hp_loss":0.0,"gold_gain":0.0,"event_name":"Shining Light","player_choice":"Entered Light","floor":13.0,"gold_loss":0.0,"damage_taken":14.0,"cards_upgraded":["Scrape","Strike_B"]},{"cards_removed":["Strike_B"],"damage_healed":0.0,"max_hp_gain":0.0,"max_hp_loss":0.0,"gold_gain":0.0,"event_name":"Golden Wing","player_choice":"Card Removal","floor":14.0,"gold_loss":0.0,"damage_taken":7.0},{"damage_healed":0.0,"max_hp_gain":0.0,"max_hp_loss":0.0,"gold_gain":0.0,"event_name":"Vampires","player_choice":"Ignored","floor":20.0,"gold_loss":0.0,"damage_taken":0.0},{"damage_healed":0.0,"max_hp_gain":0.0,"max_hp_loss":0.0,"gold_gain":0.0,"event_name":"Drug Dealer","player_choice":"Inject Mutagens","floor":28.0,"gold_loss":0.0,"damage_taken":0.0,"relics_obtained":["MutagenicStrength"]},{"cards_removed":["Defend_B"],"damage_healed":0.0,"max_hp_gain":0.0,"max_hp_loss":0.0,"gold_gain":0.0,"event_name":"Back to Basics","player_choice":"Elegance","floor":30.0,"gold_loss":0.0,"damage_taken":0.0},{"damage_healed":0,"gold_gain":0,"player_choice":"Max HP","damage_taken":0,"max_hp_gain":0,"max_hp_loss":4,"event_name":"Winding Halls","floor":38,"gold_loss":0},{"cards_removed":["Defend_B"],"damage_healed":0,"gold_gain":0,"player_choice":"Removed Skill","damage_taken":0,"max_hp_gain":0,"max_hp_loss":0,"event_name":"Falling","floor":41,"gold_loss":0},{"damage_healed":0,"gold_gain":0,"player_choice":"Memory 1","damage_taken":0,"max_hp_gain":0,"max_hp_loss":0,"event_name":"SensoryStone","floor":44,"gold_loss":0}],"is_beta":false,"boss_relics":[{"not_picked":["Velvet Choker","Coffee Dripper"],"picked":"Ectoplasm"},{"not_picked":["Orrery","FrozenCore"],"picked":"Calling Bell"}],"items_purged_floors":[2,11],"is_endless":false,"potions_floor_spawned":[7,10,22,24,31,35,39,48],"ascension_level":6}