{"gold_per_floor":[111,39,39,58,58,58,73,73,73,73,84,84,184,202,202,278,278,296,221,221],"floor_reached":20,"playtime":631,"items_purged":["Strike_R"],"score":267,"play_id":"29e0eab0-03b7-41b7-909b-d743634097d9","local_time":"20190502193450","is_ascension_mode":true,"campfire_choices":[{"data":"Bludgeon","floor":6,"key":"SMITH"},{"data":"Flex","floor":8,"key":"SMITH"},{"data":"Whirlwind","floor":12,"key":"SMITH"},{"data":"Sword Boomerang","floor":15,"key":"SMITH"}],"neow_cost":"NONE","seed_source_timestamp":288099476534500,"circlet_count":0,"master_deck":["AscendersBane","Strike_R","Strike_R","Strike_R","Strike_R","Defend_R","Defend_R","Defend_R","Defend_R","Bash","Bludgeon+1","Whirlwind+1","Sword Boomerang+1","Flex+1","Thunderclap","Reaper","Flex","Heavy Blade"],"relics":["Burning Blood","StoneCalendar","Orrery"],"potions_floor_usage":[18,20],"damage_taken":[{"damage":6,"enemies":"2 Louse","floor":1,"turns":3},{"damage":12,"enemies":"Jaw Worm","floor":4,"turns":2},{"damage":0,"enemies":"Cultist","floor":7,"turns":2},{"damage":5,"enemies":"2 Fungi Beasts","floor":11,"turns":3},{"damage":11,"enemies":"Blue Slaver","floor":14,"turns":3},{"damage":36,"enemies":"Slime Boss","floor":16,"turns":7},{"damage":19,"enemies":"3 Byrds","floor":18,"turns":3},{"damage":83,"enemies":"Masked Bandits","floor":20,"turns":4}],"seed_played":"-6624022512050994141","potions_obtained":[{"floor":1,"key":"Regen Potion"},{"floor":4,"key":"SpeedPotion"},{"floor":7,"key":"LiquidBronze"}],"is_trial":false,"path_per_floor":["M","$","?","M","?","R","M","R","T","$","M","R","?","M","R","B",null,"M","$","?"],"character_chosen":"IRONCLAD","items_purchased":["Whirlwind"],"campfire_rested":0,"item_purchase_floors":[2],"current_hp_per_floor":[72,72,77,71,71,71,77,77,77,77,78,78,78,73,73,43,75,62,62,0],"gold":221,"neow_bonus":"ONE_RANDOM_RARE_CARD","is_prod":false,"is_daily":false,"chose_seed":false,"campfire_upgraded":4,"win_rate":0,"timestamp":1556850890,"path_taken":["M","$","?","M","?","R","M","R","T","?","M","R","?","M","R","BOSS","M","?","?"],"build_version":"2019-01-23","purchased_purges":1,"victory":false,"max_hp_per_floor":[80,80,85,85,85,85,85,85,85,85,85,85,85,85,85,85,85,85,85,85],"card_choices":[{"not_picked":["Feel No Pain","Wild Strike","Cleave"],"picked":"SKIP","floor":1},{"not_picked":["Headbutt","True Grit"],"picked":"Sword Boomerang","floor":4},{"not_picked":["Combust","Uppercut"],"picked":"Flex","floor":7},{"not_picked":["Entrench","Clothesline"],"picked":"Thunderclap","floor":11},{"not_picked":["Perfected Strike","Twin Strike","Clothesline"],"picked":"SKIP","floor":14},{"not_picked":["Double Tap","Impervious"],"picked":"Reaper","floor":16},{"not_picked":["Fire Breathing","Headbutt"],"picked":"Flex","floor":17},{"not_picked":["Entrench","Wild Strike"],"picked":"Heavy Blade","floor":17},{"not_picked":["Corruption","Shockwave+1","Spot Weakness"],"picked":"SKIP","floor":18}],"player_experience":361138,"relics_obtained":[{"floor":9,"key":"StoneCalendar"}],"event_choices":[{"damage_healed":0,"gold_gain":0,"player_choice":"Donut","damage_taken":0,"max_hp_gain":5,"max_hp_loss":0,"event_name":"Big Fish","floor":3,"gold_loss":0},{"damage_healed":0,"gold_gain":0,"player_choice":"Ignored","damage_taken":0,"max_hp_gain":0,"max_hp_loss":0,"event_name":"Liars Game","floor":5,"gold_loss":0},{"damage_healed":0,"gold_gain":100,"player_choice":"Pray","damage_taken":0,"max_hp_gain":0,"max_hp_loss":0,"event_name":"Golden Shrine","floor":13,"gold_loss":0},{"damage_healed":0,"gold_gain":0,"player_choice":"Fought Bandits","damage_taken":0,"max_hp_gain":0,"max_hp_loss":0,"event_name":"Masked Bandits","floor":20,"gold_loss":0}],"is_beta":false,"boss_relics":[{"not_picked":["Black Star","Snecko Eye"],"picked":"Orrery"}],"items_purged_floors":[19],"is_endless":false,"potions_floor_spawned":[1,4,7,14],"killed_by":"Masked Bandits","ascension_level":13}