{"gold_per_floor":[114,127,141,45,64,96,173,173,173,191,209,224,236,249,249,346,346,366,366,366,366,92,92,120,138,138,138],"floor_reached":27,"playtime":1822,"items_purged":["Strike_R"],"score":344,"play_id":"764ee037-e434-40c4-92cb-eeda9dc789d9","local_time":"20181015192713","is_ascension_mode":true,"campfire_choices":[{"data":"Rampage","floor":8,"key":"SMITH"},{"floor":15,"key":"REST"},{"data":"Armaments","floor":23,"key":"SMITH"}],"neow_cost":"","seed_source_timestamp":1337093965165,"circlet_count":0,"master_deck":["Strike_R","Strike_R","Strike_R","Strike_R","Defend_R","Defend_R","Defend_R","Defend_R","Bash","Clothesline","Headbutt","Heavy Blade","Shrug It Off","Cleave","Double Tap","Rampage+1","Inflame","Demon Form","Iron Wave","Seeing Red","Dual Wield","Double Tap","Ghostly Armor","Armaments+1","Battle Trance"],"relics":["Burning Blood","Ornamental Fan","Mummified Hand","Sozu","CultistMask","Oddly Smooth Stone","Blue Candle","Bottled Lightning"],"potions_floor_usage":[11,13,16,24],"damage_taken":[{"damage":6,"enemies":"2 Louse","floor":1,"turns":4},{"damage":4,"enemies":"Cultist","floor":2,"turns":3},{"damage":5,"enemies":"Small Slimes","floor":3,"turns":3},{"damage":15,"enemies":"3 Louse","floor":5,"turns":4},{"damage":37,"enemies":"3 Sentries","floor":6,"turns":11},{"damage":4,"enemies":"Blue Slaver","floor":10,"turns":4},{"damage":10,"enemies":"Lots of Slimes","floor":11,"turns":3},{"damage":14,"enemies":"3 Louse","floor":12,"turns":3},{"damage":5,"enemies":"2 Fungi Beasts","floor":13,"turns":3},{"damage":1,"enemies":"Blue Slaver","floor":14,"turns":4},{"damage":0,"enemies":"Slime Boss","floor":16,"turns":5},{"damage":8,"enemies":"3 Byrds","floor":18,"turns":5},{"damage":42,"enemies":"Slavers","floor":24,"turns":8},{"damage":33,"enemies":"Shell Parasite","floor":25,"turns":6},{"damage":20,"enemies":"Cultist and Chosen","floor":27,"turns":4}],"seed_played":"-9203575429949782838","potions_obtained":[{"floor":1,"key":"FearPotion"},{"floor":6,"key":"SkillPotion"},{"floor":11,"key":"SteroidPotion"},{"floor":14,"key":"Energy Potion"}],"is_trial":false,"path_per_floor":["M","M","M","$","M","E","?","R","T","M","M","M","M","M","R","B",null,"M","?","?","?","$","R","E","M","T"],"character_chosen":"IRONCLAD","items_purchased":["Shrug It Off","Cleave","Oddly Smooth Stone","Armaments"],"campfire_rested":1,"item_purchase_floors":[4,4,22,22],"current_hp_per_floor":[80,80,80,80,71,40,40,40,40,42,38,30,31,36,60,66,80,78,78,78,78,78,78,42,15,15,0],"gold":138,"neow_bonus":"","is_prod":false,"is_daily":false,"chose_seed":false,"campfire_upgraded":2,"win_rate":0,"timestamp":1539628033,"path_taken":["M","M","M","$","M","E","?","R","T","M","M","M","M","M","R","BOSS","M","?","?","?","$","R","E","?","T","M"],"build_version":"2018-10-11","purchased_purges":1,"victory":false,"max_hp_per_floor":[80,80,80,80,80,80,80,80,80,80,80,80,80,80,80,80,80,80,80,80,80,80,80,80,80,80,80],"card_choices":[{"not_picked":["Body Slam","Perfected Strike"],"picked":"Clothesline","floor":1},{"not_picked":["Perfected Strike","Sever Soul"],"picked":"Headbutt","floor":2},{"not_picked":["Wild Strike","Headbutt"],"picked":"Heavy Blade","floor":3},{"not_picked":["Dual Wield","Shockwave"],"picked":"Double Tap","floor":5},{"not_picked":["Armaments","Pommel Strike"],"picked":"Rampage","floor":6},{"not_picked":["Heavy Blade","Body Slam"],"picked":"Inflame","floor":10},{"not_picked":["Whirlwind","Sword Boomerang"],"picked":"Demon Form","floor":11},{"not_picked":["Shockwave","Armaments"],"picked":"Iron Wave","floor":12},{"not_picked":["Shockwave","Reckless Charge"],"picked":"Seeing Red","floor":13},{"not_picked":["Dropkick","Warcry"],"picked":"Dual Wield","floor":14},{"not_picked":["Berserk","Brutality"],"picked":"Double Tap","floor":16},{"not_picked":["Pommel Strike","Heavy Blade","Warcry+1"],"picked":"SKIP","floor":18},{"not_picked":["Heavy Blade","Power Through"],"picked":"Battle Trance","floor":24},{"not_picked":["Sentinel","Pommel Strike","Wild Strike"],"picked":"SKIP","floor":25}],"player_experience":701546,"relics_obtained":[{"floor":6,"key":"Ornamental Fan"},{"floor":9,"key":"Mummified Hand"},{"floor":24,"key":"Blue Candle"},{"floor":26,"key":"Bottled Lightning"}],"event_choices":[{"event_name":"Golden Wing","player_choice":"Gained Gold","floor":7,"damage_taken":0},{"event_name":"The Library","player_choice":"Read","floor":19,"damage_taken":0},{"event_name":"FaceTrader","player_choice":"Trade","floor":20,"damage_taken":0},{"event_name":"Ghosts","player_choice":"Ignored","floor":21,"damage_taken":0}],"is_beta":false,"boss_relics":[{"not_picked":["White Beast Statue","Philosopher\u0027s Stone"],"picked":"Sozu"}],"items_purged_floors":[22],"is_endless":false,"potions_floor_spawned":[1,6,11,14,25],"killed_by":"Cultist and Chosen","ascension_level":4}