{"gold_per_floor":[117,132,152,55,71,71,91,91,144,144,154,154,189,201,201,201],"floor_reached":16,"playtime":947,"items_purged":["Strike_G"],"score":156,"play_id":"c361bc64-1128-4399-b854-e2a5694ac3ae","local_time":"20190619130208","is_ascension_mode":true,"campfire_choices":[{"data":"Neutralize","floor":6.0,"key":"SMITH"},{"data":"Slice","floor":10.0,"key":"SMITH"},{"floor":12.0,"key":"REST"},{"data":"Dagger Spray","floor":15,"key":"SMITH"}],"neow_cost":"NONE","seed_source_timestamp":0,"circlet_count":0,"master_deck":["AscendersBane","Defend_G","Defend_G","Defend_G","Defend_G","Defend_G","Strike_G","Strike_G","Strike_G","Strike_G","Survivor","Neutralize+1","Slice+1","Dagger Spray","Dagger Spray+1","Quick Slash"],"special_seed":0,"relics":["Ring of the Snake","GremlinMask","Oddly Smooth Stone","Paper Crane"],"potions_floor_usage":[],"damage_taken":[{"damage":0.0,"enemies":"Cultist","floor":1.0,"turns":5.0},{"damage":1.0,"enemies":"Small Slimes","floor":2.0,"turns":5.0},{"damage":0.0,"enemies":"Jaw Worm","floor":3.0,"turns":6.0},{"damage":6.0,"enemies":"Exordium Thugs","floor":5.0,"turns":6.0},{"damage":8.0,"enemies":"3 Louse","floor":7.0,"turns":4.0},{"damage":0.0,"enemies":"Large Slime","floor":11.0,"turns":7.0},{"damage":16.0,"enemies":"3 Sentries","floor":13.0,"turns":8.0},{"damage":2,"enemies":"Looter","floor":14,"turns":5},{"damage":64,"enemies":"Slime Boss","floor":16,"turns":10}],"seed_played":"7666064710965923754","potions_obtained":[{"floor":0.0,"key":"GhostInAJar"},{"floor":0.0,"key":"Fire Potion"},{"floor":0.0,"key":"EssenceOfSteel"},{"floor":5.0,"key":"Swift Potion"},{"floor":7.0,"key":"SkillPotion"},{"floor":13,"key":"EssenceOfSteel"}],"is_trial":false,"path_per_floor":["M","M","M","$","M","R","M","?","T","R","M","R","E","M","R","B"],"character_chosen":"THE_SILENT","items_purchased":["Slice"],"campfire_rested":1,"item_purchase_floors":[4],"current_hp_per_floor":[63,62,62,62,56,56,48,48,48,48,48,69,53,51,51,0],"gold":201,"neow_bonus":"THREE_SMALL_POTIONS","is_prod":false,"is_daily":false,"chose_seed":false,"campfire_upgraded":3,"win_rate":0,"timestamp":1560974528,"path_taken":["M","?","?","$","M","R","M","?","T","R","M","R","E","M","R","BOSS"],"build_version":"2019-01-23","purchased_purges":1,"victory":false,"max_hp_per_floor":[70,70,70,70,70,70,70,70,70,70,70,70,70,70,70,70],"card_choices":[{"not_picked":["Underhanded Strike","Dagger Throw","Sucker Punch"],"picked":"SKIP","floor":1.0},{"not_picked":["Distraction","Escape Plan","Concentrate"],"picked":"SKIP","floor":2.0},{"not_picked":["Blade Dance","Quick Slash","Distraction"],"picked":"SKIP","floor":3.0},{"not_picked":["Bane","PiercingWail","Eviscerate"],"picked":"SKIP","floor":5.0},{"not_picked":["Heel Hook","Underhanded Strike","PiercingWail"],"picked":"SKIP","floor":7.0},{"not_picked":["Accuracy","Blur"],"picked":"Dagger Spray","floor":11.0},{"not_picked":["Underhanded Strike","Skewer"],"picked":"Dagger Spray","floor":13},{"not_picked":["Cloak And Dagger","Outmaneuver"],"picked":"Quick Slash","floor":14}],"player_experience":467290,"relics_obtained":[{"floor":9.0,"key":"Oddly Smooth Stone"},{"floor":13,"key":"Paper Crane"}],"event_choices":[{"damage_healed":0.0,"max_hp_gain":0.0,"max_hp_loss":0.0,"gold_gain":0.0,"event_name":"FaceTrader","player_choice":"Trade","floor":8.0,"gold_loss":0.0,"damage_taken":0.0,"relics_obtained":["GremlinMask"]}],"is_beta":false,"boss_relics":[],"items_purged_floors":[4],"is_endless":false,"potions_floor_spawned":[2,5,7,13],"killed_by":"Slime Boss","ascension_level":10}