{"gold_per_floor":[369,384,384,397,410,410,422,422,422,433,447,461,461,137,137,215,215,235,252,252],"floor_reached":20,"playtime":703,"items_purged":["Strike_R"],"score":374,"play_id":"184cc1aa-008e-4cc1-9d1c-296ffe73d6af","local_time":"20190506163116","is_ascension_mode":true,"campfire_choices":[{"data":"Flex","floor":6.0,"key":"SMITH"},{"data":"Clash","floor":8.0,"key":"SMITH"},{"data":"Flex","floor":15.0,"key":"SMITH"}],"neow_cost":"TEN_PERCENT_HP_LOSS","seed_source_timestamp":0,"circlet_count":0,"master_deck":["AscendersBane","Strike_R","Strike_R","Defend_R","Defend_R","Defend_R","Bash","Clash+1","Flex+1","Heavy Blade","Twin Strike","Flex+1","Demon Form"],"special_seed":0,"relics":["Burning Blood","Ornamental Fan","Bag of Marbles","Empty Cage"],"potions_floor_usage":[16,20],"damage_taken":[{"damage":10.0,"enemies":"Small Slimes","floor":1.0,"turns":4.0},{"damage":1.0,"enemies":"Cultist","floor":2.0,"turns":4.0},{"damage":12.0,"enemies":"Jaw Worm","floor":4.0,"turns":3.0},{"damage":13.0,"enemies":"Blue Slaver","floor":5.0,"turns":3.0},{"damage":13.0,"enemies":"Exordium Wildlife","floor":7.0,"turns":4.0},{"damage":0.0,"enemies":"Gremlin Gang","floor":10.0,"turns":3.0},{"damage":20.0,"enemies":"2 Fungi Beasts","floor":11.0,"turns":3.0},{"damage":10.0,"enemies":"Large Slime","floor":12.0,"turns":5.0},{"damage":0,"enemies":"Slime Boss","floor":16,"turns":3},{"damage":24,"enemies":"Shell Parasite","floor":18,"turns":3},{"damage":35,"enemies":"3 Byrds","floor":19,"turns":5},{"damage":16,"enemies":"Snake Plant","floor":20,"turns":1}],"seed_played":"-6863857040262046753","potions_obtained":[{"floor":2.0,"key":"Explosive Potion"},{"floor":7.0,"key":"GamblersBrew"},{"floor":12.0,"key":"SpeedPotion"},{"floor":18,"key":"SteroidPotion"}],"is_trial":false,"path_per_floor":["M","M","?","M","M","R","M","R","T","M","M","M","?","$","R","B",null,"M","M","M"],"character_chosen":"IRONCLAD","items_purchased":["Bag of Marbles","Flex","SteroidPotion"],"campfire_rested":0,"item_purchase_floors":[14,14,14],"current_hp_per_floor":[64,68,68,62,55,55,48,48,48,54,40,36,29,29,29,35,60,42,13,0],"gold":252,"neow_bonus":"TWO_FIFTY_GOLD","is_prod":false,"is_daily":false,"chose_seed":false,"campfire_upgraded":3,"win_rate":0,"timestamp":1557185476,"path_taken":["M","M","?","?","?","R","M","R","T","M","M","?","?","$","R","BOSS","M","M","M"],"build_version":"2019-01-23","purchased_purges":1,"victory":false,"max_hp_per_floor":[68,68,68,68,68,68,68,68,68,68,68,68,68,68,68,68,68,68,68,68],"card_choices":[{"not_picked":["Armaments","Uppercut","Sever Soul"],"picked":"SKIP","floor":1.0},{"not_picked":["Entrench","Hemokinesis"],"picked":"Clash","floor":2.0},{"not_picked":["Headbutt","Sword Boomerang"],"picked":"Flex","floor":4.0},{"not_picked":["Iron Wave","Warcry","True Grit"],"picked":"SKIP","floor":5.0},{"not_picked":["Perfected Strike","Sentinel","Wild Strike"],"picked":"SKIP","floor":7.0},{"not_picked":["Impervious","True Grit","Metallicize"],"picked":"SKIP","floor":10.0},{"not_picked":["Sentinel","Evolve"],"picked":"Heavy Blade","floor":11.0},{"not_picked":["Feel No Pain","Rampage"],"picked":"Twin Strike","floor":12.0},{"not_picked":["Double Tap","Juggernaut"],"picked":"Demon Form","floor":16},{"not_picked":["Iron Wave","Warcry","True Grit"],"picked":"SKIP","floor":18},{"not_picked":["Armaments","Havoc","Thunderclap"],"picked":"SKIP","floor":19}],"player_experience":373476,"relics_obtained":[{"floor":9.0,"key":"Ornamental Fan"}],"event_choices":[{"damage_healed":0.0,"max_hp_gain":0.0,"max_hp_loss":0.0,"gold_gain":0.0,"event_name":"Match and Keep!","player_choice":"0 cards matched","floor":3.0,"gold_loss":0.0,"damage_taken":0.0,"cards_obtained":[]},{"cards_removed":["Strike_R"],"damage_healed":0.0,"max_hp_gain":0.0,"max_hp_loss":0.0,"gold_gain":0.0,"event_name":"Golden Wing","player_choice":"Card Removal","floor":13.0,"gold_loss":0.0,"damage_taken":7.0}],"is_beta":false,"boss_relics":[{"not_picked":["Tiny House","Snecko Eye"],"picked":"Empty Cage"}],"items_purged_floors":[14],"is_endless":false,"potions_floor_spawned":[2,7,12,18,19],"killed_by":"Snake Plant","ascension_level":14}