{"gold_per_floor":[116,130,9,27,42,42,54,54,106,106,116,90,100,100,100,195,195,206,152,152,152,162,162,176,176,199,199],"floor_reached":27,"playtime":3503,"items_purged":[],"score":230,"play_id":"9bdb37c0-a0ac-4200-a023-39e3364e79bf","local_time":"20190628192801","is_ascension_mode":false,"campfire_choices":[{"data":"Flame Barrier","floor":6.0,"key":"SMITH"},{"data":"Iron Wave","floor":8.0,"key":"SMITH"},{"data":"Bash","floor":10.0,"key":"SMITH"},{"floor":15.0,"key":"REST"},{"floor":23.0,"key":"REST"}],"neow_cost":"","seed_source_timestamp":0,"circlet_count":0,"master_deck":["Defend_R","Defend_R","Defend_R","Defend_R","Bash+1","Infernal Blade","Headbutt","Rampage","Clash","Entrench","Flame Barrier+1","Iron Wave+1","Perfected Strike","Anger","Feed","Blood for Blood","Armaments","Bite+1","Bite","Bite","Bite","Bite","Shrug It Off","True Grit+1"],"special_seed":0,"relics":["Burning Blood","Ancient Tea Set","Lizard Tail","Bag of Preparation"],"potions_floor_usage":[],"damage_taken":[{"damage":3.0,"enemies":"Cultist","floor":1.0,"turns":5.0},{"damage":0.0,"enemies":"2 Louse","floor":2.0,"turns":3.0},{"damage":2.0,"enemies":"Small Slimes","floor":4.0,"turns":4.0},{"damage":11.0,"enemies":"Blue Slaver","floor":5.0,"turns":4.0},{"damage":19.0,"enemies":"2 Fungi Beasts","floor":7.0,"turns":5.0},{"damage":3.0,"enemies":"Red Slaver","floor":11.0,"turns":2.0},{"damage":0.0,"enemies":"Large Slime","floor":13.0,"turns":7.0},{"damage":57.0,"enemies":"The Guardian","floor":16.0,"turns":12.0},{"damage":15.0,"enemies":"Spheric Guardian","floor":18.0,"turns":6.0},{"damage":65.0,"enemies":"Colosseum Slavers","floor":21.0,"turns":6.0},{"damage":33.0,"enemies":"2 Thieves","floor":22.0,"turns":4.0},{"damage":47.0,"enemies":"Shelled Parasite and Fungi","floor":24.0,"turns":6.0},{"damage":34,"enemies":"Snake Plant","floor":27,"turns":4}],"seed_played":"5706727559892337077","potions_obtained":[{"floor":2.0,"key":"SteroidPotion"},{"floor":4.0,"key":"BloodPotion"},{"floor":5.0,"key":"Fruit Juice"},{"floor":16.0,"key":"Ancient Potion"},{"floor":18.0,"key":"Strength Potion"},{"floor":24.0,"key":"Fruit Juice"}],"is_trial":false,"path_per_floor":["M","M","$","M","M","R","M","R","T","R","M","?","M","?","R","B",null,"M","$","?","?","M","R","M","?","T","M"],"character_chosen":"IRONCLAD","items_purchased":["Rampage","Clash","Armaments"],"campfire_rested":2,"item_purchase_floors":[3,3,19],"current_hp_per_floor":[80,80,80,80,75,80,67,67,67,67,70,70,76,69,85,34,85,76,76,59,10,24,41,20,20,20,0],"gold":199,"neow_bonus":"","is_prod":false,"is_daily":false,"chose_seed":false,"campfire_upgraded":3,"win_rate":0.0,"timestamp":1561771681,"path_taken":["M","M","?","M","M","R","M","R","T","R","M","?","M","?","R","BOSS","M","$","?","?","M","R","M","?","T","?"],"build_version":"2019-01-23","purchased_purges":0,"victory":false,"max_hp_per_floor":[80,80,80,80,80,85,85,85,85,85,85,85,85,85,85,85,85,85,85,59,59,59,59,67,67,67,67],"card_choices":[{"not_picked":["Pommel Strike","Bloodletting"],"picked":"Infernal Blade","floor":1.0},{"not_picked":["Twin Strike","Reckless Charge"],"picked":"Headbutt","floor":2.0},{"not_picked":["True Grit","Rupture"],"picked":"Entrench","floor":4.0},{"not_picked":["Intimidate","Battle Trance"],"picked":"Flame Barrier","floor":5.0},{"not_picked":["Seeing Red","Shockwave"],"picked":"Iron Wave","floor":7.0},{"not_picked":["Flex","Infernal Blade"],"picked":"Perfected Strike","floor":11.0},{"not_picked":["Perfected Strike","Battle Trance"],"picked":"Anger","floor":13.0},{"not_picked":["Reaper","Offering"],"picked":"Feed","floor":16.0},{"not_picked":["Iron Wave","Clash"],"picked":"Blood for Blood","floor":18.0},{"not_picked":["Entrench+1","Intimidate"],"picked":"Shrug It Off","floor":22.0},{"not_picked":["Body Slam","Burning Pact"],"picked":"True Grit+1","floor":24.0}],"player_experience":0,"relics_obtained":[{"floor":9.0,"key":"Ancient Tea Set"},{"floor":26,"key":"Bag of Preparation"}],"event_choices":[{"damage_healed":0.0,"max_hp_gain":0.0,"max_hp_loss":0.0,"gold_gain":0.0,"event_name":"World of Goop","player_choice":"Left Gold","floor":12.0,"gold_loss":26.0,"damage_taken":0.0},{"damage_healed":0.0,"max_hp_gain":0.0,"max_hp_loss":0.0,"gold_gain":0.0,"event_name":"Scrap Ooze","player_choice":"Fled","floor":14.0,"gold_loss":0.0,"damage_taken":7.0},{"damage_healed":0.0,"max_hp_gain":0.0,"max_hp_loss":26.0,"gold_gain":0.0,"event_name":"Vampires","player_choice":"Became a vampire","floor":20.0,"gold_loss":0.0,"damage_taken":0.0,"cards_obtained":["Bite","Bite","Bite","Bite","Bite"]},{"damage_healed":0.0,"max_hp_gain":0.0,"max_hp_loss":0.0,"gold_gain":0.0,"event_name":"Colosseum","player_choice":"Fight","floor":21.0,"gold_loss":0.0,"damage_taken":0.0},{"damage_healed":0.0,"max_hp_gain":0.0,"max_hp_loss":0.0,"gold_gain":0.0,"event_name":"Colosseum","player_choice":"Fled From Nobs","floor":21.0,"gold_loss":0.0,"damage_taken":0.0},{"damage_healed":0.0,"max_hp_gain":0.0,"max_hp_loss":0.0,"gold_gain":0.0,"event_name":"Accursed Blacksmith","player_choice":"Forge","floor":25.0,"gold_loss":0.0,"damage_taken":0.0,"cards_upgraded":["Bite"]}],"is_beta":false,"boss_relics":[{"not_picked":["Busted Crown","Snecko Eye"],"picked":"Lizard Tail"}],"items_purged_floors":[],"is_endless":false,"potions_floor_spawned":[2,4,5,16,18,24],"killed_by":"Snake Plant","ascension_level":0}