{"gold_per_floor":[114,114,114,289,304,304,304,319,319,334,334,349,364,379,379,479,479,494,494,94,109,124,184,184,199,224,224,239,254,254,269,269,269],"floor_reached":33,"playtime":1845,"items_purged":[],"score":563,"play_id":"1743cb33-6f81-42ad-a1b3-a9af91103b08","local_time":"20190220104559","daily_mods":["Insanity","Hoarder","Binary"],"is_ascension_mode":false,"campfire_choices":[{"data":"Backstab","floor":6,"key":"SMITH"},{"data":"Infinite Blades","floor":11,"key":"SMITH"},{"floor":15,"key":"REST"},{"floor":24,"key":"REST"},{"floor":30,"key":"REST"},{"floor":32,"key":"REST"}],"neow_cost":"","seed_source_timestamp":0,"circlet_count":0,"master_deck":["Slice","Dagger Throw","Underhanded Strike","All Out Attack","Poisoned Stab","Dodge and Roll","Cloak And Dagger","Flying Knee","Sucker Punch","Dodge and Roll","Dagger Spray","Bane","Outmaneuver","Infinite Blades+1","Cloak And Dagger","Cloak And Dagger","Backflip","Riddle With Holes","Cloak And Dagger","Dodge and Roll","Bane","Prepared","Flying Knee","Outmaneuver","Caltrops","Underhanded Strike","Outmaneuver","Endless Agony","Backstab+1","Deadly Poison","Dash","Underhanded Strike","Cloak And Dagger","Deflect","Tactician","Underhanded Strike","Bouncing Flask","Leg Sweep","Cloak And Dagger","Outmaneuver","Riddle With Holes","Backflip","PiercingWail","Finisher","Cloak And Dagger","Dagger Spray","Choke","Expertise","Regret","Regret","Regret","Doubt","Doubt","Doubt","Infinite Blades","Infinite Blades","Infinite Blades","Poisoned Stab","Poisoned Stab","Poisoned Stab","Noxious Fumes","Noxious Fumes","Noxious Fumes"],"special_seed":17947,"relics":["Ring of the Snake","Darkstone Periapt","Bottled Flame","Busted Crown","Pear","Bronze Scales","Tiny Chest","Potion Belt"],"potions_floor_usage":[16,23,33],"damage_taken":[{"damage":0,"enemies":"2 Louse","floor":1,"turns":2},{"damage":2,"enemies":"Small Slimes","floor":5,"turns":2},{"damage":0,"enemies":"Jaw Worm","floor":8,"turns":1},{"damage":8,"enemies":"Blue Slaver","floor":10,"turns":3},{"damage":0,"enemies":"Lots of Slimes","floor":12,"turns":1},{"damage":5,"enemies":"Exordium Wildlife","floor":13,"turns":2},{"damage":0,"enemies":"2 Fungi Beasts","floor":14,"turns":2},{"damage":67,"enemies":"The Guardian","floor":16,"turns":10},{"damage":16,"enemies":"3 Byrds","floor":18,"turns":5},{"damage":18,"enemies":"2 Thieves","floor":21,"turns":3},{"damage":17,"enemies":"Snake Plant","floor":22,"turns":3},{"damage":23,"enemies":"Book of Stabbing","floor":23,"turns":5},{"damage":8,"enemies":"Snecko","floor":25,"turns":5},{"damage":31,"enemies":"Sentry and Sphere","floor":28,"turns":4},{"damage":26,"enemies":"Centurion and Healer","floor":29,"turns":5},{"damage":40,"enemies":"Snake Plant","floor":31,"turns":3},{"damage":59,"enemies":"Collector","floor":33,"turns":4}],"seed_played":"1081760636794799279","potions_obtained":[{"floor":10,"key":"Explosive Potion"},{"floor":13,"key":"PowerPotion"},{"floor":14,"key":"Energy Potion"},{"floor":21,"key":"AttackPotion"},{"floor":23,"key":"SmokeBomb"}],"is_trial":false,"path_per_floor":["M","?","$","?","M","R","?","M","T","M","R","M","M","M","R","B",null,"M","?","$","M","M","E","R","M","T","?","M","M","R","M","R","B"],"character_chosen":"THE_SILENT","items_purchased":["Pear","Bronze Scales"],"campfire_rested":4,"item_purchase_floors":[20,20],"current_hp_per_floor":[70,76,76,82,80,80,80,80,80,72,72,72,67,67,82,15,82,66,50,60,42,25,2,31,23,23,97,66,40,69,29,58,0],"gold":269,"neow_bonus":"","is_prod":false,"is_daily":true,"chose_seed":false,"campfire_upgraded":2,"win_rate":0,"timestamp":1550688359,"path_taken":["M","?","$","?","?","R","?","M","T","M","R","?","M","M","R","BOSS","M","?","$","M","M","E","R","M","T","?","M","?","R","M","R","BOSS"],"build_version":"2019-01-23","purchased_purges":0,"victory":false,"max_hp_per_floor":[70,76,76,82,82,82,82,82,82,82,82,82,82,82,82,82,82,82,87,97,97,97,97,97,97,97,97,97,97,97,97,97,97],"card_choices":[{"not_picked":["Outmaneuver","Prepared"],"picked":"SKIP","floor":1},{"not_picked":["Bane","Calculated Gamble"],"picked":"SKIP","floor":5},{"not_picked":["Flying Knee"],"picked":"Infinite Blades","floor":8},{"not_picked":["Outmaneuver"],"picked":"Poisoned Stab","floor":10},{"not_picked":["Prepared","Backflip"],"picked":"SKIP","floor":12},{"not_picked":["Poisoned Stab","Underhanded Strike"],"picked":"SKIP","floor":13},{"not_picked":["Bane"],"picked":"Noxious Fumes","floor":14}],"player_experience":223205,"relics_obtained":[{"floor":9,"key":"Bottled Flame"},{"floor":23,"key":"Tiny Chest"},{"floor":26,"key":"Potion Belt"}],"event_choices":[{"damage_healed":0,"gold_gain":0,"player_choice":"Box","damage_taken":0,"relics_obtained":["Darkstone Periapt"],"max_hp_gain":0,"max_hp_loss":0,"event_name":"Big Fish","floor":2,"gold_loss":0,"cards_obtained":["Regret"]},{"damage_healed":0,"gold_gain":175,"player_choice":"AGREE","damage_taken":0,"max_hp_gain":0,"max_hp_loss":0,"event_name":"Liars Game","floor":4,"gold_loss":0,"cards_obtained":["Doubt"]},{"cards_removed":["Predator"],"damage_healed":0,"gold_gain":0,"player_choice":"Purged","damage_taken":0,"max_hp_gain":0,"max_hp_loss":0,"event_name":"Purifier","floor":7,"gold_loss":0},{"damage_healed":0,"gold_gain":0,"player_choice":"Shed Blood","damage_taken":21,"max_hp_gain":5,"max_hp_loss":0,"event_name":"Forgotten Altar","floor":19,"gold_loss":0},{"cards_removed":["Setup"],"damage_healed":74,"gold_gain":0,"player_choice":"Offered Uncommon","damage_taken":0,"max_hp_gain":0,"max_hp_loss":0,"event_name":"Bonfire Elementals","floor":27,"gold_loss":0}],"is_beta":false,"boss_relics":[{"not_picked":["Ectoplasm","Ring of the Serpent"],"picked":"Busted Crown"}],"items_purged_floors":[],"is_endless":false,"potions_floor_spawned":[10,13,14,21,23,25],"killed_by":"Collector","ascension_level":0}