{"gold_per_floor":[112,37,53,72,72,72,87,98,122,152,102,102,102,120,120,221,221,234,159,159,173,189,189],"floor_reached":23,"playtime":806,"items_purged":["Strike_R"],"score":251,"play_id":"bbc5cc69-950b-410b-8202-9a64444964d2","local_time":"20190303124616","is_ascension_mode":true,"campfire_choices":[{"data":"Anger","floor":6,"key":"SMITH"},{"data":"Flex","floor":13,"key":"SMITH"},{"floor":15,"key":"REST"}],"neow_cost":"NONE","seed_source_timestamp":57925573542500,"circlet_count":0,"master_deck":["Strike_R","Strike_R","Strike_R","Defend_R","Defend_R","Defend_R+1","Defend_R+1","Bash","Deep Breath+1","Anger+1","Flex+1","Cleave"],"relics":["Black Blood","Boot","War Paint","WarpedTongs","Gremlin Horn"],"potions_floor_usage":[10,16],"damage_taken":[{"damage":2,"enemies":"2 Louse","floor":1,"turns":3},{"damage":6,"enemies":"Cultist","floor":3,"turns":3},{"damage":0,"enemies":"Small Slimes","floor":4,"turns":4},{"damage":14,"enemies":"Red Slaver","floor":7,"turns":2},{"damage":1,"enemies":"Exordium Wildlife","floor":8,"turns":3},{"damage":35,"enemies":"3 Sentries","floor":10,"turns":8},{"damage":6,"enemies":"3 Louse","floor":14,"turns":3},{"damage":34,"enemies":"Slime Boss","floor":16,"turns":7},{"damage":25,"enemies":"2 Thieves","floor":18,"turns":4},{"damage":11,"enemies":"Spheric Guardian","floor":21,"turns":3},{"damage":35,"enemies":"Shelled Parasite and Fungi","floor":22,"turns":6},{"damage":39,"enemies":"Slavers","floor":23,"turns":3}],"seed_played":"-2590045934670329571","potions_obtained":[{"floor":3,"key":"Fire Potion"},{"floor":8,"key":"SkillPotion"},{"floor":16,"key":"Ancient Potion"}],"is_trial":false,"path_per_floor":["M","$","M","M","?","R","M","M","T","E","?","?","R","M","R","B",null,"M","?","T","M","M","E"],"character_chosen":"IRONCLAD","items_purchased":[],"campfire_rested":1,"item_purchase_floors":[],"current_hp_per_floor":[76,76,76,80,80,80,72,77,77,48,48,48,48,48,72,44,71,56,56,56,55,30,0],"gold":189,"neow_bonus":"RANDOM_COLORLESS","is_prod":false,"is_daily":false,"chose_seed":false,"campfire_upgraded":2,"win_rate":0,"timestamp":1551645976,"path_taken":["M","$","M","M","?","R","M","?","T","E","?","?","R","M","R","BOSS","M","?","?","M","M","E"],"build_version":"2019-01-23","purchased_purges":1,"victory":false,"max_hp_per_floor":[80,80,80,80,80,80,80,80,80,80,80,80,80,80,80,80,80,80,80,80,80,80,80],"card_choices":[{"not_picked":["Clothesline","Anger","Rage"],"picked":"SKIP","floor":1},{"not_picked":["Burning Pact","Shockwave","Clash"],"picked":"SKIP","floor":3},{"not_picked":["Sword Boomerang","Pommel Strike"],"picked":"Anger","floor":4},{"not_picked":["Feed","Havoc"],"picked":"Flex","floor":7},{"not_picked":["Flame Barrier","True Grit","Warcry"],"picked":"SKIP","floor":8},{"not_picked":["Battle Trance","Flex","Havoc"],"picked":"SKIP","floor":10},{"not_picked":["Perfected Strike","Rampage","Dark Embrace"],"picked":"SKIP","floor":14},{"not_picked":["Twin Strike","Hemokinesis","Carnage"],"picked":"SKIP","floor":18},{"not_picked":["Iron Wave","Clash","Corruption+1"],"picked":"SKIP","floor":21},{"not_picked":["Blood for Blood","Iron Wave+1"],"picked":"Cleave","floor":22}],"player_experience":238873,"relics_obtained":[{"floor":9,"key":"Boot"},{"floor":10,"key":"War Paint"},{"floor":20,"key":"Gremlin Horn"}],"event_choices":[{"damage_healed":0,"gold_gain":0,"player_choice":"Upgraded","damage_taken":0,"max_hp_gain":0,"max_hp_loss":0,"event_name":"Upgrade Shrine","floor":5,"gold_loss":0,"cards_upgraded":["Deep Breath"]},{"cards_removed":["Strike_R"],"damage_healed":0,"gold_gain":0,"player_choice":"Card Removal","damage_taken":0,"max_hp_gain":0,"max_hp_loss":0,"event_name":"The Cleric","floor":11,"gold_loss":50},{"damage_healed":0,"gold_gain":0,"player_choice":"Rummage","damage_taken":0,"relics_obtained":["WarpedTongs"],"max_hp_gain":0,"max_hp_loss":0,"event_name":"Accursed Blacksmith","floor":12,"gold_loss":0,"cards_obtained":["Pain"]},{"cards_removed":["Pain"],"damage_healed":0,"gold_gain":0,"player_choice":"Gave Gold","damage_taken":0,"max_hp_gain":0,"max_hp_loss":0,"event_name":"Beggar","floor":19,"gold_loss":75}],"is_beta":false,"boss_relics":[{"not_picked":["Velvet Choker","Coffee Dripper"],"picked":"Black Blood"}],"items_purged_floors":[2],"is_endless":false,"potions_floor_spawned":[3,8,16],"killed_by":"Slavers","ascension_level":6}