{"gold_per_floor":[118,138,63,63,77,106,124,145,172,347,347,10,10,10,10,84,84,84,84,84,84,84,84,84],"floor_reached":24,"playtime":546,"items_purged":["Strike_R","Doubt"],"score":323,"play_id":"3204cbcd-e150-4d15-bcbe-32969fde747a","local_time":"20190504121442","is_ascension_mode":true,"campfire_choices":[{"data":"Flex","floor":11.0,"key":"SMITH"},{"data":"Seeing Red","floor":15.0,"key":"SMITH"},{"data":"Bash","floor":23.0,"key":"SMITH"}],"neow_cost":"NONE","seed_source_timestamp":0,"circlet_count":0,"master_deck":["AscendersBane","Strike_R","Strike_R","Strike_R","Strike_R","Defend_R+1","Defend_R","Defend_R+1","Defend_R","Bash+1","Whirlwind+1","Flex+1","Seeing Red+1"],"special_seed":0,"relics":["Burning Blood","NeowsBlessing","War Paint","Odd Mushroom","Strawberry","Brimstone","Ectoplasm"],"potions_floor_usage":[24],"damage_taken":[{"damage":0.0,"enemies":"Jaw Worm","floor":1.0,"turns":1.0},{"damage":0.0,"enemies":"Cultist","floor":2.0,"turns":1.0},{"damage":0.0,"enemies":"Small Slimes","floor":5.0,"turns":1.0},{"damage":20.0,"enemies":"3 Sentries","floor":6.0,"turns":3.0},{"damage":12.0,"enemies":"Looter","floor":7.0,"turns":4.0},{"damage":8.0,"enemies":"The Mushroom Lair","floor":8.0,"turns":3.0},{"damage":55.0,"enemies":"Hexaghost","floor":16.0,"turns":7.0},{"damage":0.0,"enemies":"3 Byrds","floor":18.0,"turns":3.0},{"damage":0.0,"enemies":"Spheric Guardian","floor":19.0,"turns":2.0},{"damage":11.0,"enemies":"Centurion and Healer","floor":21.0,"turns":3.0},{"damage":14.0,"enemies":"Cultist and Chosen","floor":22.0,"turns":3.0},{"damage":74,"enemies":"Slavers","floor":24,"turns":3}],"seed_played":"-8913675168769588941","potions_obtained":[{"floor":1.0,"key":"Dexterity Potion"},{"floor":5.0,"key":"Fruit Juice"},{"floor":7.0,"key":"LiquidBronze"},{"floor":19.0,"key":"Weak Potion"}],"is_trial":false,"path_per_floor":["M","M","$","?","M","E","M","?","T","?","R","$","?","$","R","B",null,"M","M","$","M","M","R","E"],"character_chosen":"IRONCLAD","items_purchased":["Brimstone","Seeing Red"],"campfire_rested":0,"item_purchase_floors":[12,12],"current_hp_per_floor":[78,80,80,80,85,71,65,63,70,70,70,70,70,70,70,21,74,80,86,86,81,73,73,0],"gold":84,"neow_bonus":"THREE_ENEMY_KILL","is_prod":false,"is_daily":false,"chose_seed":false,"campfire_upgraded":3,"win_rate":0,"timestamp":1556997282,"path_taken":["M","M","$","?","?","E","M","?","T","?","R","$","?","?","R","BOSS","M","?","$","M","M","R","E"],"build_version":"2019-01-23","purchased_purges":2,"victory":false,"max_hp_per_floor":[80,80,80,80,85,85,85,85,92,92,92,92,92,92,92,92,92,92,92,92,92,92,92,92],"card_choices":[{"not_picked":["Spot Weakness","Power Through"],"picked":"Whirlwind","floor":1.0},{"not_picked":["Wild Strike","Dual Wield","Uppercut"],"picked":"SKIP","floor":2.0},{"not_picked":["True Grit","Wild Strike","Perfected Strike"],"picked":"SKIP","floor":5.0},{"not_picked":["Pommel Strike","Carnage","Power Through"],"picked":"SKIP","floor":6.0},{"not_picked":["Corruption","Perfected Strike"],"picked":"Flex","floor":7.0},{"not_picked":["Intimidate+1","Shockwave","Seeing Red"],"picked":"SKIP","floor":18.0},{"not_picked":["Armaments","Shrug It Off","Cleave"],"picked":"SKIP","floor":19.0},{"not_picked":["Perfected Strike","Dropkick","Anger"],"picked":"SKIP","floor":21.0},{"not_picked":["Pommel Strike","Reckless Charge","Sever Soul"],"picked":"SKIP","floor":22.0}],"player_experience":363770,"relics_obtained":[{"floor":6.0,"key":"War Paint"},{"floor":8.0,"key":"Odd Mushroom"},{"floor":9.0,"key":"Strawberry"}],"event_choices":[{"damage_healed":0.0,"max_hp_gain":0.0,"max_hp_loss":0.0,"gold_gain":0.0,"event_name":"Accursed Blacksmith","player_choice":"Forge","floor":4.0,"gold_loss":0.0,"damage_taken":0.0,"cards_upgraded":["Whirlwind"]},{"damage_healed":0.0,"max_hp_gain":0.0,"max_hp_loss":0.0,"gold_gain":0.0,"event_name":"Mushrooms","player_choice":"Fought Mushrooms","floor":8.0,"gold_loss":0.0,"damage_taken":0.0},{"damage_healed":0.0,"max_hp_gain":0.0,"max_hp_loss":0.0,"gold_gain":175.0,"event_name":"Liars Game","player_choice":"AGREE","floor":10.0,"gold_loss":0.0,"damage_taken":0.0,"cards_obtained":["Doubt"]},{"damage_healed":0.0,"max_hp_gain":0.0,"max_hp_loss":0.0,"gold_gain":0.0,"event_name":"The Cleric","player_choice":"Leave","floor":13.0,"gold_loss":0.0,"damage_taken":0.0}],"is_beta":false,"boss_relics":[{"not_picked":["Snecko Eye","Mark of Pain"],"picked":"Ectoplasm"}],"items_purged_floors":[3,12],"is_endless":false,"potions_floor_spawned":[1,5,7,19],"killed_by":"Slavers","ascension_level":13}