{"gold_per_floor":[109,109,120,131,150,176,176,176,176,176,187,187,200,200],"floor_reached":14,"playtime":421,"items_purged":[],"score":92,"play_id":"e0e53de5-0bae-4065-bcad-6edcd1647903","local_time":"20190217222053","is_ascension_mode":false,"campfire_choices":[{"data":"Lockon","floor":7,"key":"SMITH"}],"neow_cost":"NONE","seed_source_timestamp":3208921332800,"circlet_count":0,"master_deck":["Strike_B","Strike_B","Strike_B","Defend_B","Defend_B","Defend_B","Defend_B","Zap+1","Dualcast","Beam Cell","Gash","Lockon+1","Lockon","Ball Lightning","Storm+1"],"relics":["Cracked Core","Happy Flower","Frozen Egg 2","Prayer Wheel"],"potions_floor_usage":[13],"damage_taken":[{"damage":1,"enemies":"Cultist","floor":1,"turns":3},{"damage":3,"enemies":"Jaw Worm","floor":3,"turns":3},{"damage":5,"enemies":"Small Slimes","floor":4,"turns":2},{"damage":10,"enemies":"Gremlin Gang","floor":5,"turns":4},{"damage":36,"enemies":"Lagavulin","floor":6,"turns":6},{"damage":8,"enemies":"2 Fungi Beasts","floor":11,"turns":3},{"damage":5,"enemies":"Exordium Wildlife","floor":13,"turns":3},{"damage":8,"enemies":"Gremlin Gang","floor":14,"turns":2}],"seed_played":"5595552035492056953","potions_obtained":[{"floor":4,"key":"EssenceOfSteel"},{"floor":6,"key":"Ancient Potion"},{"floor":11,"key":"Swift Potion"},{"floor":13,"key":"Weak Potion"}],"is_trial":false,"path_per_floor":["M","$","M","M","M","E","R","$","T","?","M","?","M","M"],"character_chosen":"DEFECT","items_purchased":[],"campfire_rested":0,"item_purchase_floors":[],"current_hp_per_floor":[74,74,71,66,56,20,20,20,20,17,9,9,4,0],"gold":200,"neow_bonus":"UPGRADE_CARD","is_prod":false,"is_daily":false,"chose_seed":false,"campfire_upgraded":1,"win_rate":0.0,"timestamp":1550470853,"path_taken":["M","$","M","?","M","E","R","$","T","?","M","?","?","M"],"build_version":"2019-01-23","purchased_purges":0,"victory":false,"max_hp_per_floor":[75,75,75,75,75,75,75,75,75,75,75,75,75,75],"card_choices":[{"not_picked":["Conserve Battery","Cold Snap"],"picked":"Beam Cell","floor":1},{"not_picked":["Force Field","Blizzard","Auto Shields"],"picked":"SKIP","floor":3},{"not_picked":["Cold Snap","Double Energy","Leap"],"picked":"SKIP","floor":4},{"not_picked":["Turbo","Cold Snap"],"picked":"Gash","floor":5},{"not_picked":["Ball Lightning","Fusion"],"picked":"Lockon","floor":6},{"not_picked":["Rip and Tear","Beam Cell"],"picked":"Lockon","floor":11},{"not_picked":["Storm+1","Cold Snap","Tempest"],"picked":"SKIP","floor":11},{"not_picked":["Go for the Eyes","Leap"],"picked":"Ball Lightning","floor":13},{"not_picked":["Sunder","Reboot"],"picked":"Storm+1","floor":13}],"player_experience":189552,"relics_obtained":[{"floor":6,"key":"Happy Flower"},{"floor":9,"key":"Frozen Egg 2"}],"event_choices":[{"damage_healed":0,"gold_gain":0,"player_choice":"Success","damage_taken":3,"relics_obtained":["Prayer Wheel"],"max_hp_gain":0,"max_hp_loss":0,"event_name":"Scrap Ooze","floor":10,"gold_loss":0},{"cards_removed":["Strike_B"],"damage_healed":0,"gold_gain":0,"player_choice":"Purged","damage_taken":0,"max_hp_gain":0,"max_hp_loss":0,"event_name":"Purifier","floor":12,"gold_loss":0}],"is_beta":false,"boss_relics":[],"items_purged_floors":[],"is_endless":false,"potions_floor_spawned":[4,6,11,13],"killed_by":"Gremlin Gang","ascension_level":0}