{"gold_per_floor":[112,132,143,74,89,89,119,84,161,336,365,106,116,49,49,144,144,158,158,170,190,42,42,76,76,76,90,123,149,14,14,14,116,116,127,127,140,155,155,155,40,40,40,51,51,51,51,71,71,71],"floor_reached":51,"playtime":3219,"items_purged":["Doubt"],"score":913,"play_id":"ce2edbc1-4da0-4df8-8e9b-6d635de66102","local_time":"20181116190414","is_ascension_mode":true,"campfire_choices":[{"data":"Whirlwind","floor":6,"key":"SMITH"},{"data":"Bash","floor":15,"key":"SMITH"},{"floor":23,"key":"REST"},{"data":"Barricade","floor":25,"key":"SMITH"},{"floor":32,"key":"REST"},{"floor":40,"key":"REST"},{"data":"Rage","floor":42,"key":"SMITH"},{"floor":45,"key":"REST"},{"data":"Armaments","floor":47,"key":"SMITH"},{"data":"Inflame","floor":49,"key":"SMITH"}],"neow_cost":"NONE","seed_source_timestamp":244529432517304,"circlet_count":0,"master_deck":["Strike_R","Strike_R","Strike_R","Strike_R","Strike_R","Defend_R","Defend_R","Defend_R","Defend_R","Bash+1","Whirlwind+1","Rage+1","Armaments+1","Inflame","Metallicize","Inflame+1","Intimidate","Shrug It Off","Flex","Dramatic Entrance","Headbutt","Body Slam","Barricade+1","Battle Trance","Thunderclap","Cleave","Fire Breathing+1","Heavy Blade+1","Fire Breathing+1","Rage+1","Trip","Body Slam+1","Flex","Blind"],"relics":["Burning Blood","Du-Vu Doll","Mercury Hourglass","Orichalcum","Velvet Choker","FaceOfCleric","Anchor","Paper Frog","Gremlin Horn","MawBank","Regal Pillow","Lizard Tail","Pear"],"potions_floor_usage":[11,13,16,18,24,27,33,50,50],"damage_taken":[{"damage":7,"enemies":"Jaw Worm","floor":1,"turns":3},{"damage":11,"enemies":"2 Louse","floor":2,"turns":2},{"damage":1,"enemies":"Cultist","floor":3,"turns":3},{"damage":18,"enemies":"Red Slaver","floor":5,"turns":5},{"damage":13,"enemies":"3 Sentries","floor":7,"turns":5},{"damage":17,"enemies":"Lagavulin","floor":11,"turns":7},{"damage":0,"enemies":"Blue Slaver","floor":13,"turns":3},{"damage":19,"enemies":"Slime Boss","floor":16,"turns":7},{"damage":25,"enemies":"3 Byrds","floor":18,"turns":4},{"damage":14,"enemies":"Spheric Guardian","floor":20,"turns":5},{"damage":5,"enemies":"Snecko","floor":21,"turns":3},{"damage":0,"enemies":"Gremlin Leader","floor":24,"turns":6},{"damage":7,"enemies":"3 Cultists","floor":27,"turns":3},{"damage":55,"enemies":"Slavers","floor":28,"turns":5},{"damage":18,"enemies":"Centurion and Healer","floor":29,"turns":6},{"damage":47,"enemies":"Automaton","floor":33,"turns":11},{"damage":22,"enemies":"Orb Walker","floor":35,"turns":4},{"damage":5,"enemies":"3 Shapes","floor":37,"turns":5},{"damage":41,"enemies":"3 Darklings","floor":38,"turns":5},{"damage":36,"enemies":"Maw","floor":44,"turns":8},{"damage":8,"enemies":"4 Shapes","floor":48,"turns":6},{"damage":102,"enemies":"Donu and Deca","floor":50,"turns":8}],"seed_played":"-461477122731996406","potions_obtained":[{"floor":5,"key":"Poison Potion"},{"floor":11,"key":"Fruit Juice"},{"floor":13,"key":"Explosive Potion"},{"floor":16,"key":"LiquidBronze"},{"floor":21,"key":"Explosive Potion"},{"floor":24,"key":"Energy Potion"},{"floor":29,"key":"SkillPotion"},{"floor":38,"key":"Weak Potion"},{"floor":44,"key":"FearPotion"}],"is_trial":false,"path_per_floor":["M","M","M","$","M","R","E","?","T","?","E","$","M","$","R","B",null,"M","?","M","M","$","R","E","R","T","M","E","M","$","?","R","B",null,"M","?","M","M","?","R","$","R","T","M","R","?","R","M","R","B",null],"character_chosen":"IRONCLAD","items_purchased":["Inflame","Shrug It Off","Flex","Dramatic Entrance","Headbutt","Body Slam","Anchor","Regal Pillow","Flex","Blind"],"campfire_rested":4,"item_purchase_floors":[4,12,12,12,14,14,22,30,41,41],"current_hp_per_floor":[87,82,87,87,75,75,68,88,88,88,77,77,88,88,88,75,89,70,70,63,65,65,93,96,96,96,96,48,37,37,17,63,23,85,70,70,72,38,38,85,85,85,95,66,116,116,116,115,115,20],"gold":71,"neow_bonus":"TEN_PERCENT_HP_BONUS","is_prod":false,"is_daily":false,"chose_seed":false,"campfire_upgraded":6,"win_rate":0,"timestamp":1542395054,"path_taken":["M","M","M","$","M","R","E","?","T","?","E","?","M","$","R","BOSS","M","?","?","M","?","R","E","R","T","M","E","M","$","?","R","BOSS","M","?","M","M","?","R","$","R","T","M","R","?","R","M","R","BOSS"],"build_version":"2018-11-08","purchased_purges":1,"victory":true,"max_hp_per_floor":[88,88,88,88,88,88,88,88,88,88,88,88,93,93,93,93,93,93,93,94,95,95,95,96,96,96,97,98,99,99,104,104,105,105,106,106,107,108,108,108,108,108,118,119,119,119,119,120,120,121],"card_choices":[{"not_picked":["Clothesline","Body Slam"],"picked":"Whirlwind","floor":1},{"not_picked":["Sword Boomerang","Heavy Blade"],"picked":"Rage","floor":2},{"not_picked":["Cleave","Entrench"],"picked":"Armaments","floor":3},{"not_picked":["Fire Breathing","Inflame"],"picked":"Metallicize","floor":5},{"not_picked":["Offering","Blood for Blood"],"picked":"Inflame","floor":7},{"not_picked":["Infernal Blade","Uppercut"],"picked":"Intimidate","floor":11},{"not_picked":["Armaments","Twin Strike","Pummel"],"picked":"SKIP","floor":13},{"not_picked":["Limit Break","Offering"],"picked":"Barricade","floor":16},{"not_picked":["Reckless Charge+1","True Grit"],"picked":"Battle Trance","floor":18},{"not_picked":["Sentinel","Clothesline"],"picked":"Thunderclap","floor":20},{"not_picked":["Clothesline","Corruption","Havoc"],"picked":"SKIP","floor":21},{"not_picked":["Perfected Strike","Blood for Blood"],"picked":"Cleave","floor":24},{"not_picked":["Twin Strike","Clash"],"picked":"Fire Breathing+1","floor":27},{"not_picked":["True Grit+1","Twin Strike+1"],"picked":"Heavy Blade","floor":28},{"not_picked":["Flex+1","Thunderclap"],"picked":"Fire Breathing+1","floor":29},{"not_picked":["Wild Strike","Heavy Blade"],"picked":"Rage+1","floor":35},{"not_picked":["Discovery","Secret Technique"],"picked":"Trip","floor":36},{"not_picked":["Perfected Strike","Twin Strike","Cleave+1"],"picked":"SKIP","floor":37},{"not_picked":["Anger+1","Armaments"],"picked":"Body Slam+1","floor":38},{"not_picked":["Headbutt","Berserk","Sword Boomerang+1"],"picked":"SKIP","floor":44},{"not_picked":["Reckless Charge+1","Havoc","Thunderclap"],"picked":"SKIP","floor":48}],"player_experience":839975,"relics_obtained":[{"floor":7,"key":"Du-Vu Doll"},{"floor":9,"key":"Mercury Hourglass"},{"floor":11,"key":"Orichalcum"},{"floor":24,"key":"Paper Frog"},{"floor":26,"key":"Gremlin Horn"},{"floor":28,"key":"MawBank"},{"floor":43,"key":"Pear"}],"event_choices":[{"damage_healed":22,"gold_gain":0,"player_choice":"Healed","damage_taken":0,"max_hp_gain":0,"max_hp_loss":0,"event_name":"The Cleric","floor":8,"gold_loss":35},{"damage_healed":0,"gold_gain":175,"player_choice":"AGREE","damage_taken":0,"max_hp_gain":0,"max_hp_loss":0,"event_name":"Liars Game","floor":10,"gold_loss":0,"cards_obtained":["Doubt"]},{"damage_healed":0,"gold_gain":0,"player_choice":"Trade","damage_taken":0,"relics_obtained":["FaceOfCleric"],"max_hp_gain":0,"max_hp_loss":0,"event_name":"FaceTrader","floor":19,"gold_loss":0},{"damage_healed":0,"gold_gain":0,"player_choice":"Shed Blood","damage_taken":25,"max_hp_gain":5,"max_hp_loss":0,"event_name":"Forgotten Altar","floor":31,"gold_loss":0},{"damage_healed":0,"gold_gain":0,"player_choice":"Memory 1","damage_taken":0,"max_hp_gain":0,"max_hp_loss":0,"event_name":"SensoryStone","floor":36,"gold_loss":0},{"damage_healed":0,"gold_gain":0,"player_choice":"Ignored","damage_taken":0,"max_hp_gain":0,"max_hp_loss":0,"event_name":"Mysterious Sphere","floor":39,"gold_loss":0},{"damage_healed":0,"gold_gain":0,"player_choice":"Forge","damage_taken":0,"max_hp_gain":0,"max_hp_loss":0,"event_name":"Accursed Blacksmith","floor":46,"gold_loss":0,"cards_upgraded":["Heavy Blade"]}],"is_beta":false,"boss_relics":[{"not_picked":["Philosopher\u0027s Stone","Runic Cube"],"picked":"Velvet Choker"},{"not_picked":["Snecko Eye","Coffee Dripper"],"picked":"Lizard Tail"}],"items_purged_floors":[12],"is_endless":false,"potions_floor_spawned":[5,11,13,16,21,24,29,38,44],"ascension_level":5}