{"gold_per_floor":[116,130,140,154,55,71,71,71,71,87,187,187,199,211,211,211],"floor_reached":16,"playtime":40047,"items_purged":["Strike_G"],"score":106,"play_id":"2ce70a00-64ea-4e06-b7c5-65c05b0d6019","local_time":"20180724184827","is_ascension_mode":true,"campfire_choices":[{"floor":12,"key":"REST"},{"data":"Mind Blast","floor":15,"key":"SMITH"}],"neow_cost":"","seed_source_timestamp":1130478928238094,"circlet_count":0,"master_deck":["Defend_G","Defend_G","Defend_G","Defend_G","Defend_G","Strike_G","Strike_G","Strike_G","Strike_G","Survivor","Neutralize","Deadly Poison","Skewer","Acrobatics","Sucker Punch","Dodge and Roll","Corpse Explosion","Mind Blast+1","Bane","Acrobatics"],"relics":["Ring of the Snake","Happy Flower","Bag of Marbles"],"potions_floor_usage":[14,16],"damage_taken":[{"damage":1,"enemies":"Jaw Worm","floor":1,"turns":3},{"damage":2,"enemies":"Cultist","floor":2,"turns":4},{"damage":0,"enemies":"Small Slimes","floor":3,"turns":4},{"damage":6,"enemies":"Looter","floor":4,"turns":4},{"damage":0,"enemies":"Large Slime","floor":6,"turns":7},{"damage":0,"enemies":"3 Louse","floor":10,"turns":3},{"damage":0,"enemies":"Red Slaver","floor":13,"turns":4},{"damage":13,"enemies":"Exordium Wildlife","floor":14,"turns":5},{"damage":57,"enemies":"Slime Boss","floor":16,"turns":8}],"seed_played":"-1384777274882197179","potions_obtained":[{"floor":4,"key":"Weak Potion"},{"floor":13,"key":"Block Potion"}],"is_trial":false,"path_per_floor":["M","M","M","M","$","M","?","?","T","M","?","R","M","M","R"],"character_chosen":"THE_SILENT","items_purchased":["Dodge and Roll"],"campfire_rested":1,"item_purchase_floors":[5],"current_hp_per_floor":[69,67,67,61,61,61,61,54,54,54,54,70,70,57,57,0],"gold":211,"neow_bonus":"","is_prod":false,"is_daily":false,"chose_seed":false,"campfire_upgraded":1,"win_rate":0,"timestamp":1532454507,"path_taken":["M","M","M","M","$","M","?","?","T","M","?","R","M","?","R","BOSS"],"build_version":"2018-07-19v2","purchased_purges":1,"victory":false,"max_hp_per_floor":[70,70,70,70,70,70,70,70,70,70,70,70,70,70,70,70],"card_choices":[{"not_picked":["Acrobatics","PiercingWail"],"picked":"Deadly Poison","floor":1},{"not_picked":["Flechettes","Acrobatics"],"picked":"Skewer","floor":2},{"not_picked":["Dagger Spray","PiercingWail"],"picked":"Acrobatics","floor":3},{"not_picked":["Expertise","Predator"],"picked":"Sucker Punch","floor":4},{"not_picked":["Eviscerate","Caltrops"],"picked":"Corpse Explosion","floor":6},{"not_picked":["Choke","Infinite Blades"],"picked":"Bane","floor":10},{"not_picked":["Sucker Punch","Blade Dance","Underhanded Strike"],"picked":"SKIP","floor":13},{"not_picked":["Sucker Punch","Blade Dance","Underhanded Strike"],"picked":"SKIP","floor":13},{"not_picked":["Dodge and Roll","Backflip"],"picked":"Acrobatics","floor":14}],"player_experience":456351,"relics_obtained":[{"floor":9,"key":"Bag of Marbles"}],"event_choices":[{"event_name":"Match and Keep!","player_choice":"1 cards matched","floor":7,"damage_taken":0},{"event_name":"Scrap Ooze","player_choice":"success","floor":8,"damage_taken":7},{"event_name":"Golden Shrine","player_choice":"Pray","floor":11,"damage_taken":0}],"is_beta":false,"boss_relics":[],"items_purged_floors":[5],"is_endless":false,"potions_floor_spawned":[4,13],"killed_by":"Slime Boss","ascension_level":2}