{"gold_per_floor":[110,110,28,4,15,43,43,58,85,3,35,54,19,49,49,146,146,163,12,24,24,24,24,38,4,4,17,0,17,17,36,36,133,133,146,246,246,246,261,261,278,311,311,311,328,354,354,373,373,373],"floor_reached":51,"playtime":2292,"items_purged":[],"score":1079,"play_id":"aa4f4906-58f8-4a28-859c-242fe084d92e","local_time":"20190702221621","is_ascension_mode":true,"campfire_choices":[{"floor":7,"key":"REST"},{"floor":15,"key":"REST"},{"floor":23,"key":"REST"},{"floor":32,"key":"REST"},{"floor":40,"key":"REST"},{"floor":44,"key":"REST"},{"floor":47,"key":"REST"},{"floor":49,"key":"REST"}],"neow_cost":"NONE","seed_source_timestamp":188961740291694,"circlet_count":0,"master_deck":["Strike_G","Strike_G","Strike_G","Strike_G","Strike_G","Defend_G","Defend_G","Defend_G","Defend_G","Defend_G","Survivor","Neutralize","Malaise","Bane","Footwork","Quick Slash","Noxious Fumes","Dagger Spray","Leg Sweep","Bandage Up","Bullet Time","Poisoned Stab","Die Die Die","Adrenaline","Sucker Punch+1","Infinite Blades+1","Caltrops+1","Leg Sweep+1","Crippling Poison","Leg Sweep+1","Die Die Die","Poisoned Stab","Escape Plan","Dash+1","Noxious Fumes+1"],"relics":["Ring of the Snake","Happy Flower","Bronze Scales","Lantern","Boot","Fusion Hammer","PreservedInsect","Frozen Egg 2","Darkstone Periapt","Bottled Lightning","Busted Crown","Incense Burner","Mercury Hourglass","Bottled Flame","Pear"],"potions_floor_usage":[6,14,33,36,46,50,50],"damage_taken":[{"damage":8,"enemies":"Jaw Worm","floor":1,"turns":7},{"damage":1,"enemies":"2 Louse","floor":5,"turns":4},{"damage":17,"enemies":"3 Sentries","floor":6,"turns":9},{"damage":2,"enemies":"Cultist","floor":8,"turns":4},{"damage":31,"enemies":"Gremlin Nob","floor":11,"turns":5},{"damage":20,"enemies":"Large Slime","floor":12,"turns":7},{"damage":6,"enemies":"3 Sentries","floor":14,"turns":6},{"damage":6,"enemies":"Hexaghost","floor":16,"turns":9},{"damage":14,"enemies":"Shell Parasite","floor":18,"turns":5},{"damage":13,"enemies":"2 Thieves","floor":20,"turns":4},{"damage":15,"enemies":"3 Cultists","floor":24,"turns":4},{"damage":3,"enemies":"Snake Plant","floor":27,"turns":4},{"damage":11,"enemies":"Sentry and Sphere","floor":29,"turns":5},{"damage":24,"enemies":"Snecko","floor":31,"turns":5},{"damage":42,"enemies":"Automaton","floor":33,"turns":12},{"damage":9,"enemies":"3 Darklings","floor":35,"turns":6},{"damage":9,"enemies":"Mind Bloom Boss Battle","floor":36,"turns":6},{"damage":0,"enemies":"Orb Walker","floor":39,"turns":4},{"damage":13,"enemies":"Jaw Worm Horde","floor":41,"turns":3},{"damage":32,"enemies":"Nemesis","floor":42,"turns":5},{"damage":12,"enemies":"3 Darklings","floor":45,"turns":4},{"damage":8,"enemies":"Giant Head","floor":46,"turns":7},{"damage":17,"enemies":"Spire Growth","floor":48,"turns":6},{"damage":93,"enemies":"Awakened One","floor":50,"turns":14}],"seed_played":"-520857588081650729","potions_obtained":[{"floor":1,"key":"SkillPotion"},{"floor":11,"key":"PowerPotion"},{"floor":20,"key":"GhostInAJar"},{"floor":24,"key":"Fire Potion"},{"floor":29,"key":"Weak Potion"},{"floor":33,"key":"GhostInAJar"},{"floor":36,"key":"GamblersBrew"},{"floor":39,"key":"Regen Potion"}],"is_trial":false,"path_per_floor":["M","?","$","?","M","E","R","M","T","$","E","M","?","E","R","B",null,"M","$","M","?","T","R","M","$","T","M","?","M","$","M","R","B",null,"M","?","?","?","M","R","M","E","T","R","M","E","R","M","R","B",null],"character_chosen":"THE_SILENT","items_purchased":["Footwork","Quick Slash","Bandage Up","PreservedInsect","Caltrops+1"],"campfire_rested":8,"item_purchase_floors":[3,3,10,19,25],"current_hp_per_floor":[55,55,55,55,54,37,58,56,56,56,25,9,26,24,45,43,63,53,53,44,44,44,65,54,54,54,55,55,48,48,28,49,11,55,50,45,45,45,49,70,61,33,33,54,46,52,76,63,80,6],"gold":373,"neow_bonus":"ONE_RANDOM_RARE_CARD","is_prod":false,"is_daily":false,"chose_seed":false,"campfire_upgraded":0,"win_rate":0,"timestamp":1562120181,"path_taken":["M","?","?","?","M","E","R","?","T","$","E","?","?","E","R","BOSS","M","$","M","?","?","R","M","$","T","M","?","M","?","?","R","BOSS","M","?","?","?","?","R","M","E","T","R","M","E","R","M","R","BOSS"],"build_version":"2019-07-01","purchased_purges":0,"victory":true,"max_hp_per_floor":[70,70,70,70,70,70,70,70,70,70,70,70,70,70,70,70,70,70,70,70,70,70,70,70,70,70,70,70,70,70,70,70,70,70,70,70,70,70,70,70,70,70,70,70,70,80,80,80,80,80],"card_choices":[{"not_picked":["Quick Slash","Footwork"],"picked":"Bane","floor":1},{"not_picked":["Deadly Poison","Underhanded Strike"],"picked":"Noxious Fumes","floor":5},{"not_picked":["Blade Dance","Underhanded Strike"],"picked":"Dagger Spray","floor":6},{"not_picked":["Skewer","Backflip"],"picked":"Leg Sweep","floor":8},{"not_picked":["Finisher","Sucker Punch"],"picked":"Bullet Time","floor":11},{"not_picked":["Concentrate","Riddle With Holes"],"picked":"Poisoned Stab","floor":12},{"not_picked":["Escape Plan","After Image"],"picked":"Die Die Die","floor":14},{"not_picked":["Unload","Doppelganger"],"picked":"Adrenaline","floor":16},{"not_picked":["Well Laid Plans","Endless Agony"],"picked":"Sucker Punch+1","floor":18},{"not_picked":["Tactician","Dagger Throw","Endless Agony"],"picked":"SKIP","floor":20},{"not_picked":["Endless Agony","Underhanded Strike"],"picked":"Infinite Blades+1","floor":24},{"not_picked":["Deflect","Underhanded Strike"],"picked":"Leg Sweep+1","floor":27},{"not_picked":["Sucker Punch+1","Dash+1"],"picked":"Crippling Poison","floor":29},{"not_picked":["PiercingWail+1","Concentrate+1"],"picked":"Leg Sweep+1","floor":31},{"not_picked":["After Image+1","Tools of the Trade+1"],"picked":"Die Die Die","floor":33},{"not_picked":[],"picked":"Poisoned Stab","floor":35},{"not_picked":[],"picked":"Escape Plan","floor":36},{"not_picked":[],"picked":"Dash+1","floor":39},{"not_picked":["Calculated Gamble+1"],"picked":"SKIP","floor":41},{"not_picked":["Terror+1"],"picked":"SKIP","floor":42},{"not_picked":[],"picked":"Noxious Fumes+1","floor":45},{"not_picked":["Deflect+1"],"picked":"SKIP","floor":46},{"not_picked":["Flying Knee"],"picked":"SKIP","floor":48}],"player_experience":520398,"relics_obtained":[{"floor":6,"key":"Happy Flower"},{"floor":9,"key":"Bronze Scales"},{"floor":11,"key":"Lantern"},{"floor":14,"key":"Boot"},{"floor":22,"key":"Darkstone Periapt"},{"floor":26,"key":"Bottled Lightning"},{"floor":36,"key":"Incense Burner"},{"floor":42,"key":"Mercury Hourglass"},{"floor":43,"key":"Bottled Flame"},{"floor":46,"key":"Pear"}],"event_choices":[{"damage_healed":0,"gold_gain":0,"player_choice":"Ignored","damage_taken":0,"max_hp_gain":0,"max_hp_loss":0,"event_name":"Golden Wing","floor":2,"gold_loss":0},{"damage_healed":0,"gold_gain":0,"player_choice":"Left Gold","damage_taken":0,"max_hp_gain":0,"max_hp_loss":0,"event_name":"World of Goop","floor":4,"gold_loss":24},{"damage_healed":17,"gold_gain":0,"player_choice":"Healed","damage_taken":0,"max_hp_gain":0,"max_hp_loss":0,"event_name":"The Cleric","floor":13,"gold_loss":35},{"damage_healed":0,"gold_gain":0,"player_choice":"Opened","damage_taken":0,"relics_obtained":["Frozen Egg 2"],"max_hp_gain":0,"max_hp_loss":0,"event_name":"The Mausoleum","floor":21,"gold_loss":0},{"damage_healed":0,"gold_gain":0,"player_choice":"Paid Fearfully","damage_taken":0,"max_hp_gain":0,"max_hp_loss":0,"event_name":"Masked Bandits","floor":28,"gold_loss":17},{"damage_healed":0,"gold_gain":0,"player_choice":"Fight","damage_taken":0,"max_hp_gain":0,"max_hp_loss":0,"event_name":"MindBloom","floor":36,"gold_loss":0},{"damage_healed":0,"gold_gain":0,"player_choice":"Memory 1","damage_taken":0,"max_hp_gain":0,"max_hp_loss":0,"event_name":"SensoryStone","floor":37,"gold_loss":0},{"damage_healed":0,"gold_gain":0,"player_choice":"Ignored","damage_taken":0,"max_hp_gain":0,"max_hp_loss":0,"event_name":"SecretPortal","floor":38,"gold_loss":0}],"is_beta":false,"boss_relics":[{"not_picked":["Tiny House","Philosopher\u0027s Stone"],"picked":"Fusion Hammer"},{"not_picked":["Runic Pyramid","Lizard Tail"],"picked":"Busted Crown"}],"items_purged_floors":[],"is_endless":false,"potions_floor_spawned":[1,11,20,24,29,33,36,39,41,42,45],"ascension_level":9}