{"gold_per_floor":[118,118,118,135,135,167,167,192,192,209,242,47,72,72,72,169,169,187,187,187,187,200,200,213,213,287,314,328,328,354,371,371,469,469,481,333,351,351,81,81,111,111,135,147,161,161,161,180,180,180],"floor_reached":51,"playtime":4290,"items_purged":[],"score":941,"play_id":"f955982a-80d4-48f2-9c62-bb931cda00d6","local_time":"20190205201235","is_ascension_mode":false,"campfire_choices":[{"data":"Noxious Fumes","floor":7.0,"key":"SMITH"},{"floor":15.0,"key":"REST"},{"data":"After Image","floor":23.0,"key":"SMITH"},{"data":"Mayhem","floor":25.0,"key":"SMITH"},{"data":"Blur","floor":32.0,"key":"SMITH"},{"data":"Neutralize","floor":40.0,"key":"SMITH"},{"data":"Footwork","floor":42.0,"key":"SMITH"},{"data":"Footwork","floor":47.0,"key":"SMITH"},{"floor":49.0,"key":"REST"}],"neow_cost":"NONE","seed_source_timestamp":0,"circlet_count":0,"master_deck":["Defend_G","Defend_G","Defend_G","Defend_G+1","Defend_G","Strike_G","Strike_G","Strike_G","Strike_G","Survivor+1","Neutralize+1","Footwork+1","Noxious Fumes+1","Iron Wave","Backstab","Leg Sweep","Prepared","Blur+1","Mayhem+1","Dash","After Image+1","Footwork+1","Poisoned Stab+1","A Thousand Cuts+1","Deadly Poison+1","Burst+1","Adrenaline+1","Bane","Crippling Poison+1","Leg Sweep+1","Adrenaline+1","Slice+1","PiercingWail+1","Deflect+1"],"special_seed":0,"relics":["Ring of the Snake","Blood Vial","Pear","Calipers","Matryoshka","Anchor","Kunai","Busted Crown","MutagenicStrength","Nloth\u0027s Gift","Juzu Bracelet","Question Card","Toxic Egg 2","Unceasing Top","Philosopher\u0027s Stone","Strawberry","Bag of Marbles","War Paint","Bag of Preparation","Regal Pillow"],"potions_floor_usage":[],"damage_taken":[{"damage":0.0,"enemies":"Cultist","floor":1.0,"turns":5.0},{"damage":0.0,"enemies":"Small Slimes","floor":4.0,"turns":6.0},{"damage":11.0,"enemies":"Lagavulin","floor":6.0,"turns":9.0},{"damage":20.0,"enemies":"3 Sentries","floor":8.0,"turns":9.0},{"damage":0.0,"enemies":"2 Louse","floor":10.0,"turns":3.0},{"damage":8.0,"enemies":"Gremlin Nob","floor":11.0,"turns":6.0},{"damage":4.0,"enemies":"3 Sentries","floor":13.0,"turns":9.0},{"damage":0.0,"enemies":"The Guardian","floor":16.0,"turns":12.0},{"damage":0.0,"enemies":"Chosen","floor":18.0,"turns":6.0},{"damage":0.0,"enemies":"3 Byrds","floor":22.0,"turns":7.0},{"damage":0.0,"enemies":"Sentry and Sphere","floor":24.0,"turns":7.0},{"damage":15.0,"enemies":"Slavers","floor":27.0,"turns":8.0},{"damage":0.0,"enemies":"Cultist and Chosen","floor":28.0,"turns":10.0},{"damage":18.0,"enemies":"Book of Stabbing","floor":30.0,"turns":6.0},{"damage":2.0,"enemies":"Centurion and Healer","floor":31.0,"turns":9.0},{"damage":0.0,"enemies":"Collector","floor":33.0,"turns":8.0},{"damage":25.0,"enemies":"3 Shapes","floor":35.0,"turns":3.0},{"damage":6.0,"enemies":"3 Darklings","floor":37.0,"turns":5.0},{"damage":0.0,"enemies":"Nemesis","floor":41.0,"turns":9.0},{"damage":0.0,"enemies":"4 Shapes","floor":44.0,"turns":3.0},{"damage":0.0,"enemies":"Sphere and 2 Shapes","floor":45.0,"turns":4.0},{"damage":22.0,"enemies":"Spire Growth","floor":48.0,"turns":4.0},{"damage":0,"enemies":"Awakened One","floor":50,"turns":15}],"seed_played":"2917559528421859542","potions_obtained":[{"floor":1.0,"key":"EntropicBrew"},{"floor":8.0,"key":"Strength Potion"},{"floor":10.0,"key":"PowerPotion"},{"floor":13.0,"key":"Poison Potion"},{"floor":16.0,"key":"SkillPotion"},{"floor":22.0,"key":"Strength Potion"},{"floor":27.0,"key":"EntropicBrew"},{"floor":28.0,"key":"GhostInAJar"},{"floor":30.0,"key":"Regen Potion"},{"floor":48.0,"key":"Weak Potion"}],"is_trial":false,"path_per_floor":["M","?","?","M","?","E","R","E","T","M","E","$","E","$","R","B",null,"M","?","?","?","M","R","M","R","T","E","M","?","E","M","R","B",null,"M","$","M","?","$","R","E","R","T","M","M","?","R","M","R","B",null],"character_chosen":"THE_SILENT","items_purchased":["Mayhem","Strawberry","Crippling Poison+1","Bag of Marbles","Leg Sweep+1"],"campfire_rested":2,"item_purchase_floors":[12,36,39,39,39],"current_hp_per_floor":[70,73,73,75,75,66,66,48,48,50,44,44,42,42,66,68,80,80,80,80,80,80,80,80,80,80,65,67,67,51,66,66,68,80,55,62,58,58,58,58,60,60,60,62,64,64,64,44,85,87],"gold":180,"neow_bonus":"RANDOM_COMMON_RELIC","is_prod":false,"is_daily":false,"chose_seed":false,"campfire_upgraded":7,"win_rate":0.0,"timestamp":1549426355,"path_taken":["M","?","?","M","?","E","R","E","T","?","E","$","E","?","R","BOSS","M","?","?","?","?","R","?","R","T","E","M","?","E","M","R","BOSS","M","?","M","?","$","R","E","R","T","M","M","?","R","M","R","BOSS"],"build_version":"2019-01-23","purchased_purges":0,"victory":true,"max_hp_per_floor":[70,80,80,80,80,80,80,80,80,80,80,80,80,80,80,80,80,80,80,80,80,80,80,80,80,80,80,80,80,80,80,80,80,80,80,87,87,87,87,87,87,87,87,87,87,87,87,87,87,87],"card_choices":[{"not_picked":["Calculated Gamble","Dodge and Roll"],"picked":"Footwork","floor":1.0},{"not_picked":["Underhanded Strike","Dagger Throw"],"picked":"Noxious Fumes","floor":4.0},{"not_picked":["Quick Slash","Venomology"],"picked":"Backstab","floor":6.0},{"not_picked":["Dagger Spray","Flechettes"],"picked":"Leg Sweep","floor":8.0},{"not_picked":["Underhanded Strike","Flechettes"],"picked":"Prepared","floor":10.0},{"not_picked":["Night Terror","Acrobatics"],"picked":"Blur","floor":11.0},{"not_picked":["Blur","Poisoned Stab"],"picked":"Dash","floor":13.0},{"not_picked":["Malaise","Doppelganger"],"picked":"After Image","floor":16.0},{"not_picked":[],"picked":"Footwork","floor":18.0},{"not_picked":[],"picked":"Poisoned Stab+1","floor":22.0},{"not_picked":["Caltrops"],"picked":"SKIP","floor":24.0},{"not_picked":["Calculated Gamble+1"],"picked":"A Thousand Cuts","floor":27.0},{"not_picked":["Sucker Punch+1"],"picked":"Deadly Poison+1","floor":28.0},{"not_picked":["Finisher+1"],"picked":"Burst+1","floor":30.0},{"not_picked":["Dagger Throw","Dash"],"picked":"SKIP","floor":31.0},{"not_picked":["Burst+1"],"picked":"Adrenaline+1","floor":33.0},{"not_picked":["Underhanded Strike"],"picked":"Bane","floor":35.0},{"not_picked":["Reflex+1"],"picked":"Adrenaline+1","floor":37.0},{"not_picked":["Malaise+1"],"picked":"Adrenaline+1","floor":41.0},{"not_picked":["Night Terror+1"],"picked":"Slice+1","floor":44.0},{"not_picked":["Sucker Punch"],"picked":"PiercingWail+1","floor":45.0},{"not_picked":["PiercingWail+1"],"picked":"Deflect+1","floor":48.0}],"player_experience":18336,"relics_obtained":[{"floor":6.0,"key":"WingedGreaves"},{"floor":8.0,"key":"Calipers"},{"floor":9.0,"key":"Matryoshka"},{"floor":11.0,"key":"Anchor"},{"floor":13.0,"key":"Kunai"},{"floor":26.0,"key":"Juzu Bracelet"},{"floor":26.0,"key":"Question Card"},{"floor":27.0,"key":"Toxic Egg 2"},{"floor":30.0,"key":"Unceasing Top"},{"floor":41.0,"key":"War Paint"},{"floor":43.0,"key":"Bag of Preparation"},{"floor":43.0,"key":"Regal Pillow"}],"event_choices":[{"damage_healed":0.0,"max_hp_gain":0.0,"max_hp_loss":0.0,"gold_gain":0.0,"event_name":"Scrap Ooze","player_choice":"Success","floor":2.0,"gold_loss":0.0,"damage_taken":7.0,"relics_obtained":["Pear"]},{"damage_healed":0.0,"max_hp_gain":0.0,"max_hp_loss":0.0,"gold_gain":0.0,"event_name":"The Cleric","player_choice":"Leave","floor":3.0,"gold_loss":0.0,"damage_taken":0.0},{"cards_removed":["Strike_G"],"damage_healed":0.0,"max_hp_gain":0.0,"max_hp_loss":0.0,"gold_gain":0.0,"event_name":"NoteForYourself","player_choice":"Took Card","floor":5.0,"gold_loss":0.0,"damage_taken":0.0,"cards_obtained":["Iron Wave"]},{"damage_healed":0.0,"max_hp_gain":0.0,"max_hp_loss":0.0,"gold_gain":0.0,"event_name":"Drug Dealer","player_choice":"Inject Mutagens","floor":19.0,"gold_loss":0.0,"damage_taken":0.0,"relics_obtained":["MutagenicStrength"]},{"damage_healed":0.0,"max_hp_gain":0.0,"max_hp_loss":0.0,"gold_gain":0.0,"event_name":"Ghosts","player_choice":"Ignored","floor":20.0,"gold_loss":0.0,"damage_taken":0.0},{"damage_healed":0.0,"max_hp_gain":0.0,"max_hp_loss":0.0,"gold_gain":0.0,"event_name":"N\u0027loth","player_choice":"Traded Relic","floor":21.0,"relics_lost":["WingedGreaves"],"gold_loss":0.0,"damage_taken":0.0,"relics_obtained":["Nloth\u0027s Gift"]},{"damage_healed":0.0,"max_hp_gain":0.0,"max_hp_loss":0.0,"gold_gain":0.0,"event_name":"Accursed Blacksmith","player_choice":"Forge","floor":29.0,"gold_loss":0.0,"damage_taken":0.0,"cards_upgraded":["A Thousand Cuts"]},{"damage_healed":0.0,"max_hp_gain":0.0,"max_hp_loss":0.0,"gold_gain":0.0,"event_name":"SecretPortal","player_choice":"Ignored","floor":38.0,"gold_loss":0.0,"damage_taken":0.0},{"cards_removed":["Adrenaline"],"damage_healed":0.0,"max_hp_gain":0.0,"max_hp_loss":0.0,"gold_gain":0.0,"event_name":"Falling","player_choice":"Removed Skill","floor":46.0,"gold_loss":0.0,"damage_taken":0.0}],"is_beta":false,"boss_relics":[{"not_picked":["Snecko Eye","Velvet Choker"],"picked":"Busted Crown"},{"not_picked":["Orrery","Sozu"],"picked":"Philosopher\u0027s Stone"}],"items_purged_floors":[],"is_endless":false,"potions_floor_spawned":[1,8,10,13,16,22,27,28,30,48],"ascension_level":0}