{"gold_per_floor":[119,134,146,161,176,176,202,220,220,220,232,232,262,281,281,281],"floor_reached":16,"playtime":1538,"items_purged":[],"score":168,"play_id":"ef5b2670-8bae-4025-968b-6dbd2c179ed9","local_time":"20190121220327","is_ascension_mode":true,"campfire_choices":[{"data":"Neutralize","floor":6.0,"key":"SMITH"},{"floor":10.0,"key":"REST"},{"data":"Cloak And Dagger","floor":12.0,"key":"SMITH"},{"floor":15.0,"key":"REST"}],"neow_cost":"NONE","seed_source_timestamp":770926998891934,"circlet_count":0,"master_deck":["Defend_G","Defend_G","Defend_G","Defend_G","Defend_G","Strike_G","Strike_G","Strike_G","Strike_G","Strike_G","Survivor","Neutralize+1","Cloak And Dagger+1","Quick Slash","Deadly Poison","Flying Knee","Sucker Punch","Deflect","PiercingWail","Noxious Fumes","Unload"],"special_seed":0,"relics":["Ring of the Snake","Centennial Puzzle","Gremlin Horn","Ornamental Fan","Ancient Tea Set"],"potions_floor_usage":[],"damage_taken":[{"damage":0.0,"enemies":"Small Slimes","floor":1.0,"turns":4.0},{"damage":0.0,"enemies":"2 Louse","floor":2.0,"turns":4.0},{"damage":0.0,"enemies":"Jaw Worm","floor":3.0,"turns":4.0},{"damage":1.0,"enemies":"Blue Slaver","floor":4.0,"turns":6.0},{"damage":12.0,"enemies":"Large Slime","floor":5.0,"turns":9.0},{"damage":13.0,"enemies":"Lagavulin","floor":7.0,"turns":8.0},{"damage":0.0,"enemies":"3 Louse","floor":8.0,"turns":1.0},{"damage":8.0,"enemies":"Lots of Slimes","floor":11.0,"turns":3.0},{"damage":14.0,"enemies":"3 Sentries","floor":13.0,"turns":9.0},{"damage":0.0,"enemies":"Large Slime","floor":14.0,"turns":6.0},{"damage":70,"enemies":"Slime Boss","floor":16,"turns":7}],"seed_played":"9157586885215282634","potions_obtained":[{"floor":3.0,"key":"Explosive Potion"},{"floor":5.0,"key":"GhostInAJar"},{"floor":7.0,"key":"Block Potion"},{"floor":13.0,"key":"Energy Potion"},{"floor":14.0,"key":"Ancient Potion"}],"is_trial":false,"path_per_floor":["M","M","M","M","M","R","E","M","T","R","M","R","E","M","R","B"],"character_chosen":"THE_SILENT","items_purchased":[],"campfire_rested":2,"item_purchase_floors":[],"current_hp_per_floor":[63,63,63,62,50,50,37,37,37,58,50,50,36,36,57,0],"gold":281,"neow_bonus":"RANDOM_COMMON_RELIC","is_prod":false,"is_daily":false,"chose_seed":false,"campfire_upgraded":2,"win_rate":0,"timestamp":1548108207,"path_taken":["M","M","M","M","M","R","E","M","T","R","M","R","E","M","R","BOSS"],"build_version":"2019-01-17v2","purchased_purges":0,"victory":false,"max_hp_per_floor":[70,70,70,70,70,70,70,70,70,70,70,70,70,70,70,70],"card_choices":[{"not_picked":["Underhanded Strike","Deflect"],"picked":"Cloak And Dagger","floor":1.0},{"not_picked":["Backflip","Outmaneuver"],"picked":"Quick Slash","floor":2.0},{"not_picked":["Tactician","Acrobatics"],"picked":"Deadly Poison","floor":3.0},{"not_picked":["Underhanded Strike","Acrobatics"],"picked":"Flying Knee","floor":4.0},{"not_picked":["Flying Knee","Expertise"],"picked":"Sucker Punch","floor":5.0},{"not_picked":["Acrobatics","Outmaneuver"],"picked":"Deflect","floor":7.0},{"not_picked":["Acrobatics","Deflect","Blade Dance"],"picked":"SKIP","floor":8.0},{"not_picked":["Finisher","Eviscerate"],"picked":"PiercingWail","floor":11.0},{"not_picked":["Endless Agony","Predator"],"picked":"Noxious Fumes","floor":13.0},{"not_picked":["Slice","Deflect"],"picked":"Unload","floor":14.0}],"player_experience":1070673,"relics_obtained":[{"floor":7.0,"key":"Gremlin Horn"},{"floor":9.0,"key":"Ornamental Fan"},{"floor":13.0,"key":"Ancient Tea Set"}],"event_choices":[],"is_beta":false,"boss_relics":[],"items_purged_floors":[],"is_endless":false,"potions_floor_spawned":[3,5,7,13,14],"killed_by":"Slime Boss","ascension_level":9}