{"gold_per_floor":[112,112,23,43,62,62,87,110,110,110,110,135,135],"floor_reached":13,"playtime":545,"items_purged":[],"score":104,"play_id":"97d46766-239b-49f2-b0ea-f5aa4ac5c31a","local_time":"20190305015046","is_ascension_mode":true,"campfire_choices":[{"data":"Hemokinesis","floor":6,"key":"SMITH"},{"floor":11,"key":"REST"}],"neow_cost":"NONE","seed_source_timestamp":11436193620400,"circlet_count":0,"master_deck":["Strike_R","Strike_R","Strike_R","Strike_R","Defend_R","Defend_R","Defend_R","Defend_R","Bash","Hemokinesis+1","Flash of Steel","Shrug It Off","Pommel Strike","Dropkick"],"relics":["Burning Blood","Golden Idol","Bottled Lightning"],"potions_floor_usage":[7],"damage_taken":[{"damage":15,"enemies":"Small Slimes","floor":1,"turns":4},{"damage":6,"enemies":"2 Louse","floor":4,"turns":3},{"damage":15,"enemies":"Jaw Worm","floor":5,"turns":2},{"damage":18,"enemies":"Gremlin Gang","floor":7,"turns":5},{"damage":15,"enemies":"Exordium Wildlife","floor":8,"turns":5},{"damage":15,"enemies":"Blue Slaver","floor":12,"turns":3},{"damage":22,"enemies":"Exordium Thugs","floor":13,"turns":2}],"seed_played":"-2440794817390325259","potions_obtained":[{"floor":4,"key":"Swift Potion"},{"floor":5,"key":"Block Potion"},{"floor":7,"key":"Poison Potion"}],"is_trial":false,"path_per_floor":["M","?","$","M","M","R","M","M","T","?","R","M","M"],"character_chosen":"IRONCLAD","items_purchased":["Flash of Steel"],"campfire_rested":1,"item_purchase_floors":[3],"current_hp_per_floor":[63,43,43,43,34,34,22,13,13,6,30,21,0],"gold":135,"neow_bonus":"TRANSFORM_CARD","is_prod":false,"is_daily":false,"chose_seed":false,"campfire_upgraded":1,"win_rate":0,"timestamp":1551779446,"path_taken":["M","?","$","M","M","R","M","M","T","?","R","M","M"],"build_version":"2019-01-23","purchased_purges":0,"victory":false,"max_hp_per_floor":[80,80,80,80,80,80,80,80,80,80,80,80,80],"card_choices":[{"not_picked":["Iron Wave","Reckless Charge"],"picked":"Hemokinesis","floor":1},{"not_picked":["Disarm","Ghostly Armor","Searing Blow"],"picked":"SKIP","floor":4},{"not_picked":["True Grit","Sever Soul"],"picked":"Shrug It Off","floor":5},{"not_picked":["Sword Boomerang","Twin Strike"],"picked":"Pommel Strike","floor":7},{"not_picked":["Spot Weakness","Second Wind"],"picked":"Dropkick","floor":8},{"not_picked":["Bloodletting","Entrench","Twin Strike"],"picked":"SKIP","floor":12}],"player_experience":274614,"relics_obtained":[{"floor":9,"key":"Bottled Lightning"}],"event_choices":[{"damage_healed":0,"gold_gain":0,"player_choice":"Take Damage","damage_taken":20,"relics_obtained":["Golden Idol"],"max_hp_gain":0,"max_hp_loss":0,"event_name":"Golden Idol","floor":2,"gold_loss":0},{"cards_removed":["Shockwave"],"damage_healed":0,"gold_gain":0,"player_choice":"Card Removal","damage_taken":7,"max_hp_gain":0,"max_hp_loss":0,"event_name":"Golden Wing","floor":10,"gold_loss":0}],"is_beta":false,"boss_relics":[],"items_purged_floors":[],"is_endless":false,"potions_floor_spawned":[4,5,7],"killed_by":"Exordium Thugs","ascension_level":7}