{"gold_per_floor":[111,131,81,81,81,81,81,81,81,93,93,113,38,51,51,152,152,166,176,176,187,87,87,0,15,15,34,34,47,47,47,47,144,144,161,173,220,236,236],"floor_reached":39,"playtime":3427,"items_purged":["Strike_R","Strike_R"],"score":373,"play_id":"ec89506b-5129-4829-82f6-40f4bf4270db","local_time":"20180711225535","is_ascension_mode":false,"campfire_choices":[{"data":"Armaments","floor":6.0,"key":"SMITH"},{"floor":8.0,"key":"REST"},{"data":"Bash","floor":11.0,"key":"SMITH"},{"data":"Body Slam","floor":15.0,"key":"SMITH"},{"data":"Metallicize","floor":23.0,"key":"SMITH"},{"data":"Clash","floor":28.0,"key":"SMITH"},{"floor":32.0,"key":"REST"}],"neow_cost":"NONE","seed_source_timestamp":313359147409,"circlet_count":0,"master_deck":["Strike_R+1","Strike_R+1","Defend_R+1","Defend_R+1","Defend_R+1","Defend_R+1","Bash+1","Headbutt","Armaments+1","Inflame","Body Slam+1","Metallicize+1","Clash+1","Necronomicurse","True Grit"],"special_seed":0,"relics":["Burning Blood","Anchor","Kunai","Busted Crown","CultistMask","Letter Opener","Necronomicon","Orrery","Mango"],"potions_floor_usage":[],"damage_taken":[{"damage":8.0,"enemies":"Jaw Worm","floor":1.0,"turns":3.0},{"damage":0.0,"enemies":"2 Louse","floor":2.0,"turns":3.0},{"damage":0.0,"enemies":"Cultist","floor":10.0,"turns":3.0},{"damage":0.0,"enemies":"Large Slime","floor":12.0,"turns":4.0},{"damage":0.0,"enemies":"2 Fungi Beasts","floor":14.0,"turns":4.0},{"damage":59.0,"enemies":"Hexaghost","floor":16.0,"turns":11.0},{"damage":11.0,"enemies":"Spheric Guardian","floor":18.0,"turns":4.0},{"damage":0.0,"enemies":"Chosen","floor":19.0,"turns":4.0},{"damage":10.0,"enemies":"Slaver and Parasite","floor":21.0,"turns":5.0},{"damage":0.0,"enemies":"Centurion and Healer","floor":25.0,"turns":5.0},{"damage":8.0,"enemies":"3 Cultists","floor":27.0,"turns":5.0},{"damage":5.0,"enemies":"Slaver and Parasite","floor":29.0,"turns":7.0},{"damage":61.0,"enemies":"Automaton","floor":33.0,"turns":12.0},{"damage":5,"enemies":"3 Shapes","floor":35,"turns":5},{"damage":11,"enemies":"Orb Walker","floor":36,"turns":4},{"damage":28,"floor":37,"turns":10},{"damage":28,"enemies":"Maw","floor":38,"turns":9},{"damage":57,"enemies":"4 Shapes","floor":39,"turns":3}],"seed_played":"4640963370565871196","potions_obtained":[{"floor":1.0,"key":"FearPotion"},{"floor":12.0,"key":"Fire Potion"},{"floor":16.0,"key":"Poison Potion"},{"floor":25.0,"key":"Fire Potion"},{"floor":36,"key":"FearPotion"}],"is_trial":false,"path_per_floor":["M","M","?","?","?","R","?","R","T","M","R","M","$","M","R","B",null,"M","M","?","M","$","R","?","M","T","M","R","M","?","?","R","B",null,"M","M","?","M"],"character_chosen":"IRONCLAD","items_purchased":[],"campfire_rested":2,"item_purchase_floors":[],"current_hp_per_floor":[78,80,80,73,57,57,57,80,80,80,80,80,80,80,80,27,80,75,80,80,76,76,76,76,80,80,78,78,79,79,63,80,25,80,80,75,67,45,0],"gold":236,"neow_bonus":"THREE_CARDS","is_prod":false,"is_daily":false,"chose_seed":false,"campfire_upgraded":5,"win_rate":0,"timestamp":1531346135,"path_taken":["M","M","?","?","?","R","?","R","T","?","R","?","$","M","R","BOSS","M","M","?","M","$","R","?","?","T","M","R","M","?","?","R","BOSS","M","?","?","M","M"],"build_version":"2018-07-05","purchased_purges":2,"victory":false,"max_hp_per_floor":[80,80,80,80,80,80,80,80,80,80,80,80,80,80,80,80,80,80,80,80,80,80,80,80,80,80,80,80,80,80,80,80,80,80,80,80,94,94,94],"card_choices":[{"not_picked":["Perfected Strike","Body Slam"],"picked":"Headbutt","floor":0.0},{"not_picked":["Anger","Perfected Strike"],"picked":"Armaments","floor":1.0},{"not_picked":["Headbutt","Rupture","Wild Strike"],"picked":"SKIP","floor":2.0},{"not_picked":["Dropkick","Anger"],"picked":"Inflame","floor":10.0},{"not_picked":["Reckless Charge","Blood for Blood"],"picked":"Body Slam","floor":12.0},{"not_picked":["Body Slam","Bludgeon"],"picked":"Metallicize","floor":14.0},{"not_picked":["Wild Strike"],"picked":"SKIP","floor":18.0},{"not_picked":[],"picked":"Clash","floor":19.0},{"not_picked":["Sentinel"],"picked":"SKIP","floor":21.0},{"not_picked":["Heavy Blade"],"picked":"SKIP","floor":25.0},{"not_picked":["Havoc"],"picked":"SKIP","floor":27.0},{"not_picked":["Warcry"],"picked":"SKIP","floor":29.0},{"not_picked":["Reckless Charge+1"],"picked":"SKIP","floor":35},{"not_picked":["Havoc"],"picked":"SKIP","floor":36},{"not_picked":[],"picked":"True Grit","floor":38}],"player_experience":284571,"relics_obtained":[{"floor":9.0,"key":"Kunai"},{"floor":26.0,"key":"Letter Opener"},{"floor":31.0,"key":"Necronomicon"},{"floor":37,"key":"Mango"}],"event_choices":[{"event_name":"The Cleric","player_choice":"Card Removal","floor":3.0,"damage_taken":0.0},{"event_name":"Scrap Ooze","player_choice":"success","floor":4.0,"damage_taken":7.0},{"event_name":"Shining Light","player_choice":"Entered Light","floor":5.0,"damage_taken":0.0},{"event_name":"Golden Idol","player_choice":"Ignored","floor":7.0,"damage_taken":0.0},{"event_name":"FaceTrader","player_choice":"Trade","floor":20.0,"damage_taken":0.0},{"event_name":"Masked Bandits","player_choice":"Paid Bandits 87 gold","floor":24.0,"damage_taken":0.0},{"event_name":"Back to Basics","player_choice":"Simplicity","floor":30.0,"damage_taken":0.0},{"event_name":"Cursed Tome","player_choice":"Obtained Book","floor":31.0,"damage_taken":0.0},{"event_name":"Mysterious Sphere","player_choice":"Fight","floor":37,"damage_taken":0}],"boss_relics":[{"not_picked":["Black Blood","Tiny House"],"picked":"Busted Crown"},{"not_picked":["Eternal Feather","White Beast Statue"],"picked":"Orrery"}],"items_purged_floors":[13,22],"is_endless":false,"potions_floor_spawned":[1,12,16,18,25,27,36],"killed_by":"4 Shapes","ascension_level":0}