{"gold_per_floor":[117,130,150,150,168,168,181,211,211,211,56,67,84,104,104,199,199,209,209,209,56,72,72,101,113,125,137,169,181,207,250,262,376,388,412,524,536,603,43,75,75,23,47,47,47,75,75,10,10,10],"floor_reached":51,"playtime":4563,"items_purged":["Strike_R"],"score":1025,"play_id":"061930a2-5cbb-4efb-bf23-7e1bd1db6706","local_time":"20190117233245","is_ascension_mode":true,"campfire_choices":[{"data":"Whirlwind","floor":6.0,"key":"SMITH"},{"floor":10.0,"key":"REST"},{"data":"Armaments","floor":15.0,"key":"SMITH"},{"data":"Feel No Pain","floor":23.0,"key":"SMITH"},{"floor":25.0,"key":"REST"},{"floor":27.0,"key":"REST"},{"floor":32.0,"key":"REST"},{"floor":41,"key":"REST"},{"data":"True Grit","floor":44,"key":"SMITH"},{"floor":47,"key":"REST"},{"data":"Heavy Blade","floor":49,"key":"SMITH"}],"neow_cost":"NONE","seed_source_timestamp":0,"circlet_count":0,"master_deck":["Strike_R","Strike_R","Strike_R","Strike_R","Defend_R","Defend_R","Defend_R","Defend_R","Bash+1","Feel No Pain+1","Anger","Whirlwind+1","Shrug It Off","Spot Weakness","Armaments+1","Clothesline","True Grit+1","Demon Form","Reckless Charge+1","RitualDagger","Warcry","Warcry+1","Evolve+1","Barricade+1","Battle Trance","Disarm+1","Blind","True Grit+1","Metallicize+1","Heavy Blade+1","Writhe"],"special_seed":0,"relics":["Burning Blood","FaceOfCleric","Ginger","Bag of Preparation","Velvet Choker","MutagenicStrength","Bag of Marbles","MawBank","Question Card","Ornamental Fan","Frozen Egg 2","Eternal Feather","FossilizedHelix","Charon\u0027s Ashes","TheAbacus","Dead Branch","Paper Frog","Smiling Mask","Potion Belt","Dodecahedron"],"potions_floor_usage":[46,46],"damage_taken":[{"damage":3.0,"enemies":"2 Louse","floor":1.0,"turns":3.0},{"damage":6.0,"enemies":"Cultist","floor":2.0,"turns":4.0},{"damage":7.0,"enemies":"Small Slimes","floor":3.0,"turns":4.0},{"damage":30.0,"enemies":"Exordium Wildlife","floor":5.0,"turns":7.0},{"damage":13.0,"enemies":"Blue Slaver","floor":7.0,"turns":3.0},{"damage":26.0,"enemies":"Lagavulin","floor":8.0,"turns":5.0},{"damage":0.0,"enemies":"3 Louse","floor":12.0,"turns":1.0},{"damage":0.0,"enemies":"Large Slime","floor":13.0,"turns":5.0},{"damage":0.0,"enemies":"2 Fungi Beasts","floor":14.0,"turns":2.0},{"damage":45.0,"enemies":"Hexaghost","floor":16.0,"turns":12.0},{"damage":14.0,"enemies":"3 Byrds","floor":18.0,"turns":5.0},{"damage":10.0,"enemies":"Spheric Guardian","floor":22.0,"turns":4.0},{"damage":26.0,"enemies":"Slavers","floor":24.0,"turns":4.0},{"damage":19.0,"enemies":"Shelled Parasite and Fungi","floor":28.0,"turns":5.0},{"damage":0.0,"enemies":"Sentry and Sphere","floor":30.0,"turns":3.0},{"damage":43.0,"enemies":"Gremlin Leader","floor":31.0,"turns":7.0},{"damage":56.0,"enemies":"Collector","floor":33.0,"turns":8.0},{"damage":29.0,"enemies":"Orb Walker","floor":35.0,"turns":6.0},{"damage":0.0,"enemies":"Mind Bloom Boss Battle","floor":36.0,"turns":6.0},{"damage":61.0,"enemies":"2 Orb Walkers","floor":38.0,"turns":8.0},{"damage":0,"enemies":"Nemesis","floor":40,"turns":9},{"damage":41,"enemies":"Reptomancer","floor":46,"turns":8},{"damage":60,"enemies":"Awakened One","floor":50,"turns":11}],"seed_played":"-6496615184065530407","potions_obtained":[{"floor":5.0,"key":"AttackPotion"},{"floor":7.0,"key":"PowerPotion"},{"floor":8.0,"key":"Explosive Potion"},{"floor":14.0,"key":"Swift Potion"},{"floor":16.0,"key":"Swift Potion"},{"floor":22.0,"key":"Block Potion"},{"floor":38.0,"key":"Fire Potion"},{"floor":40,"key":"Ancient Potion"},{"floor":46,"key":"Ancient Potion"}],"is_trial":false,"path_per_floor":["M","M","M","?","M","R","M","E","T","R","$","M","M","M","R","B",null,"M","?","?","$","M","R","E","R","T","R","M","T","M","E","R","B",null,"M","?","?","?","$","E","R","$","T","R","?","E","R","?","R","B",null],"character_chosen":"IRONCLAD","items_purchased":["Spot Weakness","Bag of Marbles","TheAbacus","Dead Branch","Metallicize+1","Block Potion"],"campfire_rested":6,"item_purchase_floors":[11,21,39,39,39,42],"current_hp_per_floor":[75,75,74,74,51,51,45,26,26,50,50,57,64,71,71,33,74,67,67,61,61,58,58,39,66,66,90,78,78,85,49,76,27,77,55,62,62,8,8,15,62,62,62,80,98,64,99,99,99,46],"gold":10,"neow_bonus":"UPGRADE_CARD","is_prod":false,"is_daily":false,"chose_seed":false,"campfire_upgraded":5,"win_rate":0,"timestamp":1547767965,"path_taken":["M","M","M","?","M","R","M","E","T","R","$","?","M","M","R","BOSS","M","?","?","$","M","R","E","R","T","R","M","?","M","E","R","BOSS","M","?","?","?","$","E","R","$","T","R","?","E","R","?","R","BOSS"],"build_version":"2019-01-10","purchased_purges":1,"victory":true,"max_hp_per_floor":[80,80,80,80,81,81,82,83,83,83,83,84,85,86,86,87,87,88,88,88,88,89,89,90,90,90,90,91,91,92,93,93,94,94,95,96,96,97,97,98,98,98,98,98,98,99,99,99,99,100],"card_choices":[{"not_picked":["Wild Strike","Thunderclap","Fire Breathing"],"picked":"SKIP","floor":1.0},{"not_picked":["Thunderclap","Havoc"],"picked":"Feel No Pain","floor":2.0},{"not_picked":["Feel No Pain","Pummel"],"picked":"Anger","floor":3.0},{"not_picked":["Entrench","Armaments"],"picked":"Whirlwind","floor":5.0},{"not_picked":["Headbutt","Heavy Blade"],"picked":"Shrug It Off","floor":7.0},{"not_picked":["Second Wind","Perfected Strike","Thunderclap"],"picked":"SKIP","floor":8.0},{"not_picked":["Fiend Fire","Heavy Blade"],"picked":"Armaments","floor":12.0},{"not_picked":["Perfected Strike","Twin Strike"],"picked":"Clothesline","floor":13.0},{"not_picked":["Pommel Strike","Entrench"],"picked":"True Grit","floor":14.0},{"not_picked":["Fiend Fire","Berserk"],"picked":"Demon Form","floor":16.0},{"not_picked":["Armaments+1","Perfected Strike"],"picked":"Reckless Charge+1","floor":18.0},{"not_picked":["Shrug It Off+1","Clothesline+1","Brutality"],"picked":"SKIP","floor":22.0},{"not_picked":["Cleave","Fiend Fire"],"picked":"Warcry","floor":24.0},{"not_picked":["Sever Soul","Wild Strike","Pommel Strike","Clothesline+1"],"picked":"SKIP","floor":28.0},{"not_picked":["Perfected Strike","True Grit","Fire Breathing"],"picked":"Warcry+1","floor":30.0},{"not_picked":["Dark Embrace","Body Slam","Cleave"],"picked":"Evolve+1","floor":31.0},{"not_picked":["Impervious","Bludgeon","Berserk+1"],"picked":"Barricade+1","floor":33.0},{"not_picked":["Clothesline+1","Wild Strike+1","Flex"],"picked":"Battle Trance","floor":35.0},{"not_picked":["Metallicize+1","Havoc+1","Whirlwind"],"picked":"Disarm+1","floor":36.0},{"not_picked":["Panache+1","Deep Breath","PanicButton"],"picked":"Blind","floor":37.0},{"not_picked":["Clothesline","Armaments+1","Dual Wield"],"picked":"True Grit+1","floor":38.0},{"not_picked":["Dark Embrace+1","Searing Blow+1","Perfected Strike"],"picked":"Heavy Blade","floor":40},{"not_picked":["Clothesline","Havoc+1","Sever Soul","Armaments"],"picked":"SKIP","floor":46}],"player_experience":1021434,"relics_obtained":[{"floor":8.0,"key":"Ginger"},{"floor":9.0,"key":"Bag of Preparation"},{"floor":24.0,"key":"MawBank"},{"floor":26.0,"key":"Question Card"},{"floor":29.0,"key":"Ornamental Fan"},{"floor":31.0,"key":"Frozen Egg 2"},{"floor":36.0,"key":"FossilizedHelix"},{"floor":38.0,"key":"Charon\u0027s Ashes"},{"floor":40,"key":"Paper Frog"},{"floor":43,"key":"Smiling Mask"},{"floor":46,"key":"Potion Belt"}],"event_choices":[{"damage_healed":0.0,"max_hp_gain":0.0,"max_hp_loss":0.0,"gold_gain":0.0,"event_name":"FaceTrader","player_choice":"Trade","floor":4.0,"gold_loss":0.0,"damage_taken":0.0,"relics_obtained":["FaceOfCleric"]},{"damage_healed":0.0,"max_hp_gain":0.0,"max_hp_loss":0.0,"gold_gain":0.0,"event_name":"Drug Dealer","player_choice":"Inject Mutagens","floor":19.0,"gold_loss":0.0,"damage_taken":0.0,"relics_obtained":["MutagenicStrength"]},{"damage_healed":0.0,"max_hp_gain":0.0,"max_hp_loss":0.0,"gold_gain":0.0,"event_name":"Nest","player_choice":"Joined the Cult","floor":20.0,"gold_loss":0.0,"damage_taken":6.0,"cards_obtained":["RitualDagger"]},{"damage_healed":0.0,"max_hp_gain":0.0,"max_hp_loss":0.0,"gold_gain":0.0,"event_name":"MindBloom","player_choice":"Fight","floor":36.0,"gold_loss":0.0,"damage_taken":0.0},{"damage_healed":0.0,"max_hp_gain":0.0,"max_hp_loss":0.0,"gold_gain":0.0,"event_name":"SensoryStone","player_choice":"Memory 1","floor":37.0,"gold_loss":0.0,"damage_taken":0.0},{"damage_healed":0.0,"max_hp_gain":0.0,"max_hp_loss":0.0,"gold_gain":0.0,"event_name":"Mysterious Sphere","player_choice":"Fight","floor":38.0,"gold_loss":0.0,"damage_taken":0.0},{"damage_healed":25,"gold_gain":0,"player_choice":"Writhe","damage_taken":0,"max_hp_gain":0,"max_hp_loss":0,"event_name":"Winding Halls","floor":45,"gold_loss":0,"cards_obtained":["Writhe"]},{"damage_healed":0,"gold_gain":0,"player_choice":"Paid Gold","damage_taken":0,"relics_obtained":["Dodecahedron"],"max_hp_gain":0,"max_hp_loss":0,"event_name":"WeMeetAgain","floor":48,"gold_loss":65}],"is_beta":false,"boss_relics":[{"not_picked":["Orrery","Lizard Tail"],"picked":"Velvet Choker"},{"not_picked":["Philosopher\u0027s Stone","Black Star"],"picked":"Eternal Feather"}],"items_purged_floors":[11],"is_endless":false,"potions_floor_spawned":[5,7,8,14,16,22,38,40,46],"ascension_level":7}