{"gold_per_floor":[115,115,115,128,128,128,140,90,144,69,83,117,139,154,154,258,258,270,270,320,336,348,348,99,99,99,99,99,14,14,25,25,124,124,137,137,137],"floor_reached":37,"playtime":3473,"items_purged":["Defend_R"],"score":365,"play_id":"9f7775d6-d8e8-43e7-9112-fba4586afbe9","local_time":"20190206171117","is_ascension_mode":false,"campfire_choices":[{"data":"Berserk","floor":6.0,"key":"SMITH"},{"floor":15.0,"key":"REST"},{"data":"Armaments","floor":23,"key":"SMITH"},{"data":"Metallicize","floor":25,"key":"SMITH"},{"data":"Disarm","floor":28,"key":"SMITH"},{"data":"Infernal Blade","floor":30,"key":"SMITH"},{"floor":32,"key":"REST"}],"neow_cost":"NONE","seed_source_timestamp":0,"circlet_count":0,"master_deck":["Strike_R","Defend_R","Defend_R","Defend_R","Bash","Berserk+1","Armaments+1","Disarm+1","Shrug It Off","Flex","Offering","Cleave","Fire Breathing","Infernal Blade+1","Pummel","Metallicize+1","Rampage","Feel No Pain","Combust","Iron Wave+1","Armaments+1","Shrug It Off"],"special_seed":0,"relics":["Burning Blood","Pocketwatch","Strawberry","Bag of Marbles","Odd Mushroom","Orrery","Kunai","Gremlin Horn","StoneCalendar","Busted Crown"],"potions_floor_usage":[22,31,37],"damage_taken":[{"damage":3.0,"enemies":"2 Louse","floor":1.0,"turns":4.0},{"damage":0.0,"enemies":"Jaw Worm","floor":4.0,"turns":5.0},{"damage":0.0,"enemies":"Small Slimes","floor":7.0,"turns":3.0},{"damage":1.0,"enemies":"3 Louse","floor":11.0,"turns":5.0},{"damage":63.0,"enemies":"Gremlin Nob","floor":12.0,"turns":6.0},{"damage":20.0,"enemies":"The Mushroom Lair","floor":13.0,"turns":7.0},{"damage":0.0,"enemies":"2 Fungi Beasts","floor":14.0,"turns":5.0},{"damage":40.0,"enemies":"Hexaghost","floor":16.0,"turns":12.0},{"damage":19.0,"enemies":"Shell Parasite","floor":18.0,"turns":8.0},{"damage":52.0,"enemies":"2 Thieves","floor":21.0,"turns":4.0},{"damage":18,"enemies":"Snecko","floor":22,"turns":8},{"damage":3,"enemies":"Snake Plant","floor":31,"turns":7},{"damage":46,"enemies":"Champ","floor":33,"turns":14},{"damage":34,"enemies":"3 Shapes","floor":35,"turns":4},{"damage":71,"enemies":"2 Orb Walkers","floor":37,"turns":4}],"seed_played":"-8894002115703265541","potions_obtained":[{"floor":4.0,"key":"Fire Potion"},{"floor":7.0,"key":"FearPotion"},{"floor":21.0,"key":"EssenceOfSteel"},{"floor":22,"key":"Dexterity Potion"},{"floor":35,"key":"PowerPotion"}],"is_trial":false,"path_per_floor":["M","?","?","M","?","R","M","?","T","$","M","E","?","M","R","B",null,"M","?","?","M","M","R","$","R","T","$","R","?","R","M","R","B",null,"M","?","?"],"character_chosen":"IRONCLAD","items_purchased":["Kunai"],"campfire_rested":2,"item_purchase_floors":[24],"current_hp_per_floor":[80,85,73,79,79,79,85,85,92,92,92,35,21,27,54,20,92,79,79,79,33,21,21,21,21,21,21,21,21,21,24,51,11,92,64,64,0],"gold":137,"neow_bonus":"TRANSFORM_CARD","is_prod":false,"is_daily":false,"chose_seed":false,"campfire_upgraded":5,"win_rate":0.0,"timestamp":1549501877,"path_taken":["M","?","?","M","?","R","M","?","T","$","M","E","?","M","R","BOSS","M","?","?","?","M","R","$","R","T","$","R","?","R","M","R","BOSS","M","?","?"],"build_version":"2019-01-23","purchased_purges":1,"victory":false,"max_hp_per_floor":[80,85,85,85,85,85,85,85,92,92,92,92,92,92,92,92,92,92,92,92,92,92,92,92,92,92,92,92,92,92,92,92,92,92,92,92,92],"card_choices":[{"not_picked":["Havoc","Rupture"],"picked":"Armaments","floor":1.0},{"not_picked":["Clash","Corruption","True Grit"],"picked":"SKIP","floor":4.0},{"not_picked":["Clash","Heavy Blade"],"picked":"Disarm","floor":7.0},{"not_picked":["Wild Strike","Dark Embrace","Anger"],"picked":"SKIP","floor":11.0},{"not_picked":["Rupture","Evolve"],"picked":"Shrug It Off","floor":12.0},{"not_picked":["Shockwave","Twin Strike"],"picked":"Flex","floor":13.0},{"not_picked":["Heavy Blade","Burning Pact","Metallicize"],"picked":"SKIP","floor":14.0},{"not_picked":["Bludgeon","Double Tap"],"picked":"Offering","floor":16.0},{"not_picked":["Rage","Anger"],"picked":"Cleave","floor":17.0},{"not_picked":["Flex","True Grit"],"picked":"Fire Breathing","floor":17.0},{"not_picked":["Warcry","Perfected Strike"],"picked":"Infernal Blade","floor":17.0},{"not_picked":["Heavy Blade","Havoc"],"picked":"Pummel","floor":17.0},{"not_picked":["Flex","Fire Breathing"],"picked":"Metallicize","floor":17.0},{"not_picked":["Hemokinesis","Pummel"],"picked":"Rampage","floor":18.0},{"not_picked":["Power Through","Entrench"],"picked":"Iron Wave+1","floor":21.0},{"not_picked":["Heavy Blade","Juggernaut"],"picked":"Armaments+1","floor":22},{"not_picked":["Dropkick","Body Slam+1","Anger"],"picked":"SKIP","floor":31},{"not_picked":[],"picked":"Shrug It Off","floor":35}],"player_experience":52096,"relics_obtained":[{"floor":9.0,"key":"Strawberry"},{"floor":12.0,"key":"Bag of Marbles"},{"floor":13.0,"key":"Odd Mushroom"},{"floor":26,"key":"Gremlin Horn"}],"event_choices":[{"damage_healed":0.0,"max_hp_gain":5.0,"max_hp_loss":0.0,"gold_gain":0.0,"event_name":"Big Fish","player_choice":"Donut","floor":2.0,"gold_loss":0.0,"damage_taken":0.0},{"damage_healed":0.0,"max_hp_gain":0.0,"max_hp_loss":0.0,"gold_gain":0.0,"event_name":"Scrap Ooze","player_choice":"Success","floor":3.0,"gold_loss":0.0,"damage_taken":12.0,"relics_obtained":["Pocketwatch"]},{"damage_healed":0.0,"max_hp_gain":0.0,"max_hp_loss":0.0,"gold_gain":0.0,"event_name":"Liars Game","player_choice":"Ignored","floor":5.0,"gold_loss":0.0,"damage_taken":0.0},{"cards_removed":["Strike_R"],"damage_healed":0.0,"max_hp_gain":0.0,"max_hp_loss":0.0,"gold_gain":0.0,"event_name":"The Cleric","player_choice":"Card Removal","floor":8.0,"gold_loss":50.0,"damage_taken":0.0},{"damage_healed":0.0,"max_hp_gain":0.0,"max_hp_loss":0.0,"gold_gain":0.0,"event_name":"Mushrooms","player_choice":"Fought Mushrooms","floor":13.0,"gold_loss":0.0,"damage_taken":0.0},{"damage_healed":0.0,"max_hp_gain":0.0,"max_hp_loss":0.0,"gold_gain":0.0,"cards_transformed":["Strike_R","Strike_R"],"event_name":"Drug Dealer","player_choice":"Became Test Subject","floor":19.0,"gold_loss":0.0,"damage_taken":0.0,"cards_obtained":["Feel No Pain","Combust"]},{"damage_healed":0.0,"max_hp_gain":0.0,"max_hp_loss":0.0,"gold_gain":100.0,"event_name":"The Joust","player_choice":"Bet on Murderer","floor":20.0,"gold_loss":50.0,"damage_taken":0.0},{"damage_healed":0,"gold_gain":0,"player_choice":"Obtained Relic","damage_taken":0,"relics_obtained":["StoneCalendar"],"max_hp_gain":0,"max_hp_loss":0,"event_name":"Addict","floor":29,"gold_loss":85},{"damage_healed":0,"gold_gain":0,"player_choice":"Ignored","damage_taken":0,"max_hp_gain":0,"max_hp_loss":0,"event_name":"Tomb of Lord Red Mask","floor":36,"gold_loss":0},{"damage_healed":0,"gold_gain":0,"player_choice":"Fight","damage_taken":0,"max_hp_gain":0,"max_hp_loss":0,"event_name":"Mysterious Sphere","floor":37,"gold_loss":0}],"is_beta":false,"boss_relics":[{"not_picked":["Calling Bell","Ectoplasm"],"picked":"Orrery"},{"not_picked":["Black Blood","Runic Cube"],"picked":"Busted Crown"}],"items_purged_floors":[10],"is_endless":false,"potions_floor_spawned":[4,7,21,22,35],"killed_by":"2 Orb Walkers","ascension_level":0}