{"gold_per_floor":[119,119,132,132,132,132,158,173,173,191,221,221,221,233,233,337,337,352,267,367,367,367,367,168,199,199,76,16,16,16,34,34,34],"floor_reached":33,"playtime":816,"items_purged":["Strike_G"],"score":336,"play_id":"82c2e319-b8cf-45c1-8c1b-945c4977c0be","local_time":"20190526202036","is_ascension_mode":true,"campfire_choices":[{"floor":6,"key":"REST"},{"floor":13,"key":"REST"},{"floor":15,"key":"REST"},{"floor":23,"key":"REST"},{"floor":32,"key":"REST"}],"neow_cost":"NONE","seed_source_timestamp":112376145592026,"circlet_count":0,"master_deck":["Defend_G","Defend_G","Defend_G+1","Defend_G","Defend_G","Strike_G","Strike_G+1","Survivor","Neutralize","Riddle With Holes","Dagger Throw","Quick Slash","Deadly Poison","Leg Sweep","Poisoned Stab","Corpse Explosion","PiercingWail","Dagger Spray","Caltrops","Bane","Burst","Leg Sweep"],"relics":["Sozu","Paper Crane","Juzu Bracelet","Smiling Mask","Oddly Smooth Stone","Velvet Choker","PreservedInsect","Shovel","The Courier","Regal Pillow","Pen Nib","Bottled Lightning"],"potions_floor_usage":[],"damage_taken":[{"damage":3,"enemies":"Small Slimes","floor":1,"turns":4},{"damage":0,"enemies":"Cultist","floor":3,"turns":3},{"damage":27,"enemies":"Lagavulin","floor":7,"turns":7},{"damage":2,"enemies":"Jaw Worm","floor":8,"turns":3},{"damage":0,"enemies":"Blue Slaver","floor":10,"turns":4},{"damage":24,"enemies":"Gremlin Nob","floor":11,"turns":4},{"damage":0,"enemies":"Red Slaver","floor":14,"turns":3},{"damage":28,"enemies":"Hexaghost","floor":16,"turns":12},{"damage":16,"enemies":"Spheric Guardian","floor":18,"turns":5},{"damage":6,"enemies":"Colosseum Slavers","floor":20,"turns":3},{"damage":17,"enemies":"Colosseum Nobs","floor":20,"turns":3},{"damage":18,"enemies":"Book of Stabbing","floor":25,"turns":6},{"damage":9,"enemies":"Chosen","floor":31,"turns":5},{"damage":52,"enemies":"Automaton","floor":33,"turns":6}],"seed_played":"-3371810848190814966","potions_obtained":[],"is_trial":false,"path_per_floor":["M","?","M","?","?","R","E","M","T","M","E","?","R","M","R","B",null,"M","?","?","?","?","R","$","E","T","$","$","?","?","M","R","B"],"character_chosen":"THE_SILENT","items_purchased":["Regal Pillow","Caltrops","Burst","Leg Sweep"],"campfire_rested":5,"item_purchase_floors":[24,24,27,28],"current_hp_per_floor":[67,67,67,55,55,70,43,41,41,41,17,3,24,24,45,17,57,41,41,18,18,18,39,39,21,21,21,21,21,21,12,48,0],"gold":34,"neow_bonus":"BOSS_RELIC","is_prod":false,"is_daily":false,"chose_seed":false,"campfire_upgraded":0,"win_rate":0,"timestamp":1558916436,"path_taken":["M","?","?","?","?","R","E","M","T","M","E","?","R","M","R","BOSS","M","?","?","?","?","R","$","E","T","?","$","?","?","M","R","BOSS"],"build_version":"2019-01-23","purchased_purges":1,"victory":false,"max_hp_per_floor":[70,70,70,70,70,70,70,70,70,70,70,70,70,70,70,70,70,70,70,70,70,70,70,70,70,70,70,70,70,70,70,70,70],"card_choices":[{"not_picked":["Tactician","PiercingWail"],"picked":"Riddle With Holes","floor":1},{"not_picked":["Accuracy","Acrobatics"],"picked":"Dagger Throw","floor":3},{"not_picked":["Underhanded Strike","Eviscerate"],"picked":"Quick Slash","floor":7},{"not_picked":["Prepared","Finisher","Outmaneuver"],"picked":"SKIP","floor":8},{"not_picked":["Infinite Blades","Distraction"],"picked":"Deadly Poison","floor":10},{"not_picked":["Footwork","Dagger Throw"],"picked":"Leg Sweep","floor":11},{"not_picked":["Dodge and Roll","Slice"],"picked":"Poisoned Stab","floor":14},{"not_picked":["Envenom","Burst"],"picked":"Corpse Explosion","floor":16},{"not_picked":["Dagger Throw","Prepared"],"picked":"PiercingWail","floor":18},{"not_picked":["Reflex","Deflect+1"],"picked":"Dagger Spray","floor":20},{"not_picked":["Prepared","Setup"],"picked":"Bane","floor":25},{"not_picked":["Masterful Stab","Cloak And Dagger","Outmaneuver"],"picked":"SKIP","floor":31}],"player_experience":355773,"relics_obtained":[{"floor":7,"key":"Juzu Bracelet"},{"floor":9,"key":"Smiling Mask"},{"floor":11,"key":"Oddly Smooth Stone"},{"floor":20,"key":"Shovel"},{"floor":20,"key":"The Courier"},{"floor":25,"key":"Pen Nib"},{"floor":26,"key":"Bottled Lightning"}],"event_choices":[{"cards_removed":["Strike_G"],"damage_healed":0,"gold_gain":0,"player_choice":"Purged","damage_taken":0,"max_hp_gain":0,"max_hp_loss":0,"event_name":"Purifier","floor":2,"gold_loss":0},{"damage_healed":0,"gold_gain":0,"player_choice":"Success","damage_taken":12,"relics_obtained":["Paper Crane"],"max_hp_gain":0,"max_hp_loss":0,"event_name":"Scrap Ooze","floor":4,"gold_loss":0},{"damage_healed":0,"gold_gain":0,"player_choice":"Bought 0 Potions","damage_taken":0,"max_hp_gain":0,"max_hp_loss":0,"event_name":"The Woman in Blue","floor":5,"gold_loss":0},{"damage_healed":0,"gold_gain":0,"player_choice":"Entered Light","damage_taken":14,"max_hp_gain":0,"max_hp_loss":0,"event_name":"Shining Light","floor":12,"gold_loss":0,"cards_upgraded":["Defend_G","Strike_G"]},{"damage_healed":0,"gold_gain":0,"player_choice":"Obtained Relic","damage_taken":0,"relics_obtained":["PreservedInsect"],"max_hp_gain":0,"max_hp_loss":0,"event_name":"Addict","floor":19,"gold_loss":85},{"damage_healed":0,"gold_gain":0,"player_choice":"Fight","damage_taken":0,"max_hp_gain":0,"max_hp_loss":0,"event_name":"Colosseum","floor":20,"gold_loss":0},{"damage_healed":0,"gold_gain":0,"player_choice":"Fought Nobs","damage_taken":0,"max_hp_gain":0,"max_hp_loss":0,"event_name":"Colosseum","floor":20,"gold_loss":0},{"damage_healed":0,"gold_gain":0,"player_choice":"Ignored","damage_taken":0,"max_hp_gain":0,"max_hp_loss":0,"event_name":"Ghosts","floor":21,"gold_loss":0},{"cards_removed":["Strike_G"],"damage_healed":0,"gold_gain":0,"player_choice":"Purged","damage_taken":0,"max_hp_gain":0,"max_hp_loss":0,"event_name":"Purifier","floor":22,"gold_loss":0},{"damage_healed":0,"gold_gain":0,"player_choice":"Got Potions","damage_taken":0,"max_hp_gain":0,"max_hp_loss":0,"event_name":"Lab","floor":29,"gold_loss":0},{"damage_healed":0,"gold_gain":0,"player_choice":"Ignored","damage_taken":0,"max_hp_gain":0,"max_hp_loss":0,"event_name":"Cursed Tome","floor":30,"gold_loss":0}],"is_beta":false,"boss_relics":[{"not_picked":["Black Star","Tiny House"],"picked":"Velvet Choker"}],"items_purged_floors":[24],"is_endless":false,"potions_floor_spawned":[1,7,11,14,16,20,31],"killed_by":"Automaton","ascension_level":5}