{"gold_per_floor":[109,121,140,72,83,83,115,115,172,172,172,188,188,215,215,310,310,324,424,424,21,18,46,46,75,129,129,142,142,174,189,189,189],"floor_reached":33,"playtime":2811,"items_purged":["Strike_G"],"score":448,"play_id":"e193712d-c1f2-4e48-af5b-7a4639188aea","local_time":"20180927183721","is_ascension_mode":true,"campfire_choices":[{"data":"Neutralize","floor":6.0,"key":"SMITH"},{"floor":8.0,"key":"REST"},{"floor":10.0,"key":"REST"},{"floor":15.0,"key":"REST"},{"floor":24,"key":"REST"},{"floor":27,"key":"REST"},{"floor":32,"key":"REST"}],"neow_cost":"NONE","seed_source_timestamp":0,"circlet_count":0,"master_deck":["Defend_G+1","Defend_G","Defend_G","Defend_G","Defend_G","Survivor","Neutralize+1","Flying Knee","Dagger Spray","Leg Sweep+1","Caltrops","Cloak And Dagger","Deflect","Blade Dance+1","Backflip","Unload","Dodge and Roll","Quick Slash","Caltrops","Dagger Spray+1","Noxious Fumes","Calculated Gamble","Bite","Bite","Bite","Bite","Bite","Poisoned Stab","Caltrops"],"special_seed":0,"relics":["Ring of the Snake","Oddly Smooth Stone","Tiny Chest","Potion Belt","Cursed Key","Unceasing Top","Letter Opener","Ornamental Fan","Snake Skull","Omamori","War Paint","Matryoshka"],"potions_floor_usage":[19,19,25,31,33],"damage_taken":[{"damage":1.0,"enemies":"Cultist","floor":1.0,"turns":5.0},{"damage":0.0,"enemies":"Small Slimes","floor":2.0,"turns":4.0},{"damage":4.0,"enemies":"2 Louse","floor":3.0,"turns":3.0},{"damage":5.0,"enemies":"Gremlin Gang","floor":5.0,"turns":6.0},{"damage":44.0,"enemies":"Gremlin Nob","floor":7.0,"turns":5.0},{"damage":2.0,"enemies":"3 Louse","floor":12.0,"turns":3.0},{"damage":8.0,"enemies":"Lagavulin","floor":14.0,"turns":10.0},{"damage":17.0,"enemies":"Hexaghost","floor":16.0,"turns":16.0},{"damage":8,"enemies":"Spheric Guardian","floor":18,"turns":6},{"damage":8,"enemies":"Colosseum Slavers","floor":19,"turns":7},{"damage":56,"enemies":"Colosseum Nobs","floor":19,"turns":5},{"damage":8,"enemies":"2 Thieves","floor":22,"turns":4},{"damage":0,"enemies":"Book of Stabbing","floor":23,"turns":6},{"damage":4,"enemies":"Slavers","floor":25,"turns":4},{"damage":5,"enemies":"Shelled Parasite and Fungi","floor":28,"turns":5},{"damage":33,"enemies":"Book of Stabbing","floor":30,"turns":7},{"damage":14,"enemies":"Snecko","floor":31,"turns":6},{"damage":72,"enemies":"Automaton","floor":33,"turns":10}],"seed_played":"8807780540700110950","potions_obtained":[{"floor":2.0,"key":"SteroidPotion"},{"floor":7.0,"key":"Strength Potion"},{"floor":14.0,"key":"GhostInAJar"},{"floor":16.0,"key":"Ancient Potion"},{"floor":18,"key":"Strength Potion"},{"floor":19,"key":"GhostInAJar"},{"floor":22,"key":"Weak Potion"},{"floor":28,"key":"Block Potion"}],"is_trial":false,"path_per_floor":["M","M","M","$","M","R","E","R","T","R","?","M","?","E","R","B",null,"M","?","?","$","M","E","R","E","T","R","M","?","E","M","R"],"character_chosen":"THE_SILENT","items_purchased":["Caltrops","Ornamental Fan","Caltrops"],"campfire_rested":6,"item_purchase_floors":[4,21,21],"current_hp_per_floor":[76,76,72,72,67,67,23,46,46,69,69,67,67,59,77,60,73,65,1,26,26,18,18,41,37,37,60,55,53,28,24,39,0],"gold":189,"neow_bonus":"TEN_PERCENT_HP_BONUS","is_prod":false,"is_daily":false,"chose_seed":false,"campfire_upgraded":1,"win_rate":0,"timestamp":1538069841,"path_taken":["M","M","M","?","M","R","E","R","T","R","?","?","?","E","R","BOSS","M","?","?","$","M","E","R","E","T","R","M","?","E","M","R","BOSS"],"build_version":"2018-09-20","purchased_purges":1,"victory":false,"max_hp_per_floor":[77,77,77,77,77,77,77,77,77,77,77,77,77,77,77,77,77,77,77,77,77,77,77,77,77,77,77,77,53,53,53,53,53],"card_choices":[{"not_picked":["Acrobatics","PiercingWail"],"picked":"Flying Knee","floor":1.0},{"not_picked":["Bane","Finisher"],"picked":"Dagger Spray","floor":2.0},{"not_picked":["Flying Knee","Acrobatics"],"picked":"Leg Sweep","floor":3.0},{"not_picked":["Wraith Form v2","Blade Dance"],"picked":"Cloak And Dagger","floor":5.0},{"not_picked":["Flechettes","PiercingWail"],"picked":"Deflect","floor":7.0},{"not_picked":["Outmaneuver","PiercingWail"],"picked":"Blade Dance","floor":12.0},{"not_picked":["Infinite Blades","Riddle With Holes"],"picked":"Backflip","floor":14.0},{"not_picked":["Grand Finale","Burst"],"picked":"Unload","floor":16.0},{"not_picked":["Underhanded Strike","Dagger Throw"],"picked":"Dodge and Roll","floor":18},{"not_picked":["Finisher+1","Concentrate"],"picked":"Quick Slash","floor":19},{"not_picked":["Distraction","Blade Dance"],"picked":"Dagger Spray+1","floor":22},{"not_picked":["Prepared+1","Bullet Time"],"picked":"Noxious Fumes","floor":23},{"not_picked":["Blade Dance","Eviscerate+1","Expertise"],"picked":"SKIP","floor":25},{"not_picked":["Well Laid Plans+1","Bane"],"picked":"Calculated Gamble","floor":28},{"not_picked":["Flechettes+1","PiercingWail"],"picked":"Poisoned Stab","floor":30},{"not_picked":["Crippling Poison","Quick Slash"],"picked":"Caltrops","floor":31}],"player_experience":659727,"relics_obtained":[{"floor":7.0,"key":"Oddly Smooth Stone"},{"floor":9.0,"key":"Tiny Chest"},{"floor":14.0,"key":"Potion Belt"},{"floor":19,"key":"Unceasing Top"},{"floor":19,"key":"Letter Opener"},{"floor":23,"key":"Snake Skull"},{"floor":25,"key":"Omamori"},{"floor":26,"key":"War Paint"},{"floor":30,"key":"Matryoshka"}],"event_choices":[{"event_name":"Upgrade Shrine","player_choice":"Upgraded","floor":11.0,"damage_taken":0.0},{"event_name":"Golden Idol","player_choice":"Ignored","floor":13.0,"damage_taken":0.0},{"event_name":"Colosseum","player_choice":"Fight","floor":19,"damage_taken":0},{"event_name":"Colosseum","player_choice":"Fought Nobs","floor":19,"damage_taken":0},{"event_name":"The Library","player_choice":"Heal","floor":20,"damage_taken":0},{"event_name":"Vampires","player_choice":"Became a vampire","floor":29,"damage_taken":0}],"is_beta":false,"boss_relics":[{"not_picked":["Snecko Eye","Astrolabe"],"picked":"Cursed Key"}],"items_purged_floors":[21],"is_endless":false,"potions_floor_spawned":[2,7,14,16,18,19,22,28],"killed_by":"Automaton","ascension_level":5}