{"gold_per_floor":[114,114,129,144,144,144,174,189,189,219,219,279,279,309,309,409,409,424,424,424,439,454,484,484,484,484,514,514,544,544,574,574,674,674,689,704,504,519,519,549,549,549,549,579,629,659,659,674,674,674],"floor_reached":51,"playtime":3691,"items_purged":[],"score":987,"play_id":"f04f0087-2e86-44ca-9523-7e21e23596f4","local_time":"20190207165929","daily_mods":["Chimera","Hoarder","Elite Swarm"],"is_ascension_mode":false,"campfire_choices":[{"data":"Armaments","floor":6.0,"key":"SMITH"},{"data":"Armaments","floor":13.0,"key":"SMITH"},{"floor":15.0,"key":"REST"},{"data":"Seeing Red","floor":25.0,"key":"SMITH"},{"data":"Seeing Red","floor":28.0,"key":"SMITH"},{"data":"Barricade","floor":30.0,"key":"SMITH"},{"data":"Barricade","floor":32.0,"key":"SMITH"},{"data":"Demon Form","floor":42.0,"key":"SMITH"},{"data":"Limit Break","floor":47.0,"key":"SMITH"},{"data":"Impervious","floor":49,"key":"SMITH"}],"neow_cost":"","seed_source_timestamp":0,"circlet_count":0,"master_deck":["Bash","Survivor","Zap","Defend_R","Defend_G","Defend_B+1","Anger","Anger","Anger","Armaments+1","Armaments+1","Armaments+1","Flex","Flex","Flex","Limit Break","Limit Break","Limit Break+1","Reaper","Reaper","Reaper","Seeing Red+1","Seeing Red","Seeing Red+1","Impervious+1","Impervious","Impervious","Flex","Flex","Flex","Heavy Blade+1","Heavy Blade+1","Heavy Blade+1","Reaper","Reaper","Reaper","Barricade+1","Barricade+1","Barricade","Demon Form+1","Demon Form","Demon Form","Corruption+1","Corruption+1","Corruption+1","Feed","Feed","Feed","Feel No Pain+1","Feel No Pain+1","Feel No Pain+1"],"special_seed":17934,"relics":["Burning Blood","Gremlin Horn","Red Skull","Self Forming Clay","Tiny Chest","Lantern","Black Star","Pen Nib","Singing Bowl","Bottled Lightning","War Paint","Art of War","Dream Catcher","Bottled Flame","Vajra","Centennial Puzzle","Sozu","Brimstone","Letter Opener","Strawberry","Bottled Tornado","Boot","Happy Flower","Bag of Marbles","Potion Belt","Mercury Hourglass"],"potions_floor_usage":[],"damage_taken":[{"damage":0.0,"enemies":"Small Slimes","floor":1.0,"turns":4.0},{"damage":5.0,"enemies":"Cultist","floor":3.0,"turns":4.0},{"damage":2.0,"enemies":"2 Louse","floor":4.0,"turns":3.0},{"damage":27.0,"enemies":"Gremlin Nob","floor":7.0,"turns":5.0},{"damage":8.0,"enemies":"2 Fungi Beasts","floor":8.0,"turns":3.0},{"damage":30.0,"enemies":"3 Sentries","floor":10.0,"turns":7.0},{"damage":8.0,"enemies":"Gremlin Nob","floor":12.0,"turns":3.0},{"damage":2.0,"enemies":"Lagavulin","floor":14.0,"turns":4.0},{"damage":7.0,"enemies":"Slime Boss","floor":16.0,"turns":10.0},{"damage":28.0,"enemies":"Spheric Guardian","floor":18.0,"turns":7.0},{"damage":20.0,"enemies":"3 Byrds","floor":21.0,"turns":5.0},{"damage":59.0,"enemies":"Cultist and Chosen","floor":22.0,"turns":7.0},{"damage":16.0,"enemies":"Slavers","floor":23.0,"turns":5.0},{"damage":8.0,"enemies":"Book of Stabbing","floor":27.0,"turns":3.0},{"damage":65.0,"enemies":"Slavers","floor":29.0,"turns":6.0},{"damage":34.0,"enemies":"Book of Stabbing","floor":31.0,"turns":6.0},{"damage":32.0,"enemies":"Collector","floor":33.0,"turns":3.0},{"damage":31.0,"enemies":"3 Darklings","floor":35.0,"turns":3.0},{"damage":18.0,"enemies":"Orb Walker","floor":36.0,"turns":3.0},{"damage":16.0,"enemies":"Jaw Worm Horde","floor":38.0,"turns":4.0},{"damage":27.0,"enemies":"Giant Head","floor":40.0,"turns":8.0},{"damage":111.0,"enemies":"Nemesis","floor":44.0,"turns":9.0},{"damage":35.0,"enemies":"Giant Head","floor":46.0,"turns":6.0},{"damage":36,"enemies":"Maw","floor":48,"turns":7},{"damage":66,"enemies":"Awakened One","floor":50,"turns":9}],"seed_played":"-7067944116089753152","potions_obtained":[{"floor":4.0,"key":"EssenceOfSteel"},{"floor":7.0,"key":"Swift Potion"},{"floor":10.0,"key":"SteroidPotion"},{"floor":14.0,"key":"Explosive Potion"},{"floor":18.0,"key":"SpeedPotion"},{"floor":22.0,"key":"Weak Potion"},{"floor":29.0,"key":"PowerPotion"}],"is_trial":false,"path_per_floor":["M","?","M","M","$","R","E","M","T","E","?","E","R","E","R","B",null,"M","?","?","M","M","E","?","R","T","E","R","E","R","E","R","B",null,"M","M","$","M","?","E","$","R","T","E","T","E","R","M","R","B",null],"character_chosen":"IRONCLAD","items_purchased":["Brimstone"],"campfire_rested":1,"item_purchase_floors":[37],"current_hp_per_floor":[80,80,80,80,80,80,59,57,57,33,26,24,24,28,52,51,80,59,59,59,80,39,80,65,65,65,65,65,87,87,89,89,89,89,91,93,93,93,93,100,100,100,100,60,60,92,92,108,108,108],"gold":674,"neow_bonus":"","is_prod":false,"is_daily":true,"chose_seed":false,"campfire_upgraded":9,"win_rate":0,"timestamp":1549587569,"path_taken":["M","?","?","M","?","R","E","M","T","E","?","E","R","E","R","BOSS","M","?","?","?","M","E","?","R","T","E","R","E","R","E","R","BOSS","M","M","$","M","?","E","$","R","T","E","?","E","R","M","R","BOSS"],"build_version":"2019-01-23","purchased_purges":0,"victory":true,"max_hp_per_floor":[80,80,80,80,80,80,80,80,80,80,80,80,80,80,80,80,80,80,80,80,80,80,80,85,85,85,87,87,87,87,89,89,89,89,91,93,93,93,93,100,100,100,100,102,102,108,108,108,108,108],"card_choices":[{"not_picked":["Headbutt","Cleave"],"picked":"Anger","floor":1.0},{"not_picked":["Clothesline","Ghostly Armor","Entrench"],"picked":"SKIP","floor":3.0},{"not_picked":["Clothesline","Ghostly Armor","Entrench"],"picked":"SKIP","floor":3.0},{"not_picked":["Clash","Anger","Thunderclap"],"picked":"SKIP","floor":4.0},{"not_picked":["Exhume","Limit Break","Barricade"],"picked":"SKIP","floor":7.0},{"not_picked":["Cleave","Corruption"],"picked":"Flex","floor":8.0},{"not_picked":["Impervious","Offering"],"picked":"Limit Break","floor":10.0},{"not_picked":["Feed","Impervious","Dark Embrace"],"picked":"SKIP","floor":12.0},{"not_picked":["Impervious","Berserk","Juggernaut"],"picked":"SKIP","floor":14.0},{"not_picked":["Barricade","Immolate"],"picked":"Reaper","floor":16.0},{"not_picked":["Rampage","Armaments","Havoc"],"picked":"SKIP","floor":18.0},{"not_picked":["Body Slam","Shrug It Off"],"picked":"Heavy Blade+1","floor":21.0},{"not_picked":["Anger","Clash","Wild Strike"],"picked":"SKIP","floor":22.0},{"not_picked":["Double Tap","Impervious"],"picked":"Reaper","floor":23.0},{"not_picked":["Reaper","Barricade","Offering"],"picked":"Singing Bowl","floor":27.0},{"not_picked":["Berserk","Double Tap"],"picked":"Barricade","floor":29.0},{"not_picked":["Barricade","Immolate","Bludgeon"],"picked":"Singing Bowl","floor":31.0},{"not_picked":["Brutality","Juggernaut"],"picked":"Demon Form","floor":33.0},{"not_picked":["Inflame","Body Slam+1","Clothesline"],"picked":"Singing Bowl","floor":35.0},{"not_picked":["Dropkick+1","Uppercut+1","Anger+1"],"picked":"Singing Bowl","floor":36.0},{"not_picked":["Havoc","Feed"],"picked":"Corruption+1","floor":38.0},{"not_picked":["Impervious","Limit Break"],"picked":"Feed","floor":40.0},{"not_picked":["Barricade","Limit Break","Reaper"],"picked":"Singing Bowl","floor":44.0},{"not_picked":["Offering","Limit Break","Dark Embrace"],"picked":"Singing Bowl","floor":46.0},{"not_picked":["Searing Blow","Second Wind+1"],"picked":"Feel No Pain+1","floor":48}],"player_experience":81140,"relics_obtained":[{"floor":7.0,"key":"Gremlin Horn"},{"floor":9.0,"key":"Red Skull"},{"floor":10.0,"key":"Self Forming Clay"},{"floor":12.0,"key":"Tiny Chest"},{"floor":14.0,"key":"Lantern"},{"floor":23.0,"key":"Pen Nib"},{"floor":23.0,"key":"Singing Bowl"},{"floor":26.0,"key":"Bottled Lightning"},{"floor":27.0,"key":"War Paint"},{"floor":27.0,"key":"Art of War"},{"floor":29.0,"key":"Dream Catcher"},{"floor":29.0,"key":"Bottled Flame"},{"floor":31.0,"key":"Vajra"},{"floor":31.0,"key":"Centennial Puzzle"},{"floor":40.0,"key":"Letter Opener"},{"floor":40.0,"key":"Strawberry"},{"floor":43.0,"key":"Bottled Tornado"},{"floor":44.0,"key":"Boot"},{"floor":44.0,"key":"Happy Flower"},{"floor":45.0,"key":"Bag of Marbles"},{"floor":46.0,"key":"Potion Belt"},{"floor":46.0,"key":"Mercury Hourglass"}],"event_choices":[{"damage_healed":0.0,"max_hp_gain":0.0,"max_hp_loss":0.0,"gold_gain":0.0,"event_name":"Match and Keep!","player_choice":"1 cards matched","floor":2.0,"gold_loss":0.0,"damage_taken":0.0,"cards_obtained":["Armaments"]},{"cards_removed":["Strike_R"],"damage_healed":0.0,"max_hp_gain":0.0,"max_hp_loss":0.0,"gold_gain":0.0,"event_name":"Golden Wing","player_choice":"Card Removal","floor":11.0,"gold_loss":0.0,"damage_taken":7.0},{"damage_healed":0.0,"max_hp_gain":0.0,"max_hp_loss":0.0,"gold_gain":0.0,"cards_transformed":["Strike_G","Strike_B"],"event_name":"Drug Dealer","player_choice":"Became Test Subject","floor":19.0,"gold_loss":0.0,"damage_taken":0.0,"cards_obtained":["Seeing Red","Impervious"]},{"damage_healed":0.0,"max_hp_gain":0.0,"max_hp_loss":0.0,"gold_gain":0.0,"event_name":"Duplicator","player_choice":"Copied","floor":20.0,"gold_loss":0.0,"damage_taken":0.0,"cards_obtained":["Flex"]},{"damage_healed":0.0,"max_hp_gain":5.0,"max_hp_loss":0.0,"gold_gain":0.0,"event_name":"Forgotten Altar","player_choice":"Shed Blood","floor":24.0,"gold_loss":0.0,"damage_taken":20.0},{"damage_healed":0.0,"max_hp_gain":0.0,"max_hp_loss":0.0,"gold_gain":0.0,"event_name":"Tomb of Lord Red Mask","player_choice":"Ignored","floor":39.0,"gold_loss":0.0,"damage_taken":0.0}],"is_beta":false,"boss_relics":[{"not_picked":["Lizard Tail","Snecko Eye"],"picked":"Black Star"},{"not_picked":["Astrolabe","White Beast Statue"],"picked":"Sozu"}],"items_purged_floors":[],"is_endless":false,"potions_floor_spawned":[4,7,10,14,18,22,29,36,40,48],"ascension_level":0}