{"gold_per_floor":[116,134,197,197,215,215,66,100,100,117,117,147,161,38,38,139,139,156,156,138,70,70,70,70,70,117,134,134,134,149,161,161,161],"floor_reached":33,"playtime":2985,"items_purged":[],"score":399,"play_id":"5bcdbc6d-53d6-4ebb-8bb9-eb48424197f4","local_time":"20181110232624","is_ascension_mode":true,"campfire_choices":[{"data":"Survivor","floor":6.0,"key":"SMITH"},{"floor":11.0,"key":"REST"},{"floor":15.0,"key":"REST"},{"floor":23,"key":"REST"},{"floor":25,"key":"REST"},{"floor":28,"key":"REST"},{"floor":32,"key":"REST"}],"neow_cost":"NONE","seed_source_timestamp":4808083551231,"circlet_count":0,"master_deck":["Defend_G+1","Defend_G+1","Defend_G+1","Defend_G+1","Defend_G+1","Strike_G+1","Strike_G+1","Strike_G+1","Strike_G+1","Strike_G+1","Survivor+1","Neutralize+1","Dodge and Roll","All Out Attack","Well Laid Plans","Dagger Spray","Adrenaline","PiercingWail+1","Blade Dance+1","Noxious Fumes","Blade Dance","Phantasmal Killer+1","Backflip+1","Blur","Dash","Catalyst","Bane","Die Die Die"],"special_seed":0,"relics":["Ring of the Snake","Anchor","Dodecahedron","Matryoshka","Bag of Marbles","WristBlade","War Paint","Orichalcum"],"potions_floor_usage":[24,33,33],"damage_taken":[{"damage":2.0,"enemies":"Jaw Worm","floor":1.0,"turns":7.0},{"damage":0.0,"enemies":"Cultist","floor":2.0,"turns":5.0},{"damage":0.0,"enemies":"Small Slimes","floor":5.0,"turns":2.0},{"damage":23.0,"enemies":"3 Sentries","floor":8.0,"turns":10.0},{"damage":0.0,"enemies":"3 Louse","floor":10.0,"turns":2.0},{"damage":24.0,"enemies":"Lagavulin","floor":12.0,"turns":9.0},{"damage":5.0,"enemies":"Large Slime","floor":13.0,"turns":5.0},{"damage":42.0,"enemies":"Hexaghost","floor":16.0,"turns":12.0},{"damage":0,"enemies":"3 Byrds","floor":18,"turns":3},{"damage":14,"enemies":"2 Thieves","floor":20,"turns":4},{"damage":72,"enemies":"Book of Stabbing","floor":24,"turns":8},{"damage":0,"enemies":"Centurion and Healer","floor":27,"turns":5},{"damage":0,"enemies":"Snake Plant","floor":30,"turns":5},{"damage":0,"enemies":"Snecko","floor":31,"turns":4},{"damage":65,"enemies":"Champ","floor":33,"turns":9}],"seed_played":"-583407290557944996","potions_obtained":[{"floor":1.0,"key":"Regen Potion"},{"floor":12.0,"key":"SmokeBomb"},{"floor":13.0,"key":"FairyPotion"},{"floor":16.0,"key":"Weak Potion"},{"floor":30,"key":"Explosive Potion"},{"floor":31,"key":"Fire Potion"}],"is_trial":false,"path_per_floor":["M","M","?","?","M","R","$","E","T","M","R","E","M","$","R","B",null,"M","$","M","$","?","R","E","R","T","M","R","?","M","M","R","B"],"character_chosen":"THE_SILENT","items_purchased":["Anchor","Noxious Fumes","Blade Dance","Dash"],"campfire_rested":6,"item_purchase_floors":[7,14,14,21],"current_hp_per_floor":[61,61,61,61,61,61,61,53,53,53,70,46,41,41,62,20,58,58,58,44,44,44,65,2,23,23,23,44,44,44,44,65,0],"gold":161,"neow_bonus":"UPGRADE_CARD","is_prod":false,"is_daily":false,"chose_seed":false,"campfire_upgraded":1,"win_rate":0,"timestamp":1541892384,"path_taken":["M","M","?","?","M","R","?","E","T","M","R","E","M","$","R","BOSS","M","$","M","$","?","R","E","R","T","M","R","?","?","M","R","BOSS"],"build_version":"2018-11-08","purchased_purges":0,"victory":false,"max_hp_per_floor":[70,70,70,70,70,70,70,70,70,70,70,70,70,70,70,70,70,70,70,70,70,70,70,70,70,70,70,70,70,70,70,70,70],"card_choices":[{"not_picked":["Distraction","Reflex"],"picked":"Dodge and Roll","floor":1.0},{"not_picked":["Sucker Punch","Prepared"],"picked":"All Out Attack","floor":2.0},{"not_picked":["Calculated Gamble","PiercingWail"],"picked":"Well Laid Plans","floor":5.0},{"not_picked":["Crippling Poison","All Out Attack"],"picked":"Dagger Spray","floor":8.0},{"not_picked":["Masterful Stab","Blade Dance"],"picked":"Adrenaline","floor":10.0},{"not_picked":["Quick Slash","Underhanded Strike"],"picked":"PiercingWail","floor":12.0},{"not_picked":["Reflex","Eviscerate"],"picked":"Blade Dance","floor":13.0},{"not_picked":["Adrenaline","Wraith Form v2"],"picked":"Phantasmal Killer","floor":16.0},{"not_picked":["Sucker Punch+1","Outmaneuver"],"picked":"Backflip+1","floor":18},{"not_picked":["Dodge and Roll","Acrobatics"],"picked":"Blur","floor":20},{"not_picked":["PiercingWail+1","Cloak And Dagger"],"picked":"Catalyst","floor":27},{"not_picked":["Sucker Punch","Dagger Spray+1"],"picked":"Bane","floor":30},{"not_picked":["Acrobatics","Quick Slash"],"picked":"Die Die Die","floor":31}],"player_experience":808201,"relics_obtained":[{"floor":8.0,"key":"Dodecahedron"},{"floor":9.0,"key":"Matryoshka"},{"floor":12.0,"key":"Bag of Marbles"},{"floor":26,"key":"War Paint"},{"floor":26,"key":"Orichalcum"}],"event_choices":[{"damage_healed":0.0,"max_hp_gain":0.0,"max_hp_loss":0.0,"gold_gain":63.0,"event_name":"Golden Wing","player_choice":"Gained Gold","floor":3.0,"gold_loss":0.0,"damage_taken":0.0},{"damage_healed":0.0,"max_hp_gain":0.0,"max_hp_loss":0.0,"gold_gain":0.0,"event_name":"Shining Light","player_choice":"Ignored","floor":4.0,"gold_loss":0.0,"damage_taken":0.0},{"damage_healed":0,"gold_gain":0,"player_choice":"Simplicity","damage_taken":0,"max_hp_gain":0,"max_hp_loss":0,"event_name":"Back to Basics","floor":22,"gold_loss":0,"cards_upgraded":["Defend_G","Defend_G","Defend_G","Defend_G","Defend_G","Strike_G","Strike_G","Strike_G","Strike_G","Strike_G"]},{"damage_healed":0,"gold_gain":0,"player_choice":"Upgraded","damage_taken":0,"max_hp_gain":0,"max_hp_loss":0,"event_name":"Upgrade Shrine","floor":29,"gold_loss":0,"cards_upgraded":["Phantasmal Killer"]}],"is_beta":false,"boss_relics":[{"not_picked":["Runic Pyramid","Eternal Feather"],"picked":"WristBlade"}],"items_purged_floors":[],"is_endless":false,"potions_floor_spawned":[1,12,13,16,24,30,31],"killed_by":"Champ","ascension_level":9}