{"gold_per_floor":[112,162,173,185,23,49,49,49,49,49,49,60,80,92,92,163,163,175,90,103,103],"floor_reached":21,"playtime":513,"items_purged":["Strike_R"],"score":344,"play_id":"f065e0fa-3deb-4508-aa23-4c57b427344d","local_time":"20190603023907","is_ascension_mode":true,"campfire_choices":[{"data":"Inflame","floor":10.0,"key":"SMITH"},{"floor":15.0,"key":"REST"}],"neow_cost":"NONE","seed_source_timestamp":0,"circlet_count":0,"master_deck":["AscendersBane","Strike_R","Strike_R","Strike_R","Defend_R","Defend_R","Defend_R","Defend_R","Bash","Shrug It Off","Thunderclap","Rampage","Flex+1","Heavy Blade","Inflame+1","Whirlwind","Pummel","Double Tap","Seeing Red"],"special_seed":0,"relics":["Black Blood","NeowsBlessing","Mummified Hand","Gremlin Horn","Happy Flower"],"potions_floor_usage":[21],"damage_taken":[{"damage":0.0,"enemies":"Small Slimes","floor":1.0,"turns":1.0},{"damage":0.0,"enemies":"Cultist","floor":3.0,"turns":1.0},{"damage":0.0,"enemies":"2 Louse","floor":4.0,"turns":1.0},{"damage":62.0,"enemies":"Lagavulin","floor":6.0,"turns":7.0},{"damage":0.0,"enemies":"2 Fungi Beasts","floor":12.0,"turns":1.0},{"damage":8.0,"enemies":"Exordium Wildlife","floor":13.0,"turns":4.0},{"damage":0.0,"enemies":"Gremlin Gang","floor":14.0,"turns":1.0},{"damage":18.0,"enemies":"Slime Boss","floor":16.0,"turns":6.0},{"damage":44.0,"enemies":"Chosen","floor":18.0,"turns":6.0},{"damage":23.0,"enemies":"2 Thieves","floor":20.0,"turns":3.0},{"damage":18,"enemies":"Snecko","floor":21,"turns":2}],"seed_played":"4478990128811222578","potions_obtained":[{"floor":3.0,"key":"Strength Potion"},{"floor":6.0,"key":"Fire Potion"},{"floor":13.0,"key":"AttackPotion"},{"floor":14.0,"key":"Poison Potion"},{"floor":20.0,"key":"SteroidPotion"}],"is_trial":false,"path_per_floor":["M","?","M","M","$","E","?","?","T","R","$","M","M","M","R","B",null,"M","?","M","M"],"character_chosen":"IRONCLAD","items_purchased":["Flex","Heavy Blade"],"campfire_rested":1,"item_purchase_floors":[5,5],"current_hp_per_floor":[74,74,75,75,75,19,12,12,12,12,12,18,16,22,44,32,64,30,30,17,0],"gold":103,"neow_bonus":"THREE_ENEMY_KILL","is_prod":false,"is_daily":false,"chose_seed":false,"campfire_upgraded":1,"win_rate":0,"timestamp":1559554747,"path_taken":["M","?","?","M","$","E","?","?","T","R","?","?","M","?","R","BOSS","M","?","M","M"],"build_version":"2019-01-23","purchased_purges":1,"victory":false,"max_hp_per_floor":[75,75,75,75,75,75,75,75,75,75,75,75,75,75,75,75,75,75,75,75,75],"card_choices":[{"not_picked":["True Grit","Uppercut"],"picked":"Shrug It Off","floor":1.0},{"not_picked":["Clash","Dual Wield"],"picked":"Thunderclap","floor":3.0},{"not_picked":["Warcry","Exhume"],"picked":"Rampage","floor":4.0},{"not_picked":["True Grit","Feed"],"picked":"Inflame","floor":6.0},{"not_picked":["Fire Breathing","Cleave","Dual Wield"],"picked":"SKIP","floor":12.0},{"not_picked":["Thunderclap","Anger"],"picked":"Whirlwind","floor":13.0},{"not_picked":["Carnage","Entrench"],"picked":"Pummel","floor":14.0},{"not_picked":["Brutality","Exhume"],"picked":"Double Tap","floor":16.0},{"not_picked":["Headbutt","Thunderclap","Wild Strike"],"picked":"SKIP","floor":18.0},{"not_picked":["Shockwave","Wild Strike"],"picked":"Seeing Red","floor":20.0}],"player_experience":428832,"relics_obtained":[{"floor":6.0,"key":"Mummified Hand"},{"floor":9.0,"key":"Gremlin Horn"}],"event_choices":[{"damage_healed":0.0,"max_hp_gain":0.0,"max_hp_loss":0.0,"gold_gain":50.0,"event_name":"Golden Shrine","player_choice":"Pray","floor":2.0,"gold_loss":0.0,"damage_taken":0.0},{"cards_removed":["Strike_R"],"damage_healed":0.0,"max_hp_gain":0.0,"max_hp_loss":0.0,"gold_gain":0.0,"event_name":"Golden Wing","player_choice":"Card Removal","floor":7.0,"gold_loss":0.0,"damage_taken":7.0},{"damage_healed":0.0,"max_hp_gain":0.0,"max_hp_loss":0.0,"gold_gain":0.0,"event_name":"Living Wall","player_choice":"Grow","floor":8.0,"gold_loss":0.0,"damage_taken":0.0,"cards_upgraded":["Flex"]},{"damage_healed":0.0,"max_hp_gain":0.0,"max_hp_loss":0.0,"gold_gain":0.0,"event_name":"Addict","player_choice":"Obtained Relic","floor":19.0,"gold_loss":85.0,"damage_taken":0.0,"relics_obtained":["Happy Flower"]}],"is_beta":false,"boss_relics":[{"not_picked":["Snecko Eye","Coffee Dripper"],"picked":"Black Blood"}],"items_purged_floors":[5],"is_endless":false,"potions_floor_spawned":[3,6,13,14,20],"killed_by":"Snecko","ascension_level":18}