{"gold_per_floor":[117,136,61,61,78,78,95,95,95,123,23,34,34,50,50,127,127,143,63,63,78,58,85,85,101,101,101,101,118,131,141,141,141],"floor_reached":33,"playtime":2620,"items_purged":["Strike_R","Strike_R"],"score":538,"play_id":"cb406b0d-542c-4ac7-bbf7-91cf6f029166","local_time":"20190801181711","is_ascension_mode":true,"campfire_choices":[{"data":"Sword Boomerang","floor":6.0,"key":"SMITH"},{"data":"Bash","floor":8.0,"key":"SMITH"},{"data":"Flex","floor":15.0,"key":"SMITH"},{"data":"Flex","floor":24,"key":"SMITH"},{"data":"Sword Boomerang","floor":27,"key":"SMITH"},{"floor":32,"key":"REST"}],"neow_cost":"NONE","seed_source_timestamp":0,"circlet_count":0,"master_deck":["AscendersBane","Defend_R","Defend_R","Defend_R","Defend_R","Bash+1","Forethought","Flex+1","Twin Strike","Sword Boomerang+1","Sword Boomerang+1","Flex+1","Thunderclap","Heavy Blade","Flex+1"],"special_seed":0,"relics":["Burning Blood","Mercury Hourglass","The Courier","Calling Bell","Regal Pillow","Gremlin Horn","Thread and Needle","Lantern","Frozen Egg 2","FaceOfCleric"],"potions_floor_usage":[31,33],"damage_taken":[{"damage":4.0,"enemies":"Jaw Worm","floor":1.0,"turns":4.0},{"damage":0.0,"enemies":"2 Louse","floor":2.0,"turns":4.0},{"damage":1.0,"enemies":"Cultist","floor":5.0,"turns":3.0},{"damage":6.0,"enemies":"3 Louse","floor":7.0,"turns":3.0},{"damage":40.0,"enemies":"3 Sentries","floor":10.0,"turns":7.0},{"damage":9.0,"enemies":"Gremlin Gang","floor":12.0,"turns":3.0},{"damage":6.0,"enemies":"Exordium Thugs","floor":14.0,"turns":3.0},{"damage":13.0,"enemies":"The Guardian","floor":16.0,"turns":6.0},{"damage":23,"enemies":"Shell Parasite","floor":18,"turns":3},{"damage":0,"enemies":"3 Byrds","floor":21,"turns":2},{"damage":29,"enemies":"Gremlin Leader","floor":23,"turns":4},{"damage":0,"enemies":"Shelled Parasite and Fungi","floor":25,"turns":1},{"damage":19,"enemies":"Snecko","floor":29,"turns":4},{"damage":20,"enemies":"Cultist and Chosen","floor":30,"turns":5},{"damage":5,"enemies":"Centurion and Healer","floor":31,"turns":2},{"damage":83,"enemies":"Champ","floor":33,"turns":6}],"seed_played":"4902550600077050754","potions_obtained":[{"floor":12.0,"key":"Ancient Potion"},{"floor":14.0,"key":"Fire Potion"},{"floor":16.0,"key":"AttackPotion"},{"floor":18,"key":"Ancient Potion"}],"is_trial":false,"path_per_floor":["M","M","?","?","M","R","M","R","T","E","$","M","?","M","R","B",null,"M","$","?","M","$","E","R","M","T","R","?","M","M","M","R","B"],"character_chosen":"IRONCLAD","items_purchased":["Flex","Flex"],"campfire_rested":1,"item_purchase_floors":[11,22],"current_hp_per_floor":[70,75,75,75,75,75,75,75,75,41,41,38,38,38,38,31,64,47,47,47,53,53,30,30,36,36,36,36,24,11,13,51,0],"gold":141,"neow_bonus":"RANDOM_COLORLESS","is_prod":false,"is_daily":false,"chose_seed":false,"campfire_upgraded":5,"win_rate":0,"timestamp":1564708631,"path_taken":["M","M","?","?","M","R","M","R","T","E","$","M","?","?","R","BOSS","M","$","?","?","$","E","R","M","T","R","?","?","?","M","R","BOSS"],"build_version":"2019-07-17","purchased_purges":2,"victory":false,"max_hp_per_floor":[75,75,75,75,75,75,75,75,75,75,75,75,75,75,75,75,75,75,75,75,75,75,75,75,75,75,75,75,76,77,78,78,78],"card_choices":[{"not_picked":["Thunderclap","Perfected Strike"],"picked":"Flex","floor":1.0},{"not_picked":["Thunderclap","Body Slam"],"picked":"Twin Strike","floor":2.0},{"not_picked":["Pummel","Thunderclap"],"picked":"Sword Boomerang","floor":5.0},{"not_picked":["Bloodletting","Iron Wave","Reckless Charge"],"picked":"SKIP","floor":7.0},{"not_picked":["Brutality","Perfected Strike"],"picked":"Sword Boomerang","floor":10.0},{"not_picked":["Iron Wave","Feel No Pain","Bloodletting"],"picked":"SKIP","floor":12.0},{"not_picked":["Reckless Charge","Sword Boomerang"],"picked":"Thunderclap","floor":14.0},{"not_picked":["Metallicize","Dual Wield"],"picked":"Heavy Blade","floor":18},{"not_picked":["Infernal Blade","Metallicize","Shrug It Off+1"],"picked":"SKIP","floor":21},{"not_picked":["Headbutt","Sever Soul","Hemokinesis"],"picked":"SKIP","floor":23},{"not_picked":["Twin Strike","Thunderclap","Perfected Strike"],"picked":"SKIP","floor":25},{"not_picked":["Ghostly Armor","Flex","Wild Strike"],"picked":"SKIP","floor":29},{"not_picked":["Seeing Red","Sentinel","Infernal Blade"],"picked":"SKIP","floor":30},{"not_picked":["Metallicize+1","Havoc","Headbutt"],"picked":"SKIP","floor":31}],"player_experience":495780,"relics_obtained":[{"floor":9.0,"key":"Mercury Hourglass"},{"floor":10.0,"key":"The Courier"},{"floor":17,"key":"Regal Pillow"},{"floor":17,"key":"Gremlin Horn"},{"floor":17,"key":"Thread and Needle"},{"floor":23,"key":"Lantern"},{"floor":26,"key":"Frozen Egg 2"}],"event_choices":[{"cards_removed":["Strike_R"],"damage_healed":0.0,"max_hp_gain":0.0,"max_hp_loss":0.0,"gold_gain":0.0,"event_name":"The Cleric","player_choice":"Card Removal","floor":3.0,"gold_loss":75.0,"damage_taken":0.0},{"damage_healed":0.0,"max_hp_gain":0.0,"max_hp_loss":0.0,"gold_gain":0.0,"event_name":"Living Wall","player_choice":"Grow","floor":4.0,"gold_loss":0.0,"damage_taken":0.0,"cards_upgraded":["Flex"]},{"cards_removed":["Strike_R"],"damage_healed":0.0,"max_hp_gain":0.0,"max_hp_loss":0.0,"gold_gain":0.0,"event_name":"Purifier","player_choice":"Purged","floor":13.0,"gold_loss":0.0,"damage_taken":0.0},{"cards_removed":["Strike_R"],"damage_healed":0,"gold_gain":0,"player_choice":"Offered Basic","damage_taken":0,"max_hp_gain":0,"max_hp_loss":0,"event_name":"Bonfire Elementals","floor":20,"gold_loss":0},{"damage_healed":0,"gold_gain":0,"player_choice":"Trade","damage_taken":0,"relics_obtained":["FaceOfCleric"],"max_hp_gain":0,"max_hp_loss":0,"event_name":"FaceTrader","floor":28,"gold_loss":0}],"is_beta":false,"boss_relics":[{"not_picked":["Sozu","Mark of Pain"],"picked":"Calling Bell"}],"items_purged_floors":[11,19],"is_endless":false,"potions_floor_spawned":[12,14,16,18,23,29],"killed_by":"Champ","ascension_level":20}