{"gold_per_floor":[112,74,74,74,74,74,108,33,333,333,77,77,77,97,97,97],"floor_reached":16,"playtime":293,"items_purged":["Strike_G","Strike_G"],"score":161,"play_id":"d2304528-c19e-4a2f-9bd6-c9bf6bfbf27b","local_time":"20190523220144","is_ascension_mode":true,"campfire_choices":[{"data":"Catalyst","floor":6,"key":"SMITH"},{"data":"Neutralize","floor":10,"key":"SMITH"},{"data":"Well Laid Plans","floor":12,"key":"SMITH"},{"data":"Dagger Spray","floor":15,"key":"SMITH"}],"neow_cost":"NONE","seed_source_timestamp":503294739116400,"circlet_count":0,"master_deck":["Defend_G","Defend_G","Defend_G","Defend_G+1","Defend_G","Strike_G","Strike_G","Strike_G","Survivor+1","Neutralize+1","Escape Plan+1","Catalyst+1","Well Laid Plans+1","Dagger Spray+1"],"relics":["Ring of the Snake","NeowsBlessing","Golden Idol","Singing Bowl","Juzu Bracelet","Old Coin","Anchor"],"potions_floor_usage":[16,16],"damage_taken":[{"damage":0,"enemies":"Jaw Worm","floor":1,"turns":1},{"damage":0,"enemies":"3 Sentries","floor":7,"turns":1},{"damage":0,"enemies":"2 Louse","floor":14,"turns":2},{"damage":43,"enemies":"Slime Boss","floor":16,"turns":12}],"seed_played":"249441256239509627","potions_obtained":[{"floor":1,"key":"Weak Potion"},{"floor":14,"key":"SpeedPotion"}],"is_trial":false,"path_per_floor":["M","$","?","?","?","R","E","$","T","R","$","R","?","M","R","B"],"character_chosen":"THE_SILENT","items_purchased":["Catalyst","Anchor"],"campfire_rested":0,"item_purchase_floors":[2,11],"current_hp_per_floor":[63,63,63,50,43,43,43,43,43,43,43,43,43,43,43,0],"gold":97,"neow_bonus":"THREE_ENEMY_KILL","is_prod":false,"is_daily":false,"chose_seed":false,"campfire_upgraded":4,"win_rate":0,"timestamp":1558674104,"path_taken":["M","$","?","?","?","R","E","$","T","R","?","R","?","M","R","BOSS"],"build_version":"2019-01-23","purchased_purges":2,"victory":false,"max_hp_per_floor":[70,70,65,65,65,65,65,65,65,65,65,65,65,65,65,65],"card_choices":[{"not_picked":["Backflip","Quick Slash"],"picked":"Escape Plan","floor":1},{"not_picked":["Heel Hook","PiercingWail"],"picked":"Well Laid Plans","floor":7},{"not_picked":["Underhanded Strike","Bane"],"picked":"Dagger Spray","floor":14}],"player_experience":408862,"relics_obtained":[{"floor":7,"key":"Juzu Bracelet"},{"floor":9,"key":"Old Coin"}],"event_choices":[{"damage_healed":0,"gold_gain":0,"player_choice":"Lose Max HP","damage_taken":0,"relics_obtained":["Golden Idol"],"max_hp_gain":0,"max_hp_loss":5,"event_name":"Golden Idol","floor":3,"gold_loss":0},{"damage_healed":0,"gold_gain":0,"player_choice":"Entered Light","damage_taken":13,"max_hp_gain":0,"max_hp_loss":0,"event_name":"Shining Light","floor":4,"gold_loss":0,"cards_upgraded":["Escape Plan","Defend_G"]},{"damage_healed":0,"gold_gain":0,"player_choice":"Success","damage_taken":7,"relics_obtained":["Singing Bowl"],"max_hp_gain":0,"max_hp_loss":0,"event_name":"Scrap Ooze","floor":5,"gold_loss":0},{"damage_healed":0,"gold_gain":0,"player_choice":"Forge","damage_taken":0,"max_hp_gain":0,"max_hp_loss":0,"event_name":"Accursed Blacksmith","floor":13,"gold_loss":0,"cards_upgraded":["Survivor"]}],"is_beta":false,"boss_relics":[],"items_purged_floors":[8,11],"is_endless":false,"potions_floor_spawned":[1,14],"killed_by":"Slime Boss","ascension_level":7}