{"gold_per_floor":[110,123,53,72,72,72,107,122,197,197,211,136,91,103,103,206,206,218,230,145,145,163,28,61,71,71,99,198,214,89,89,89,184,184,204,259,273,123,140,172,172,172,250,250,261,261,279,313,313,313,313,313,16,16],"floor_reached":54,"playtime":22036,"items_purged":["Strike_G","Strike_G","Strike_G","Defend_G","Defend_G"],"score":737,"play_id":"2f7f2ff0-ef4f-4584-9da5-56e6fcb923f9","local_time":"20190724041904","is_ascension_mode":false,"campfire_choices":[{"floor":6,"key":"RECALL"},{"floor":10,"key":"REST"},{"floor":15,"key":"REST"},{"floor":32,"key":"REST"},{"floor":41,"key":"REST"},{"data":"Noxious Fumes","floor":44,"key":"SMITH"},{"floor":46,"key":"REST"},{"floor":49,"key":"REST"},{"data":"Burst","floor":52,"key":"SMITH"}],"neow_cost":"TEN_PERCENT_HP_LOSS","seed_source_timestamp":27466417363358,"circlet_count":0,"master_deck":["Defend_G","Defend_G","Defend_G","Survivor","Neutralize","Blur+1","Dodge and Roll","Noxious Fumes+1","Dagger Throw","Acrobatics","PiercingWail","Night Terror","Footwork","Tools of the Trade","Slice+1","Acrobatics","Cloak And Dagger","Blur","Caltrops+1","Predator","Quick Slash","Blur","Flying Knee+1","Deadly Poison","Cloak And Dagger+1","Crippling Poison+1","Flash of Steel+1","Dodge and Roll+1","Expertise","Burst+1","Blur","Underhanded Strike+1"],"relics":["Ring of the Snake","Mango","Torii","Busted Crown","Boot","Pocketwatch","Ornamental Fan","Omamori","Sozu","Unceasing Top","Molten Egg 2","Shuriken","Blood Vial"],"potions_floor_usage":[16,24,27,29,36,36,50],"damage_taken":[{"damage":0,"enemies":"Jaw Worm","floor":1,"turns":6},{"damage":0,"enemies":"Cultist","floor":2,"turns":4},{"damage":0,"enemies":"2 Louse","floor":4,"turns":4},{"damage":74,"enemies":"Gremlin Nob","floor":7,"turns":7},{"damage":0,"enemies":"Blue Slaver","floor":8,"turns":5},{"damage":2,"enemies":"Red Slaver","floor":11,"turns":7},{"damage":0,"enemies":"Looter","floor":13,"turns":5},{"damage":0,"enemies":"Large Slime","floor":14,"turns":6},{"damage":14,"enemies":"Hexaghost","floor":16,"turns":16},{"damage":2,"enemies":"Chosen","floor":18,"turns":8},{"damage":12,"enemies":"3 Byrds","floor":19,"turns":8},{"damage":10,"enemies":"Sentry and Sphere","floor":22,"turns":10},{"damage":10,"enemies":"Book of Stabbing","floor":24,"turns":9},{"damage":0,"enemies":"Snake Plant","floor":25,"turns":8},{"damage":1,"enemies":"Gremlin Leader","floor":27,"turns":8},{"damage":0,"enemies":"Centurion and Healer","floor":29,"turns":10},{"damage":19,"enemies":"Champ","floor":33,"turns":19},{"damage":1,"enemies":"Orb Walker","floor":35,"turns":5},{"damage":18,"enemies":"2 Orb Walkers","floor":36,"turns":8},{"damage":1,"enemies":"3 Shapes","floor":37,"turns":6},{"damage":1,"enemies":"Maw","floor":39,"turns":9},{"damage":24,"enemies":"Reptomancer","floor":40,"turns":9},{"damage":16,"enemies":"Spire Growth","floor":45,"turns":5},{"damage":4,"enemies":"Sphere and 2 Shapes","floor":47,"turns":5},{"damage":9,"enemies":"Giant Head","floor":48,"turns":9},{"damage":64,"enemies":"Donu and Deca","floor":50,"turns":14},{"damage":80,"enemies":"Shield and Spear","floor":54,"turns":9}],"seed_played":"-5898207733551001271","potions_obtained":[{"floor":7,"key":"Fire Potion"},{"floor":11,"key":"Regen Potion"},{"floor":21,"key":"Dexterity Potion"},{"floor":21,"key":"Swift Potion"},{"floor":22,"key":"Explosive Potion"},{"floor":24,"key":"GhostInAJar"},{"floor":27,"key":"Strength Potion"},{"floor":29,"key":"GhostInAJar"}],"is_trial":false,"path_per_floor":["M","M","$","M","?","R","E","M","T","R","M","$","M","M","R","B",null,"M","M","?","?","M","$","E","M","T","E","?","M","$","?","R","B",null,"M","?","M","$","M","E","R","?","T","R","M","R","M","E","R","B",null,"R","$","E"],"character_chosen":"THE_SILENT","items_purchased":["Noxious Fumes","Blur","Blur","Underhanded Strike+1"],"campfire_rested":6,"item_purchase_floors":[3,23,53,53],"current_hp_per_floor":[77,77,77,77,77,77,3,3,3,26,24,24,24,24,47,48,77,75,63,63,63,53,53,43,43,43,42,42,42,42,42,65,46,77,76,58,57,57,56,32,55,55,55,55,39,62,58,49,72,10,77,77,77,0],"gold":16,"neow_bonus":"ONE_RARE_RELIC","is_prod":false,"is_daily":false,"chose_seed":false,"campfire_upgraded":2,"win_rate":0,"timestamp":1563956344,"path_taken":["M","M","$","M","?","R","E","M","T","R","M","$","?","M","R","BOSS","M","M","?","?","?","$","E","M","T","E","?","M","$","?","R","BOSS","M","?","M","$","M","E","R","?","T","R","M","R","M","E","R","BOSS","R","$","E"],"build_version":"2019-07-17","purchased_purges":5,"victory":false,"max_hp_per_floor":[77,77,77,77,77,77,77,77,77,77,77,77,77,77,77,77,77,77,77,77,77,77,77,77,77,77,77,77,77,77,77,77,77,77,77,77,77,77,77,77,77,77,77,77,77,77,77,77,77,77,77,77,77,77],"card_choices":[{"not_picked":["Poisoned Stab","Flying Knee"],"picked":"Blur","floor":1},{"not_picked":["Infinite Blades","Slice"],"picked":"Dodge and Roll","floor":2},{"not_picked":["Quick Slash","Caltrops"],"picked":"Dagger Throw","floor":4},{"not_picked":["Accuracy","Crippling Poison"],"picked":"Acrobatics","floor":7},{"not_picked":["Prepared","Dagger Throw","Blade Dance"],"picked":"SKIP","floor":8},{"not_picked":["Acrobatics","Slice"],"picked":"PiercingWail","floor":11},{"not_picked":["Tactician","Flechettes"],"picked":"Night Terror","floor":13},{"not_picked":["Sucker Punch","Slice"],"picked":"Footwork","floor":14},{"not_picked":["Glass Knife","Doppelganger"],"picked":"Tools of the Trade","floor":16},{"not_picked":[],"picked":"Slice+1","floor":18},{"not_picked":[],"picked":"Acrobatics","floor":19},{"not_picked":[],"picked":"Cloak And Dagger","floor":22},{"not_picked":["Quick Slash"],"picked":"SKIP","floor":24},{"not_picked":[],"picked":"Caltrops+1","floor":25},{"not_picked":["Choke+1"],"picked":"SKIP","floor":27},{"not_picked":[],"picked":"Predator","floor":29},{"not_picked":[],"picked":"Flying Knee+1","floor":35},{"not_picked":[],"picked":"Deadly Poison","floor":36},{"not_picked":[],"picked":"Cloak And Dagger+1","floor":37},{"not_picked":[],"picked":"Crippling Poison+1","floor":39},{"not_picked":["Eviscerate"],"picked":"SKIP","floor":40},{"not_picked":[],"picked":"Flash of Steel+1","floor":42},{"not_picked":[],"picked":"Dodge and Roll+1","floor":45},{"not_picked":[],"picked":"Expertise","floor":47},{"not_picked":[],"picked":"Burst","floor":48}],"player_experience":145951,"relics_obtained":[{"floor":7,"key":"Torii"},{"floor":24,"key":"Pocketwatch"},{"floor":26,"key":"Ornamental Fan"},{"floor":27,"key":"Omamori"},{"floor":36,"key":"Unceasing Top"},{"floor":40,"key":"Molten Egg 2"},{"floor":43,"key":"Shuriken"},{"floor":48,"key":"Blood Vial"}],"event_choices":[{"damage_healed":0,"gold_gain":0,"player_choice":"Upgraded","damage_taken":0,"max_hp_gain":0,"max_hp_loss":0,"event_name":"Upgrade Shrine","floor":5,"gold_loss":0,"cards_upgraded":["Blur"]},{"damage_healed":0,"gold_gain":0,"player_choice":"Obtained Relic","damage_taken":0,"relics_obtained":["Boot"],"max_hp_gain":0,"max_hp_loss":0,"event_name":"Addict","floor":20,"gold_loss":85},{"damage_healed":0,"gold_gain":0,"player_choice":"Got Potions","damage_taken":0,"max_hp_gain":0,"max_hp_loss":0,"event_name":"Lab","floor":21,"gold_loss":0},{"damage_healed":0,"gold_gain":99,"player_choice":"Stole From Cult","damage_taken":0,"max_hp_gain":0,"max_hp_loss":0,"event_name":"Nest","floor":28,"gold_loss":0},{"damage_healed":0,"gold_gain":0,"cards_transformed":["Strike_G","Strike_G"],"player_choice":"Became Test Subject","damage_taken":0,"max_hp_gain":0,"max_hp_loss":0,"event_name":"Drug Dealer","floor":31,"gold_loss":0,"cards_obtained":["Quick Slash","Blur"]},{"damage_healed":0,"gold_gain":0,"player_choice":"Fight","damage_taken":0,"max_hp_gain":0,"max_hp_loss":0,"event_name":"Mysterious Sphere","floor":36,"gold_loss":0},{"damage_healed":0,"gold_gain":0,"player_choice":"Memory 1","damage_taken":0,"max_hp_gain":0,"max_hp_loss":0,"event_name":"SensoryStone","floor":42,"gold_loss":0}],"is_beta":false,"boss_relics":[{"not_picked":["Calling Bell","HoveringKite"],"picked":"Busted Crown"},{"not_picked":["Snecko Eye","WristBlade"],"picked":"Sozu"}],"items_purged_floors":[12,23,30,38,53],"is_endless":false,"potions_floor_spawned":[7,11,22,24,27,29,33,36,39,40,45],"killed_by":"Shield and Spear","ascension_level":0}