{"gold_per_floor":[119,44,44,44,58,58,94,115,141,184,184,219,219,238,238,363,363,363,263,263,263,263,263,263,263,263,263,263,138,138,138,138,138,138,138,138,138,138,138,138,138,138,138,138,138,138,138,138,138,138],"floor_reached":51,"playtime":3338,"items_purged":["Strike_R","Strike_R","Defend_R"],"score":736,"play_id":"fda37169-cb47-401d-8a77-47ca9bc4d8fa","local_time":"20190209105639","is_ascension_mode":true,"campfire_choices":[{"data":"Flex","floor":6,"key":"SMITH"},{"data":"Spot Weakness","floor":11,"key":"SMITH"},{"data":"Demon Form","floor":13,"key":"SMITH"},{"floor":15,"key":"REST"},{"data":"Bludgeon","floor":23,"key":"SMITH"},{"data":"Metallicize","floor":28,"key":"SMITH"},{"data":"Seeing Red","floor":30,"key":"SMITH"},{"data":"Reaper","floor":32,"key":"SMITH"},{"floor":42,"key":"REST"},{"data":"Parasite","floor":47,"key":"PURGE"},{"floor":49,"key":"REST"}],"neow_cost":"NONE","seed_source_timestamp":4527472548000,"circlet_count":0,"master_deck":["Strike_R","Strike_R","Defend_R","Defend_R","Defend_R","Bash+1","Dropkick+1","Flex+1","Metallicize+1","Seeing Red+1","Spot Weakness+1","Demon Form+1","Warcry","Bludgeon+1","Shrug It Off+1","Reaper+1","Necronomicurse","Twin Strike+1","Limit Break","True Grit+1","Pommel Strike+1","Flex+1","Whirlwind+1","Mayhem"],"relics":["Burning Blood","Golden Idol","Blood Vial","Red Skull","Whetstone","Bottled Tornado","Ectoplasm","Red Mask","Bottled Flame","Necronomicon","Bag of Preparation","Ancient Tea Set","Unceasing Top","Bottled Lightning","Fusion Hammer","Art of War","Paper Frog","Peace Pipe"],"potions_floor_usage":[12,16,16,20,22,24,24,33,40],"damage_taken":[{"damage":10,"enemies":"Jaw Worm","floor":1,"turns":6},{"damage":6,"enemies":"Small Slimes","floor":5,"turns":3},{"damage":30,"enemies":"Lagavulin","floor":7,"turns":6},{"damage":0,"enemies":"Cultist","floor":8,"turns":3},{"damage":32,"enemies":"Gremlin Nob","floor":10,"turns":5},{"damage":20,"enemies":"Lagavulin","floor":12,"turns":4},{"damage":15,"enemies":"Lots of Slimes","floor":14,"turns":5},{"damage":51,"enemies":"Slime Boss","floor":16,"turns":9},{"damage":17,"enemies":"Spheric Guardian","floor":18,"turns":4},{"damage":22,"enemies":"3 Byrds","floor":20,"turns":6},{"damage":9,"enemies":"Centurion and Healer","floor":21,"turns":6},{"damage":12,"enemies":"Masked Bandits","floor":22,"turns":4},{"damage":33,"enemies":"Gremlin Leader","floor":24,"turns":4},{"damage":14,"enemies":"Slavers","floor":27,"turns":5},{"damage":0,"enemies":"Colosseum Slavers","floor":31,"turns":2},{"damage":0,"enemies":"Colosseum Nobs","floor":31,"turns":3},{"damage":49,"enemies":"Champ","floor":33,"turns":6},{"damage":13,"enemies":"3 Shapes","floor":35,"turns":5},{"damage":0,"enemies":"Orb Walker","floor":38,"turns":1},{"damage":50,"enemies":"Reptomancer","floor":40,"turns":3},{"damage":6,"enemies":"Jaw Worm Horde","floor":44,"turns":4},{"damage":43,"enemies":"2 Orb Walkers","floor":45,"turns":6},{"damage":26,"enemies":"Writhing Mass","floor":46,"turns":4},{"damage":29,"enemies":"Time Eater","floor":50,"turns":4}],"seed_played":"3989437063552982513","potions_obtained":[{"floor":7,"key":"Poison Potion"},{"floor":8,"key":"Explosive Potion"},{"floor":12,"key":"SkillPotion"},{"floor":18,"key":"EntropicBrew"},{"floor":20,"key":"Dexterity Potion"},{"floor":22,"key":"FearPotion"},{"floor":27,"key":"Explosive Potion"},{"floor":33,"key":"GamblersBrew"},{"floor":38,"key":"Swift Potion"},{"floor":44,"key":"SteroidPotion"},{"floor":45,"key":"SmokeBomb"}],"is_trial":false,"path_per_floor":["M","$","?","?","M","R","E","M","T","E","R","E","R","M","R","B",null,"M","$","M","M","?","R","E","?","T","E","R","$","R","?","R","B",null,"M","?","$","M","?","E","?","R","T","M","?","M","R","?","R","B",null],"character_chosen":"IRONCLAD","items_purchased":[],"campfire_rested":3,"item_purchase_floors":[],"current_hp_per_floor":[76,76,74,84,84,84,60,68,68,44,44,32,32,25,50,7,84,73,73,59,58,54,54,29,13,13,35,35,35,35,51,51,38,84,83,83,83,84,84,40,73,73,73,73,36,33,33,33,54,38],"gold":138,"neow_bonus":"TRANSFORM_CARD","is_prod":false,"is_daily":false,"chose_seed":false,"campfire_upgraded":7,"win_rate":0,"timestamp":1549738599,"path_taken":["M","$","?","?","M","R","E","M","T","E","R","E","R","?","R","BOSS","M","?","M","M","?","R","E","?","T","E","R","$","R","?","R","BOSS","M","?","$","M","?","E","?","R","T","M","?","M","R","?","R","BOSS"],"build_version":"2019-01-23","purchased_purges":3,"victory":true,"max_hp_per_floor":[80,80,74,84,84,84,84,84,84,84,84,84,84,84,84,84,84,84,84,84,84,84,84,84,84,84,84,84,84,84,84,84,84,84,84,84,84,84,84,84,73,73,73,73,73,73,70,70,70,70],"card_choices":[{"not_picked":["Clash","Thunderclap"],"picked":"Dropkick","floor":1},{"not_picked":["Pommel Strike","Ghostly Armor"],"picked":"Flex","floor":5},{"not_picked":["Ghostly Armor","Iron Wave"],"picked":"Metallicize","floor":7},{"not_picked":["Entrench","Sword Boomerang"],"picked":"Seeing Red","floor":8},{"not_picked":["Pummel","Headbutt"],"picked":"Spot Weakness","floor":10},{"not_picked":["Cleave","Reckless Charge"],"picked":"Demon Form","floor":12},{"not_picked":["Iron Wave","Shockwave"],"picked":"Warcry","floor":14},{"not_picked":["Demon Form","Dark Embrace"],"picked":"Bludgeon","floor":16},{"not_picked":["Body Slam","Warcry","Anger+1"],"picked":"SKIP","floor":18},{"not_picked":["Pummel","Armaments"],"picked":"Shrug It Off+1","floor":20},{"not_picked":["Body Slam","Wild Strike","Pommel Strike"],"picked":"SKIP","floor":21},{"not_picked":["Sever Soul","Armaments"],"picked":"Reaper","floor":22},{"not_picked":["Feed","Body Slam"],"picked":"Armaments+1","floor":24},{"not_picked":["Shrug It Off","Headbutt"],"picked":"Twin Strike+1","floor":27},{"not_picked":["Reaper","Fiend Fire"],"picked":"Limit Break","floor":33},{"not_picked":["Havoc+1","Wild Strike"],"picked":"True Grit+1","floor":35},{"not_picked":["Fire Breathing","Pommel Strike","Uppercut+1"],"picked":"SKIP","floor":38},{"not_picked":["Anger+1","Clash"],"picked":"Pommel Strike+1","floor":40},{"not_picked":["Warcry+1","Iron Wave+1"],"picked":"Flex+1","floor":44},{"not_picked":["Hemokinesis+1","Uppercut+1"],"picked":"Whirlwind+1","floor":46},{"not_picked":["Flash of Steel","Purity"],"picked":"Mayhem","floor":48}],"player_experience":94890,"relics_obtained":[{"floor":7,"key":"Blood Vial"},{"floor":9,"key":"Red Skull"},{"floor":10,"key":"Whetstone"},{"floor":12,"key":"Bottled Tornado"},{"floor":22,"key":"Red Mask"},{"floor":24,"key":"Bottled Flame"},{"floor":25,"key":"Necronomicon"},{"floor":26,"key":"Bag of Preparation"},{"floor":27,"key":"Ancient Tea Set"},{"floor":31,"key":"Unceasing Top"},{"floor":31,"key":"Bottled Lightning"},{"floor":40,"key":"Art of War"},{"floor":43,"key":"Paper Frog"},{"floor":45,"key":"Peace Pipe"}],"event_choices":[{"damage_healed":0,"gold_gain":0,"player_choice":"Lose Max HP","damage_taken":0,"relics_obtained":["Golden Idol"],"max_hp_gain":0,"max_hp_loss":6,"event_name":"Golden Idol","floor":3,"gold_loss":0},{"cards_removed":["Brutality"],"damage_healed":0,"gold_gain":0,"player_choice":"Offered Rare","damage_taken":0,"max_hp_gain":10,"max_hp_loss":0,"event_name":"Bonfire Elementals","floor":4,"gold_loss":0},{"damage_healed":0,"gold_gain":0,"player_choice":"Fought Bandits","damage_taken":0,"max_hp_gain":0,"max_hp_loss":0,"event_name":"Masked Bandits","floor":22,"gold_loss":0},{"damage_healed":0,"gold_gain":0,"player_choice":"Obtained Book","damage_taken":16,"max_hp_gain":0,"max_hp_loss":0,"event_name":"Cursed Tome","floor":25,"gold_loss":0},{"damage_healed":0,"gold_gain":0,"player_choice":"Fight","damage_taken":0,"max_hp_gain":0,"max_hp_loss":0,"event_name":"Colosseum","floor":31,"gold_loss":0},{"damage_healed":0,"gold_gain":0,"player_choice":"Fought Nobs","damage_taken":0,"max_hp_gain":0,"max_hp_loss":0,"event_name":"Colosseum","floor":31,"gold_loss":0},{"damage_healed":0,"gold_gain":222,"player_choice":"Wore Mask","damage_taken":0,"max_hp_gain":0,"max_hp_loss":0,"event_name":"Tomb of Lord Red Mask","floor":36,"gold_loss":0},{"cards_removed":["Armaments"],"damage_healed":0,"gold_gain":0,"player_choice":"Removed Skill","damage_taken":0,"max_hp_gain":0,"max_hp_loss":0,"event_name":"Falling","floor":39,"gold_loss":0},{"damage_healed":73,"gold_gain":0,"player_choice":"Heal","damage_taken":0,"max_hp_gain":0,"max_hp_loss":11,"event_name":"The Moai Head","floor":41,"gold_loss":0},{"damage_healed":0,"gold_gain":0,"player_choice":"Fight","damage_taken":0,"max_hp_gain":0,"max_hp_loss":0,"event_name":"Mysterious Sphere","floor":45,"gold_loss":0},{"damage_healed":0,"gold_gain":0,"player_choice":"Memory 1","damage_taken":0,"max_hp_gain":0,"max_hp_loss":0,"event_name":"SensoryStone","floor":48,"gold_loss":0}],"is_beta":false,"boss_relics":[{"not_picked":["Runic Cube","Coffee Dripper"],"picked":"Ectoplasm"},{"not_picked":["White Beast Statue","Cursed Key"],"picked":"Fusion Hammer"}],"items_purged_floors":[2,19,29],"is_endless":false,"potions_floor_spawned":[7,8,12,18,20,22,27,33,38,44,45],"ascension_level":1}