{"gold_per_floor":[119,49,49,49,63,63,63,63,63,138,153,180,206,218,218,318,318,304,19,19,19,36,36,0,0,0,12,53,79,91,53,53,151,151,161,461,506,520,535,535,551,570,570,570,585,610,628,13,13,13],"floor_reached":50,"playtime":7618,"items_purged":["Normality"],"score":620,"play_id":"a11d9004-c5b6-4c9a-a074-b5a737bc0047","local_time":"20180723221244","is_ascension_mode":true,"campfire_choices":[{"data":"Neutralize","floor":6.0,"key":"SMITH"},{"data":"Footwork","floor":8.0,"key":"SMITH"},{"floor":15.0,"key":"REST"},{"floor":23.0,"key":"REST"},{"data":"After Image","floor":25.0,"key":"SMITH"},{"floor":27.0,"key":"REST"},{"data":"Apotheosis","floor":32,"key":"SMITH"},{"floor":40,"key":"REST"},{"floor":49,"key":"REST"}],"neow_cost":"NONE","seed_source_timestamp":0,"circlet_count":0,"master_deck":["Defend_G","Defend_G+1","Defend_G","Defend_G","Defend_G","Strike_G","Strike_G","Strike_G","Survivor","Neutralize+1","PiercingWail","Dodge and Roll","Footwork+1","Acrobatics","Dash","Well Laid Plans","Poisoned Stab","After Image+1","Accuracy","Apotheosis+1","Bandage Up+1","Flying Knee+1","Endless Agony","Blur+1","RitualDagger","Phantasmal Killer+1","Escape Plan+1","Caltrops","Noxious Fumes+1","Backflip+1","Envenom","Footwork+1","Dash+1","Normality","Prepared","Concentrate","Underhanded Strike+1","Footwork","Backstab","Dark Shackles"],"special_seed":0,"relics":["Ring of the Snake","Smiling Mask","Shuriken","Pen Nib","Cursed Key","MawBank","WristBlade","Old Coin","Torii","Matryoshka","Strawberry","War Paint","Letter Opener"],"potions_floor_usage":[33,35,37,45,50],"damage_taken":[{"damage":0.0,"enemies":"2 Louse","floor":1.0,"turns":5.0},{"damage":0.0,"enemies":"Small Slimes","floor":5.0,"turns":8.0},{"damage":0.0,"enemies":"Cultist","floor":11.0,"turns":7.0},{"damage":1.0,"enemies":"3 Sentries","floor":12.0,"turns":14.0},{"damage":0.0,"enemies":"Blue Slaver","floor":14.0,"turns":5.0},{"damage":26.0,"enemies":"The Guardian","floor":16.0,"turns":15.0},{"damage":10.0,"enemies":"2 Thieves","floor":18.0,"turns":4.0},{"damage":30.0,"enemies":"3 Byrds","floor":22.0,"turns":8.0},{"damage":1.0,"enemies":"Cultist and Chosen","floor":28.0,"turns":11.0},{"damage":6,"enemies":"Snake Plant","floor":29,"turns":7},{"damage":13,"enemies":"Automaton","floor":33,"turns":15},{"damage":15,"enemies":"Flame Bruiser 1 Orb","floor":35,"turns":10},{"damage":0,"floor":36,"turns":8},{"damage":14,"floor":37,"turns":8},{"damage":20,"enemies":"3 Shapes","floor":38,"turns":6},{"damage":12,"enemies":"3 Darklings","floor":39,"turns":8},{"damage":8,"enemies":"Sphere and 2 Shapes","floor":41,"turns":4},{"damage":0,"enemies":"Maw","floor":42,"turns":9},{"damage":22,"enemies":"3 Darklings","floor":45,"turns":8},{"damage":27,"enemies":"Nemesis","floor":46,"turns":9},{"damage":2,"enemies":"Transient","floor":47,"turns":5},{"damage":53,"enemies":"Awakened One","floor":50,"turns":13}],"seed_played":"-1078866171960467905","potions_obtained":[{"floor":1.0,"key":"Ancient Potion"},{"floor":4.0,"key":"Energy Potion"},{"floor":4.0,"key":"GamblersBrew"},{"floor":12.0,"key":"GamblersBrew"},{"floor":18.0,"key":"Explosive Potion"},{"floor":22.0,"key":"Fire Potion"},{"floor":33,"key":"GamblersBrew"},{"floor":35,"key":"Fire Potion"},{"floor":39,"key":"Swift Potion"},{"floor":41,"key":"Block Potion"},{"floor":45,"key":"GamblersBrew"}],"is_trial":false,"path_per_floor":["M","$","?","?","M","R","$","R","T","?","M","E","T","M","R","B",null,"M","$","?","?","M","R","?","R","T","R","M","M","?","$","R","B",null,"M","?","?","M","M","R","M","M","T","?","M","E","M","$","R"],"character_chosen":"THE_SILENT","items_purchased":["Footwork","Apotheosis","Bandage Up","Footwork","War Paint","Letter Opener","Backstab","Dark Shackles"],"campfire_rested":5,"item_purchase_floors":[2,19,19,48,48,48,48,48],"current_hp_per_floor":[70,70,70,70,70,70,70,70,70,59,59,58,58,58,70,44,70,60,60,60,60,34,55,55,55,55,70,70,70,64,64,64,55,70,61,65,55,39,31,52,50,56,56,56,38,24,22,22,45,0],"gold":13,"neow_bonus":"TRANSFORM_CARD","is_prod":false,"is_daily":false,"chose_seed":false,"campfire_upgraded":4,"win_rate":0,"timestamp":1532380364,"path_taken":["M","$","?","?","M","R","$","R","T","?","M","E","?","M","R","BOSS","M","$","?","?","?","R","?","R","T","R","M","M","?","?","R","BOSS","M","?","?","M","?","R","?","M","T","?","M","E","M","$","R","BOSS"],"build_version":"2018-07-19v2","purchased_purges":1,"victory":false,"max_hp_per_floor":[70,70,70,70,70,70,70,70,70,70,70,70,70,70,70,70,70,70,70,70,70,70,70,70,70,70,70,70,70,70,70,70,70,70,70,70,70,70,70,70,70,70,70,70,70,77,77,77,77,77],"card_choices":[{"not_picked":["Backstab","Predator"],"picked":"Dodge and Roll","floor":1.0},{"not_picked":["PiercingWail","Poisoned Stab"],"picked":"Acrobatics","floor":5.0},{"not_picked":["Predator","Cloak And Dagger"],"picked":"Dash","floor":11.0},{"not_picked":["Sucker Punch","Endless Agony"],"picked":"Well Laid Plans","floor":12.0},{"not_picked":["Underhanded Strike","Heel Hook"],"picked":"Poisoned Stab","floor":14.0},{"not_picked":["Malaise","Unload"],"picked":"After Image","floor":16.0},{"not_picked":["Dagger Spray","Deflect+1"],"picked":"Accuracy","floor":18.0},{"not_picked":["Dodge and Roll+1","Cloak And Dagger+1"],"picked":"Flying Knee+1","floor":22.0},{"not_picked":["Prepared","Poisoned Stab"],"picked":"Endless Agony","floor":28},{"not_picked":["Poisoned Stab","Cloak And Dagger"],"picked":"Blur+1","floor":29},{"not_picked":["Doppelganger","Die Die Die"],"picked":"Phantasmal Killer","floor":33},{"not_picked":["Terror","Heel Hook+1"],"picked":"Escape Plan+1","floor":35},{"not_picked":["Bane","Endless Agony"],"picked":"Caltrops","floor":36},{"not_picked":["Dodge and Roll","Deadly Poison+1"],"picked":"Noxious Fumes+1","floor":37},{"not_picked":["Sucker Punch+1","Quick Slash"],"picked":"Backflip+1","floor":38},{"not_picked":["Heel Hook","Prepared+1"],"picked":"Envenom","floor":39},{"not_picked":["Prepared","Choke"],"picked":"Footwork+1","floor":41},{"not_picked":["Poisoned Stab","Underhanded Strike+1"],"picked":"Dash+1","floor":42},{"not_picked":["Poisoned Stab","Deadly Poison"],"picked":"Prepared","floor":45},{"not_picked":["Deadly Poison","Distraction"],"picked":"Concentrate","floor":46},{"not_picked":["Prepared","Poisoned Stab"],"picked":"Underhanded Strike+1","floor":47}],"player_experience":447997,"relics_obtained":[{"floor":9.0,"key":"Smiling Mask"},{"floor":12.0,"key":"Shuriken"},{"floor":13.0,"key":"Pen Nib"},{"floor":26.0,"key":"MawBank"},{"floor":36,"key":"Old Coin"},{"floor":37,"key":"Torii"},{"floor":43,"key":"Matryoshka"},{"floor":46,"key":"Strawberry"}],"event_choices":[{"event_name":"The Cleric","player_choice":"Leave","floor":3.0,"damage_taken":0.0},{"event_name":"The Lab","player_choice":"Got Potions","floor":4.0,"damage_taken":0.0},{"event_name":"World of Goop","player_choice":"Gather Gold","floor":10.0,"damage_taken":0.0},{"event_name":"Purifier","player_choice":"One Purge","floor":20.0,"damage_taken":0.0},{"event_name":"Drug Dealer","player_choice":"Ignored","floor":21.0,"damage_taken":0.0},{"event_name":"Masked Bandits","player_choice":"Paid Bandits 36 gold","floor":24.0,"damage_taken":0.0},{"event_name":"Nest","player_choice":"Joined the Cult","floor":30,"damage_taken":0},{"event_name":"MindBloom","player_choice":"Fight","floor":36,"damage_taken":0},{"event_name":"Mysterious Sphere","player_choice":"Fight","floor":37,"damage_taken":0},{"event_name":"Upgrade Shrine","player_choice":"Upgraded","floor":44,"damage_taken":0}],"is_beta":false,"boss_relics":[{"not_picked":["Snecko Eye","Orrery"],"picked":"Cursed Key"},{"not_picked":["Runic Dome","Astrolabe"],"picked":"WristBlade"}],"items_purged_floors":[31],"is_endless":false,"potions_floor_spawned":[1,12,18,22,33,35,39,41,45],"killed_by":"Awakened One","ascension_level":2}