{"gold_per_floor":[118,43,43,59,59,59,59,74,149,149,49,80,80,80,80,175,175,186,216,216,231,245,245],"floor_reached":23,"playtime":4864,"items_purged":["Strike_B","Strike_B"],"score":212,"play_id":"005c9b3c-0564-4cda-91fc-983257322c7c","local_time":"20190801232802","is_ascension_mode":false,"campfire_choices":[{"data":"Dualcast","floor":7,"key":"SMITH"},{"data":"Defragment","floor":10,"key":"SMITH"},{"data":"Conserve Battery","floor":15,"key":"SMITH"}],"neow_cost":"NONE","seed_source_timestamp":25720089673739,"circlet_count":0,"master_deck":["Strike_B+1","Strike_B","Defend_B","Defend_B+1","Defend_B","Defend_B","Zap","Dualcast+1","Steam","Conserve Battery+1","Defragment+1","Hologram","Glacier+1","Cold Snap","Go for the Eyes","Lockon"],"relics":["Cracked Core","Blood Vial","Kunai","Bottled Lightning","Philosopher\u0027s Stone","Red Mask"],"potions_floor_usage":[19,19,23,23],"damage_taken":[{"damage":3,"enemies":"2 Louse","floor":1,"turns":4},{"damage":1,"enemies":"Jaw Worm","floor":4,"turns":4},{"damage":0,"enemies":"Cultist","floor":8,"turns":3},{"damage":3,"enemies":"Lagavulin","floor":12,"turns":7},{"damage":25,"enemies":"The Guardian","floor":16,"turns":11},{"damage":10,"enemies":"Spheric Guardian","floor":18,"turns":4},{"damage":38,"enemies":"Masked Bandits","floor":19,"turns":9},{"damage":0,"enemies":"Chosen","floor":21,"turns":10},{"damage":4,"enemies":"Snecko","floor":22,"turns":8},{"damage":115,"enemies":"Gremlin Leader","floor":23,"turns":14}],"seed_played":"80918393017864671","potions_obtained":[{"floor":8,"key":"SpeedPotion"},{"floor":16,"key":"Regen Potion"},{"floor":18,"key":"EssenceOfSteel"},{"floor":21,"key":"LiquidBronze"}],"is_trial":false,"path_per_floor":["M","$","?","M","?","$","R","M","T","R","$","E","?","$","R","B",null,"M","?","?","M","M","E"],"character_chosen":"DEFECT","items_purchased":[],"campfire_rested":0,"item_purchase_floors":[],"current_hp_per_floor":[72,72,69,70,55,55,55,57,57,57,57,56,61,61,61,38,80,70,34,90,90,86,0],"gold":245,"neow_bonus":"RANDOM_COMMON_RELIC","is_prod":false,"is_daily":false,"chose_seed":false,"campfire_upgraded":3,"win_rate":0,"timestamp":1564716482,"path_taken":["M","$","?","M","?","$","R","M","T","R","$","E","?","?","R","BOSS","M","?","?","M","M","E"],"build_version":"2019-07-17","purchased_purges":2,"victory":false,"max_hp_per_floor":[75,75,75,75,75,75,75,75,75,75,75,75,80,80,80,80,80,80,80,90,90,90,90],"card_choices":[{"not_picked":["Ball Lightning","Barrage"],"picked":"Steam","floor":1},{"not_picked":["Hello World","Streamline"],"picked":"Conserve Battery","floor":4},{"not_picked":["White Noise","Ball Lightning"],"picked":"Defragment","floor":8},{"not_picked":["Conserve Battery","Go for the Eyes"],"picked":"Hologram","floor":12},{"not_picked":["Amplify","Thunder Strike"],"picked":"All For One","floor":16},{"not_picked":["Streamline","Undo"],"picked":"Glacier+1","floor":18},{"not_picked":["Ball Lightning","Conserve Battery"],"picked":"Cold Snap","floor":19},{"not_picked":["Beam Cell","Tempest"],"picked":"Go for the Eyes","floor":21},{"not_picked":["Steam","Ball Lightning"],"picked":"Lockon","floor":22}],"player_experience":319010,"relics_obtained":[{"floor":12,"key":"Bottled Lightning"},{"floor":19,"key":"Red Mask"}],"event_choices":[{"damage_healed":0,"gold_gain":0,"player_choice":"Success","damage_taken":3,"relics_obtained":["Kunai"],"max_hp_gain":0,"max_hp_loss":0,"event_name":"Scrap Ooze","floor":3,"gold_loss":0},{"damage_healed":0,"gold_gain":0,"player_choice":"Entered Light","damage_taken":15,"max_hp_gain":0,"max_hp_loss":0,"event_name":"Shining Light","floor":5,"gold_loss":0,"cards_upgraded":["Strike_B","Defend_B"]},{"damage_healed":0,"gold_gain":0,"player_choice":"Donut","damage_taken":0,"max_hp_gain":5,"max_hp_loss":0,"event_name":"Big Fish","floor":13,"gold_loss":0},{"damage_healed":0,"gold_gain":0,"player_choice":"Fought Bandits","damage_taken":0,"max_hp_gain":0,"max_hp_loss":0,"event_name":"Masked Bandits","floor":19,"gold_loss":0},{"cards_removed":["All For One"],"damage_healed":46,"gold_gain":0,"player_choice":"Offered Rare","damage_taken":0,"max_hp_gain":10,"max_hp_loss":0,"event_name":"Bonfire Elementals","floor":20,"gold_loss":0}],"is_beta":false,"boss_relics":[{"not_picked":["Inserter","Snecko Eye"],"picked":"Philosopher\u0027s Stone"}],"items_purged_floors":[2,11],"is_endless":false,"potions_floor_spawned":[8,16,18,21],"killed_by":"Gremlin Leader","ascension_level":0}