{"gold_per_floor":[112,112,37,37,48,48,63,81,81,81,113,131,150,166,166,262,262,262,262,262,262,262,262,262,27,27,27,27,27,27,27,27,27],"floor_reached":33,"playtime":2144,"items_purged":["Regret"],"score":276,"play_id":"2f9dfa4a-ce1e-4b77-9332-56144bfdb1c3","local_time":"20180715003146","is_ascension_mode":false,"campfire_choices":[{"data":"Clash","floor":6,"key":"SMITH"},{"data":"Thunderclap","floor":10,"key":"SMITH"},{"data":"Sever Soul","floor":15,"key":"SMITH"},{"floor":23,"key":"REST"},{"floor":27,"key":"REST"},{"data":"Exhume","floor":30,"key":"SMITH"},{"floor":32,"key":"REST"}],"neow_cost":"NONE","seed_source_timestamp":354582669732081,"circlet_count":0,"master_deck":["Defend_R","Defend_R","Defend_R","Defend_R","Bash","Clash+1","Thunderclap+1","Feel No Pain","Pommel Strike","Sever Soul+1","Bite","Bite","Bite","Bite","Bite","RitualDagger","Fire Breathing+1","Finesse","Exhume+1"],"relics":["Burning Blood","Singing Bowl","Strawberry","Ectoplasm","Nloth\u0027s Gift","Happy Flower","Matryoshka"],"potions_floor_usage":[13,22],"damage_taken":[{"damage":2,"enemies":"Jaw Worm","floor":1,"turns":4},{"damage":5,"enemies":"Small Slimes","floor":5,"turns":3},{"damage":1,"enemies":"2 Louse","floor":7,"turns":3},{"damage":9,"enemies":"Blue Slaver","floor":8,"turns":3},{"damage":11,"enemies":"Gremlin Nob","floor":11,"turns":3},{"damage":0,"enemies":"Exordium Wildlife","floor":12,"turns":3},{"damage":24,"enemies":"Exordium Thugs","floor":13,"turns":4},{"damage":1,"enemies":"2 Fungi Beasts","floor":14,"turns":3},{"damage":56,"enemies":"Slime Boss","floor":16,"turns":12},{"damage":8,"enemies":"3 Byrds","floor":18,"turns":5},{"damage":25,"enemies":"Shell Parasite","floor":21,"turns":4},{"damage":51,"enemies":"Snake Plant","floor":22,"turns":5},{"damage":3,"enemies":"Centurion and Healer","floor":28,"turns":4},{"damage":36,"enemies":"Sentry and Sphere","floor":29,"turns":6},{"damage":36,"enemies":"Snake Plant","floor":31,"turns":4},{"damage":74,"enemies":"Champ","floor":33,"turns":8}],"seed_played":"6354235934463117717","potions_obtained":[{"floor":5,"key":"SteroidPotion"},{"floor":7,"key":"Energy Potion"},{"floor":13,"key":"SpeedPotion"},{"floor":14,"key":"Dexterity Potion"},{"floor":18,"key":"BloodPotion"},{"floor":22,"key":"Energy Potion"},{"floor":28,"key":"Ancient Potion"}],"is_trial":false,"path_per_floor":["M","?","$","?","M","R","M","M","T","R","E","M","M","M","R","B",null,"M","?","?","M","M","R","?","$","T","R","M","M","R","M","R"],"character_chosen":"IRONCLAD","items_purchased":["Happy Flower","Finesse"],"campfire_rested":3,"item_purchase_floors":[25,25],"current_hp_per_floor":[80,80,80,80,80,80,80,77,77,77,81,87,71,78,78,30,95,95,67,61,54,27,47,47,47,47,67,71,51,51,29,50,0],"gold":27,"neow_bonus":"THREE_CARDS","is_prod":false,"is_daily":false,"chose_seed":false,"campfire_upgraded":4,"win_rate":0,"timestamp":1531611106,"path_taken":["M","?","$","?","M","R","M","M","T","R","E","M","?","M","R","BOSS","M","?","?","?","M","R","?","$","T","R","M","M","R","M","R","BOSS"],"build_version":"2018-07-12","purchased_purges":1,"victory":false,"max_hp_per_floor":[80,80,80,80,80,80,80,80,80,80,89,89,91,93,93,95,95,97,67,67,69,69,69,69,69,69,69,71,71,71,73,73,73],"card_choices":[{"not_picked":["Reckless Charge","Flex"],"picked":"Clash","floor":0},{"not_picked":["Warcry","Infernal Blade"],"picked":"Thunderclap","floor":1},{"not_picked":["Corruption","Anger"],"picked":"Feel No Pain","floor":5},{"not_picked":["Flame Barrier","Clothesline"],"picked":"Pommel Strike","floor":7},{"not_picked":["Pommel Strike","Twin Strike","Perfected Strike"],"picked":"SKIP","floor":8},{"not_picked":["Dropkick","Havoc","Blood for Blood"],"picked":"Singing Bowl","floor":11},{"not_picked":["Clothesline","Shockwave"],"picked":"Sever Soul","floor":12},{"not_picked":["Headbutt","True Grit","Infernal Blade"],"picked":"Singing Bowl","floor":13},{"not_picked":["Perfected Strike","Blood for Blood","Hemokinesis"],"picked":"Singing Bowl","floor":14},{"not_picked":["Feed","Berserk","Fiend Fire"],"picked":"Singing Bowl","floor":16},{"not_picked":["Sword Boomerang","Disarm","Feel No Pain"],"picked":"Singing Bowl","floor":18},{"not_picked":["Iron Wave","Infernal Blade+1","Thunderclap"],"picked":"Singing Bowl","floor":21},{"not_picked":["Body Slam+1","Heavy Blade"],"picked":"Fire Breathing+1","floor":22},{"not_picked":["Clash+1","Twin Strike","Searing Blow"],"picked":"Singing Bowl","floor":28},{"not_picked":["Thunderclap","Iron Wave"],"picked":"Exhume","floor":29},{"not_picked":["Wild Strike+1","Juggernaut","Rage"],"picked":"Singing Bowl","floor":31}],"player_experience":326838,"relics_obtained":[{"floor":9,"key":"Singing Bowl"},{"floor":11,"key":"Strawberry"},{"floor":26,"key":"Matryoshka"}],"event_choices":[{"event_name":"Big Fish","player_choice":"Box","floor":2,"damage_taken":0},{"event_name":"The Cleric","player_choice":"Leave","floor":4,"damage_taken":0},{"event_name":"Vampires","player_choice":"Became a vampire","floor":19,"damage_taken":0},{"event_name":"Nest","player_choice":"Joined the Cult","floor":20,"damage_taken":0},{"event_name":"N\u0027loth","player_choice":"Traded a Gremlin Horn","floor":24,"damage_taken":0}],"boss_relics":[{"not_picked":["Runic Pyramid","Black Star"],"picked":"Ectoplasm"}],"items_purged_floors":[3],"is_endless":false,"potions_floor_spawned":[5,7,13,14,18,22,28],"killed_by":"Champ","ascension_level":0}