{"path_per_floor":["M","M","M","$","M","E","R","M","T","M","$","R","M","M","R","B",null,"M","?","M","$","M","R","M","?","T","?","?","M","R","?","R"],"character_chosen":"IRONCLAD","items_purchased":["Metallicize","Anchor"],"gold_per_floor":[112,122,132,50,67,94,94,108,135,149,74,74,90,105,105,207,207,181,181,194,38,57,57,72,72,72,72,72,88,88,88,88,88],"floor_reached":33,"campfire_rested":3,"playtime":2501,"item_purchase_floors":[],"current_hp_per_floor":[80,80,80,80,80,80,80,80,80,80,80,80,80,80,80,80,80,60,60,45,45,10,34,24,24,24,24,42,29,45,29,45,0],"items_purged":["Strike_R"],"gold":88,"score":326,"play_id":"40655828-e125-4f76-b9d0-54a44abbcd7c","local_time":"20180528131306","is_prod":false,"is_daily":false,"chose_seed":false,"is_ascension_mode":false,"campfire_upgraded":3,"win_rate":0,"timestamp":1527509586,"campfire_choices":[{"data":"Metallicize","floor":7.0,"key":"SMITH"},{"data":"Infernal Blade","floor":12.0,"key":"SMITH"},{"data":"Armaments","floor":15.0,"key":"SMITH"},{"floor":23.0,"key":"REST"},{"floor":30,"key":"REST"},{"floor":32,"key":"REST"}],"path_taken":["M","M","?","$","M","E","R","M","T","M","$","R","M","M","R","BOSS","M","?","M","$","M","R","M","?","T","?","?","M","R","?","R","BOSS"],"build_version":"2018-05-24","seed_source_timestamp":0,"purchased_purges":1,"victory":false,"master_deck":["Defend_R","Defend_R","Defend_R","Defend_R","Bash","Clash","Iron Wave","Headbutt","Metallicize+1","Dual Wield","Infernal Blade+1","Thunderclap","Armaments+1","Clash","Barricade","Dropkick","True Grit","Bite","Bite","Bite","Bite","Bite","Feed"],"max_hp_per_floor":[80,80,80,80,80,80,80,80,80,80,80,80,80,80,80,80,80,80,80,80,80,80,80,80,80,80,56,56,56,56,56,56,56],"relics":["Burning Blood","NeowsBlessing","Bottled Flame","Pen Nib","Runic Pyramid","Anchor","Juzu Bracelet","Nilry\u0027s Codex"],"card_choices":[{"not_picked":["Second Wind","Burning Pact"],"picked":"Clash","floor":1.0},{"not_picked":["Battle Trance","Uppercut"],"picked":"Iron Wave","floor":2.0},{"not_picked":["Pummel","Clothesline"],"picked":"Headbutt","floor":3.0},{"not_picked":["Ghostly Armor","Sever Soul"],"picked":"Dual Wield","floor":5.0},{"not_picked":["Second Wind","Iron Wave","Havoc"],"picked":"SKIP","floor":6.0},{"not_picked":["Corruption","Second Wind"],"picked":"Infernal Blade","floor":8.0},{"not_picked":["Dropkick","Fire Breathing"],"picked":"Thunderclap","floor":10.0},{"not_picked":["Heavy Blade","Berserk"],"picked":"Armaments","floor":13.0},{"not_picked":["Warcry","Anger"],"picked":"Clash","floor":14.0},{"not_picked":["Immolate","Feed"],"picked":"Barricade","floor":16.0},{"not_picked":["Seeing Red+1","Shockwave","Sword Boomerang"],"picked":"SKIP","floor":18.0},{"not_picked":["Warcry","Sever Soul"],"picked":"Dropkick","floor":20.0},{"not_picked":["Shrug It Off","Warcry+1"],"picked":"True Grit","floor":22.0},{"not_picked":["Clash","Blood for Blood","Rupture+1"],"picked":"SKIP","floor":24.0},{"not_picked":["Combust","Clash"],"picked":"Feed","floor":29.0}],"player_experience":210316,"potions_floor_usage":[],"damage_taken":[{"damage":0.0,"enemies":"Cultist","floor":1.0,"turns":1.0},{"damage":0.0,"enemies":"Jaw Worm","floor":2.0,"turns":1.0},{"damage":0.0,"enemies":"Small Slimes","floor":3.0,"turns":1.0},{"damage":0.0,"enemies":"2 Fungi Beasts","floor":5.0,"turns":4.0},{"damage":3.0,"enemies":"Gremlin Nob","floor":6.0,"turns":3.0},{"damage":0.0,"enemies":"Large Slime","floor":8.0,"turns":4.0},{"damage":1.0,"enemies":"3 Louse","floor":10.0,"turns":4.0},{"damage":1.0,"enemies":"Looter","floor":13.0,"turns":2.0},{"damage":1.0,"enemies":"Large Slime","floor":14.0,"turns":6.0},{"damage":0.0,"enemies":"Slime Boss","floor":16.0,"turns":3.0},{"damage":26.0,"enemies":"2 Thieves","floor":18.0,"turns":5.0},{"damage":21.0,"enemies":"Spheric Guardian","floor":20.0,"turns":6.0},{"damage":56.0,"enemies":"Cultist and Chosen","floor":22.0,"turns":10.0},{"damage":16.0,"enemies":"Centurion and Healer","floor":24.0,"turns":7.0},{"damage":24.0,"enemies":"Snake Plant","floor":29.0,"turns":6.0},{"damage":65,"enemies":"Automaton","floor":33,"turns":6}],"relics_obtained":[{"floor":6.0,"key":"Bottled Flame"},{"floor":9.0,"key":"Pen Nib"},{"floor":26.0,"key":"Juzu Bracelet"},{"floor":31,"key":"Nilry\u0027s Codex"}],"event_choices":[{"event_name":"Ghosts","player_choice":"Ignored","floor":19.0,"damage_taken":0.0},{"event_name":"Beggar","player_choice":"Ignored","floor":25.0,"damage_taken":0.0},{"event_name":"Vampires","player_choice":"Became a vampire","floor":27.0,"damage_taken":0.0},{"event_name":"The Library","player_choice":"Heal","floor":28.0,"damage_taken":0.0},{"event_name":"Cursed Tome","player_choice":"Obtained Book","floor":31,"damage_taken":0}],"boss_relics":[],"items_purged_floors":[],"potions_floor_spawned":[1,3,10,14,20],"seed_played":"4001675455193374466","killed_by":"Automaton","ascension_level":0,"potions_obtained":[{"floor":1.0,"key":"Regen Potion"},{"floor":3.0,"key":"Weak Potion"},{"floor":10.0,"key":"Swift Potion"}],"is_trial":false}