{"gold_per_floor":[144,244,169,214,259,349,394,394,394,294,384,59,104,149,149,449,449,494,344,269,269,314,314,404,449,474,474,334,379,424,424,424,724,724,769,814,859,859,904,994,1039,1141,1228,960,960,960,1005,1050,1050,1050],"floor_reached":51,"playtime":1379,"items_purged":["Iron Wave","Shrug It Off","Twin Strike","Shrug It Off","Shrug It Off","Pommel Strike"],"score":914,"play_id":"4811be1a-9f2c-4d25-b9b8-34395bb76b40","local_time":"20190218031819","daily_mods":["Draft","Vintage","Midas"],"is_ascension_mode":false,"campfire_choices":[{"floor":8,"key":"REST"},{"floor":15,"key":"REST"},{"floor":23,"key":"REST"},{"floor":27,"key":"REST"},{"floor":32,"key":"REST"},{"floor":46,"key":"REST"},{"floor":49,"key":"REST"}],"neow_cost":"","seed_source_timestamp":0,"circlet_count":0,"master_deck":["Flex","Twin Strike","Thunderclap","Whirlwind","Sword Boomerang","Evolve","Seeing Red","Flex+1"],"special_seed":17945,"relics":["Burning Blood","Vajra","Bottled Tornado","Juzu Bracelet","Happy Flower","Bag of Marbles","Toxic Egg 2","Self Forming Clay","Chemical X","Omamori","Ancient Tea Set","Busted Crown","Incense Burner","MutagenicStrength","Bottled Flame","StoneCalendar","The Courier","Blood Vial","Torii","Red Mask","Black Star","Bronze Scales","Oddly Smooth Stone","Strawberry","Centennial Puzzle","Bird Faced Urn","Dead Branch","MawBank","Boot","Ornamental Fan","Shuriken","Lantern","Kunai","Blue Candle"],"potions_floor_usage":[7,16,24,33],"damage_taken":[{"damage":0,"enemies":"Cultist","floor":1,"turns":2},{"damage":0,"enemies":"Jaw Worm","floor":4,"turns":3},{"damage":0,"enemies":"2 Louse","floor":5,"turns":1},{"damage":12,"enemies":"Lagavulin","floor":6,"turns":5},{"damage":0,"enemies":"Exordium Wildlife","floor":7,"turns":2},{"damage":9,"enemies":"3 Sentries","floor":11,"turns":2},{"damage":2,"enemies":"Looter","floor":13,"turns":2},{"damage":0,"enemies":"3 Louse","floor":14,"turns":1},{"damage":25,"enemies":"The Guardian","floor":16,"turns":7},{"damage":2,"enemies":"Chosen","floor":18,"turns":2},{"damage":5,"enemies":"3 Byrds","floor":22,"turns":2},{"damage":0,"enemies":"Slavers","floor":24,"turns":1},{"damage":0,"enemies":"Snake Plant","floor":25,"turns":1},{"damage":0,"enemies":"Centurion and Healer","floor":29,"turns":1},{"damage":0,"enemies":"Masked Bandits","floor":30,"turns":1},{"damage":8,"enemies":"Champ","floor":33,"turns":4},{"damage":0,"enemies":"Orb Walker","floor":35,"turns":1},{"damage":0,"enemies":"3 Shapes","floor":36,"turns":1},{"damage":3,"enemies":"Writhing Mass","floor":37,"turns":2},{"damage":15,"enemies":"4 Shapes","floor":39,"turns":1},{"damage":43,"enemies":"Giant Head","floor":40,"turns":6},{"damage":1,"enemies":"Transient","floor":41,"turns":5},{"damage":35,"enemies":"Reptomancer","floor":42,"turns":3},{"damage":0,"enemies":"Writhing Mass","floor":47,"turns":2},{"damage":12,"enemies":"Spire Growth","floor":48,"turns":2},{"damage":30,"enemies":"Donu and Deca","floor":50,"turns":3}],"seed_played":"-8239529163417230353","potions_obtained":[{"floor":1,"key":"GamblersBrew"},{"floor":7,"key":"LiquidBronze"},{"floor":11,"key":"Strength Potion"},{"floor":13,"key":"Strength Potion"},{"floor":16,"key":"LiquidBronze"},{"floor":24,"key":"Fruit Juice"},{"floor":33,"key":"SmokeBomb"},{"floor":36,"key":"Fire Potion"}],"is_trial":false,"path_per_floor":["M","?","$","M","M","E","M","R","T","$","E","$","M","M","R","B",null,"M","$","?","?","M","R","E","M","T","R","$","M","?","?","R","B",null,"M","M","M","?","M","E","M","E","T","$","?","R","M","M","R","B",null],"character_chosen":"IRONCLAD","items_purchased":["Chemical X","Lantern"],"campfire_rested":7,"item_purchase_floors":[12,44],"current_hp_per_floor":[80,80,80,80,80,74,80,80,80,80,77,77,80,80,80,61,80,80,80,80,80,80,80,85,85,85,85,85,85,85,85,85,83,85,85,85,92,92,83,48,57,30,30,30,30,57,65,61,88,68],"gold":1050,"neow_bonus":"","is_prod":false,"is_daily":true,"chose_seed":false,"campfire_upgraded":0,"win_rate":0,"timestamp":1550488699,"path_taken":["M","?","?","?","?","E","M","R","T","$","E","$","M","M","R","BOSS","M","$","?","?","M","R","E","M","T","R","$","M","?","?","R","BOSS","M","M","M","?","M","E","M","E","T","$","?","R","M","M","R","BOSS"],"build_version":"2019-01-23","purchased_purges":6,"victory":true,"max_hp_per_floor":[80,80,80,80,80,80,80,80,80,80,80,80,80,80,80,80,80,80,80,80,80,80,80,85,85,85,85,85,85,85,85,85,85,85,85,85,92,92,92,92,92,92,92,92,92,92,92,92,92,92],"card_choices":[{"not_picked":["Headbutt","Perfected Strike"],"picked":"Flex","floor":0},{"not_picked":["Hemokinesis","Havoc"],"picked":"Twin Strike","floor":0},{"not_picked":["Wild Strike","Rupture"],"picked":"Twin Strike","floor":0},{"not_picked":["Perfected Strike","Second Wind"],"picked":"Iron Wave","floor":0},{"not_picked":["Carnage","Warcry"],"picked":"Thunderclap","floor":0},{"not_picked":["Warcry","Twin Strike"],"picked":"Shrug It Off","floor":0},{"not_picked":["Cleave","Twin Strike"],"picked":"Whirlwind","floor":0},{"not_picked":["True Grit","Pommel Strike"],"picked":"Sword Boomerang","floor":0},{"not_picked":["Wild Strike","Heavy Blade"],"picked":"Cleave","floor":0},{"not_picked":["Shockwave","Reckless Charge"],"picked":"Evolve","floor":0},{"not_picked":["Iron Wave","Metallicize"],"picked":"Shrug It Off","floor":0},{"not_picked":["Headbutt","Twin Strike"],"picked":"Pommel Strike","floor":0},{"not_picked":["Pommel Strike","Evolve"],"picked":"Seeing Red","floor":0},{"not_picked":["True Grit","Bloodletting"],"picked":"Shrug It Off","floor":0},{"not_picked":["Headbutt","Iron Wave"],"picked":"Shrug It Off","floor":0},{"not_picked":["Metallicize","Carnage","Flame Barrier"],"picked":"SKIP","floor":6},{"not_picked":["Havoc+1","Infernal Blade+1","Rampage"],"picked":"SKIP","floor":11},{"not_picked":["Havoc+1","Infernal Blade+1","Rampage"],"picked":"SKIP","floor":11},{"not_picked":[],"picked":"Flex+1","floor":24},{"not_picked":["Infernal Blade+1"],"picked":"SKIP","floor":40},{"not_picked":["Intimidate+1"],"picked":"SKIP","floor":42}],"player_experience":190480,"relics_obtained":[{"floor":1,"key":"Vajra"},{"floor":4,"key":"Bottled Tornado"},{"floor":5,"key":"Juzu Bracelet"},{"floor":6,"key":"Happy Flower"},{"floor":7,"key":"Bag of Marbles"},{"floor":9,"key":"Toxic Egg 2"},{"floor":11,"key":"Self Forming Clay"},{"floor":13,"key":"Omamori"},{"floor":14,"key":"Ancient Tea Set"},{"floor":18,"key":"Incense Burner"},{"floor":22,"key":"Bottled Flame"},{"floor":24,"key":"StoneCalendar"},{"floor":25,"key":"The Courier"},{"floor":26,"key":"Blood Vial"},{"floor":29,"key":"Torii"},{"floor":30,"key":"Red Mask"},{"floor":35,"key":"Bronze Scales"},{"floor":36,"key":"Oddly Smooth Stone"},{"floor":37,"key":"Strawberry"},{"floor":39,"key":"Centennial Puzzle"},{"floor":40,"key":"Bird Faced Urn"},{"floor":40,"key":"Dead Branch"},{"floor":41,"key":"MawBank"},{"floor":42,"key":"Boot"},{"floor":42,"key":"Ornamental Fan"},{"floor":43,"key":"Shuriken"},{"floor":47,"key":"Kunai"},{"floor":48,"key":"Blue Candle"}],"event_choices":[{"damage_healed":0,"gold_gain":100,"player_choice":"Pray","damage_taken":0,"max_hp_gain":0,"max_hp_loss":0,"event_name":"Golden Shrine","floor":2,"gold_loss":0},{"cards_removed":["Cleave"],"damage_healed":0,"gold_gain":0,"player_choice":"Gave Gold","damage_taken":0,"max_hp_gain":0,"max_hp_loss":0,"event_name":"Beggar","floor":20,"gold_loss":75},{"damage_healed":0,"gold_gain":0,"player_choice":"Inject Mutagens","damage_taken":0,"relics_obtained":["MutagenicStrength"],"max_hp_gain":0,"max_hp_loss":0,"event_name":"Drug Dealer","floor":21,"gold_loss":0},{"damage_healed":0,"gold_gain":0,"player_choice":"Fought Bandits","damage_taken":0,"max_hp_gain":0,"max_hp_loss":0,"event_name":"Masked Bandits","floor":30,"gold_loss":0},{"damage_healed":0,"gold_gain":0,"player_choice":"Ignored","damage_taken":0,"max_hp_gain":0,"max_hp_loss":0,"event_name":"Ghosts","floor":31,"gold_loss":0},{"cards_removed":["Shrug It Off"],"damage_healed":0,"gold_gain":0,"player_choice":"Card Removal","damage_taken":0,"max_hp_gain":0,"max_hp_loss":0,"event_name":"Wheel of Change","floor":38,"gold_loss":0},{"damage_healed":0,"gold_gain":0,"player_choice":"Ignored","damage_taken":0,"max_hp_gain":0,"max_hp_loss":0,"event_name":"The Moai Head","floor":45,"gold_loss":0}],"is_beta":false,"boss_relics":[{"not_picked":["Orrery","Mark of Pain"],"picked":"Busted Crown"},{"not_picked":["Astrolabe","Lizard Tail"],"picked":"Black Star"}],"items_purged_floors":[3,10,12,19,28,44],"is_endless":false,"potions_floor_spawned":[1,7,11,13,16,22,24,33,36,39,40,41,42],"ascension_level":0}