{"gold_per_floor":[114,124,49,60,60,95,110,110,164,164,64,84,84,118,118,216,216,233,233,233],"floor_reached":20,"playtime":620,"items_purged":["Strike_B","Strike_B"],"score":237,"play_id":"fe86da1d-b617-47b6-a64f-c1c5cbfe4106","local_time":"20190610010914","is_ascension_mode":true,"campfire_choices":[{"data":"Dualcast","floor":10,"key":"SMITH"},{"data":"Zap","floor":13,"key":"SMITH"},{"floor":15,"key":"REST"}],"neow_cost":"NONE","seed_source_timestamp":0,"circlet_count":0,"master_deck":["Strike_B","Defend_B","Defend_B","Defend_B","Defend_B","Zap+1","Dualcast+1","Beam Cell","Rebound","White Noise","Beam Cell","Ball Lightning","Sweeping Beam","Seek"],"special_seed":0,"relics":["Cracked Core","Mummified Hand","Potion Belt","Juzu Bracelet","Inserter"],"potions_floor_usage":[6,12,16,18],"damage_taken":[{"damage":0.0,"enemies":"Cultist","floor":1.0,"turns":4.0},{"damage":0.0,"enemies":"Small Slimes","floor":2.0,"turns":3.0},{"damage":0,"enemies":"2 Louse","floor":4,"turns":2},{"damage":20,"enemies":"3 Sentries","floor":6,"turns":4},{"damage":8,"enemies":"Exordium Thugs","floor":7,"turns":4},{"damage":0,"enemies":"2 Fungi Beasts","floor":12,"turns":2},{"damage":36,"enemies":"Gremlin Nob","floor":14,"turns":4},{"damage":36,"enemies":"Slime Boss","floor":16,"turns":7},{"damage":29,"enemies":"2 Thieves","floor":18,"turns":3},{"damage":25,"enemies":"Colosseum Slavers","floor":19,"turns":3},{"damage":11,"enemies":"Spheric Guardian","floor":20,"turns":2}],"seed_played":"-6575638841248992538","potions_obtained":[{"floor":4,"key":"Poison Potion"},{"floor":7,"key":"Swift Potion"},{"floor":14,"key":"Block Potion"},{"floor":16,"key":"Fire Potion"}],"is_trial":false,"path_per_floor":["M","M","$","M","?","E","M","?","T","R","$","M","R","E","R","B",null,"M","?","M"],"character_chosen":"DEFECT","items_purchased":[],"campfire_rested":1,"item_purchase_floors":[],"current_hp_per_floor":[68,68,68,68,68,48,40,65,65,65,65,65,65,29,51,15,60,31,6,0],"gold":233,"neow_bonus":"REMOVE_CARD","is_prod":false,"is_daily":false,"chose_seed":false,"campfire_upgraded":2,"win_rate":0,"timestamp":1560154154,"path_taken":["M","M","$","?","?","E","?","?","T","R","?","M","R","E","R","BOSS","M","?","M"],"build_version":"2019-01-23","purchased_purges":2,"victory":false,"max_hp_per_floor":[75,75,75,75,75,75,75,75,75,75,75,75,75,75,75,75,75,75,75,75],"card_choices":[{"not_picked":["Double Energy","Compile Driver"],"picked":"Beam Cell","floor":1.0},{"not_picked":["Loop","Storm","Coolheaded"],"picked":"SKIP","floor":2.0},{"not_picked":["Heatsinks","Rip and Tear"],"picked":"Rebound","floor":4},{"not_picked":["Genetic Algorithm","Blizzard"],"picked":"Beam Cell","floor":6},{"not_picked":["Reprogram","Coolheaded","Turbo"],"picked":"SKIP","floor":7},{"not_picked":["Rebound","Reprogram"],"picked":"Ball Lightning","floor":12},{"not_picked":["Undo","Streamline"],"picked":"Sweeping Beam","floor":14},{"not_picked":["Meteor Strike","Hyperbeam"],"picked":"Seek","floor":16},{"not_picked":["Capacitor","Steam+1","Consume"],"picked":"SKIP","floor":18}],"player_experience":451089,"relics_obtained":[{"floor":6,"key":"Mummified Hand"},{"floor":9,"key":"Potion Belt"},{"floor":14,"key":"Juzu Bracelet"}],"event_choices":[{"damage_healed":0,"gold_gain":0,"player_choice":"1 cards matched","damage_taken":0,"max_hp_gain":0,"max_hp_loss":0,"event_name":"Match and Keep!","floor":5,"gold_loss":0,"cards_obtained":["White Noise"]},{"damage_healed":25,"gold_gain":0,"player_choice":"Banana","damage_taken":0,"max_hp_gain":0,"max_hp_loss":0,"event_name":"Big Fish","floor":8,"gold_loss":0},{"damage_healed":0,"gold_gain":0,"player_choice":"Fight","damage_taken":0,"max_hp_gain":0,"max_hp_loss":0,"event_name":"Colosseum","floor":19,"gold_loss":0},{"damage_healed":0,"gold_gain":0,"player_choice":"Fled From Nobs","damage_taken":0,"max_hp_gain":0,"max_hp_loss":0,"event_name":"Colosseum","floor":19,"gold_loss":0}],"is_beta":false,"boss_relics":[{"not_picked":["FrozenCore","Runic Pyramid"],"picked":"Inserter"}],"items_purged_floors":[3,11],"is_endless":false,"potions_floor_spawned":[4,7,14,16,19],"killed_by":"Spheric Guardian","ascension_level":6}