{"gold_per_floor":[119,119,119,39,50,50,77,77,100,100,119,119,44,56,56,56],"floor_reached":16,"playtime":730,"items_purged":["Parasite"],"score":118,"play_id":"71edaf8a-22d9-4021-947a-9266ec9a1cb8","local_time":"20180727183212","is_ascension_mode":true,"campfire_choices":[{"data":"Metallicize","floor":6,"key":"SMITH"},{"data":"Double Tap","floor":12,"key":"SMITH"},{"data":"Bash","floor":15,"key":"SMITH"}],"neow_cost":"NONE","seed_source_timestamp":1457953310044803,"circlet_count":0,"master_deck":["Strike_R","Strike_R","Strike_R","Defend_R","Defend_R","Defend_R","Defend_R","Bash+1","Double Tap+1","Metallicize+1","Feel No Pain","Pommel Strike","Headbutt"],"relics":["Burning Blood","Self Forming Clay","Pen Nib"],"potions_floor_usage":[7,16],"damage_taken":[{"damage":1,"enemies":"Cultist","floor":1,"turns":4},{"damage":3,"enemies":"Jaw Worm","floor":5,"turns":4},{"damage":43,"enemies":"Gremlin Nob","floor":7,"turns":5},{"damage":2,"enemies":"2 Louse","floor":11,"turns":4},{"damage":5,"enemies":"Looter","floor":14,"turns":5},{"damage":73,"enemies":"Hexaghost","floor":16,"turns":9}],"seed_played":"2234186203704516399","potions_obtained":[{"floor":1,"key":"BloodPotion"},{"floor":7,"key":"AttackPotion"},{"floor":14,"key":"Swift Potion"}],"is_trial":false,"path_per_floor":["M","?","?","$","M","R","E","?","T","?","M","R","$","M","R"],"character_chosen":"IRONCLAD","items_purchased":["Metallicize"],"campfire_rested":0,"item_purchase_floors":[4],"current_hp_per_floor":[80,73,73,73,76,76,47,47,47,67,71,71,71,72,72,0],"gold":56,"neow_bonus":"ONE_RANDOM_RARE_CARD","is_prod":false,"is_daily":false,"chose_seed":false,"campfire_upgraded":3,"win_rate":0,"timestamp":1532712732,"path_taken":["M","?","?","$","M","R","E","?","T","?","?","R","$","M","R","BOSS"],"build_version":"2018-07-26","purchased_purges":1,"victory":false,"max_hp_per_floor":[80,80,80,80,80,80,80,80,80,80,80,80,77,77,77,77],"card_choices":[{"not_picked":["Bloodletting","Warcry","Evolve"],"picked":"SKIP","floor":1},{"not_picked":["Warcry","Body Slam","Reckless Charge"],"picked":"SKIP","floor":5},{"not_picked":["Sword Boomerang","Combust"],"picked":"Feel No Pain","floor":7},{"not_picked":["Reckless Charge","Cleave"],"picked":"Pommel Strike","floor":11},{"not_picked":["Exhume","Dual Wield"],"picked":"Headbutt","floor":14}],"player_experience":517383,"relics_obtained":[{"floor":7,"key":"Self Forming Clay"},{"floor":9,"key":"Pen Nib"}],"event_choices":[{"event_name":"Golden Wing","player_choice":"Card Removal","floor":2,"damage_taken":0},{"event_name":"Bonfire Elementals","player_choice":"BASIC","floor":3,"damage_taken":0},{"event_name":"The Woman in Blue","player_choice":"Bought 0 Potions","floor":8,"damage_taken":0},{"event_name":"Mushrooms","player_choice":"Healed and dodged fight","floor":10,"damage_taken":0}],"is_beta":false,"boss_relics":[],"items_purged_floors":[13],"is_endless":false,"potions_floor_spawned":[1,7,14],"killed_by":"Hexaghost","ascension_level":4}