{"gold_per_floor":[113,63,83,83,94,94,94,121,121,121,147,147,147,58,58,159,159,170,184,184,184,109,109,125,225,252,101,118,135,135,151,151,252,252,266,112,112,126,144,144,44,62,113,113,124,124,136,136,136,136],"floor_reached":51,"playtime":9833,"items_purged":["Strike_R","Strike_R"],"score":645,"play_id":"ca3f3bee-7b25-4b2f-a626-9022b6fba493","local_time":"20180718095817","is_ascension_mode":false,"campfire_choices":[{"data":"Armaments","floor":6,"key":"SMITH"},{"data":"Bludgeon","floor":10,"key":"SMITH"},{"data":"Bash","floor":13,"key":"SMITH"},{"data":"Good Instincts","floor":15,"key":"SMITH"},{"data":"Pommel Strike","floor":23,"key":"SMITH"},{"floor":30,"key":"REST"},{"data":"Uppercut","floor":32,"key":"SMITH"},{"floor":40,"key":"REST"},{"floor":46,"key":"REST"},{"floor":49,"key":"REST"}],"neow_cost":"NONE","seed_source_timestamp":611161965863049,"circlet_count":0,"master_deck":["Strike_R","Strike_R","Defend_R","Defend_R","Defend_R","Defend_R","Bash+1","Clash","Armaments+1","Thunderclap","Bludgeon+1","Pommel Strike+1","Good Instincts+1","Impervious","Entrench","Uppercut+1","Limit Break","Fire Breathing+1","True Grit+1","Intimidate+1","Bludgeon+1","Spot Weakness+1","Heavy Blade+1","Flash of Steel"],"relics":["Burning Blood","NeowsBlessing","Darkstone Periapt","Bird Faced Urn","Kunai","Odd Mushroom","Sozu","Ancient Tea Set","Vajra","Fusion Hammer","Anchor","Blood Vial"],"potions_floor_usage":[8,8,50],"damage_taken":[{"damage":0,"enemies":"Small Slimes","floor":1,"turns":1},{"damage":0,"enemies":"Jaw Worm","floor":3,"turns":1},{"damage":0,"enemies":"2 Louse","floor":5,"turns":1},{"damage":11,"enemies":"Lagavulin","floor":8,"turns":5},{"damage":13,"floor":11,"turns":4},{"damage":32,"enemies":"Slime Boss","floor":16,"turns":9},{"damage":12,"enemies":"Shell Parasite","floor":18,"turns":4},{"damage":15,"enemies":"Spheric Guardian","floor":19,"turns":4},{"damage":3,"enemies":"Snecko","floor":24,"turns":4},{"damage":22,"enemies":"Sentry and Sphere","floor":28,"turns":6},{"damage":5,"enemies":"Centurion and Healer","floor":29,"turns":4},{"damage":9,"enemies":"Slaver and Parasite","floor":31,"turns":7},{"damage":26,"enemies":"Automaton","floor":33,"turns":11},{"damage":5,"enemies":"Flame Bruiser 1 Orb","floor":35,"turns":6},{"damage":0,"enemies":"3 Shapes","floor":38,"turns":5},{"damage":32,"enemies":"Spire Growth","floor":39,"turns":5},{"damage":5,"enemies":"Maw","floor":42,"turns":8},{"damage":6,"enemies":"Transient","floor":45,"turns":5},{"damage":20,"enemies":"4 Shapes","floor":47,"turns":6},{"damage":87,"enemies":"Awakened One","floor":50,"turns":13}],"seed_played":"5420331203937089329","potions_obtained":[{"floor":3,"key":"Dexterity Potion"},{"floor":4,"key":"Block Potion"},{"floor":4,"key":"Fire Potion"},{"floor":8,"key":"FairyPotion"}],"is_trial":false,"path_per_floor":["M","?","M","?","M","R","T","E","T","R","?","?","R","$","R","B",null,"M","M","?","?","$","R","M","?","T","$","M","M","R","M","R","B",null,"M","$","?","M","M","R","$","M","T","?","M","R","M","?","R","B"],"character_chosen":"IRONCLAD","items_purchased":["Good Instincts","Vajra","Anchor"],"campfire_rested":4,"item_purchase_floors":[14,27,36],"current_hp_per_floor":[80,80,80,80,80,80,80,75,75,75,68,73,73,73,73,47,85,79,70,70,70,70,70,73,73,73,73,57,58,83,80,80,60,85,85,85,85,85,59,84,84,85,85,85,85,85,71,71,85,14],"gold":136,"neow_bonus":"THREE_ENEMY_KILL","is_prod":false,"is_daily":false,"chose_seed":false,"campfire_upgraded":6,"win_rate":0,"timestamp":1531904297,"path_taken":["M","?","?","?","M","R","?","E","T","R","?","?","R","$","R","BOSS","M","?","?","?","$","R","?","?","T","$","?","?","R","M","R","BOSS","M","$","?","M","?","R","$","M","T","?","?","R","M","?","R","BOSS"],"build_version":"2018-07-12","purchased_purges":2,"victory":true,"max_hp_per_floor":[80,80,80,80,80,80,80,80,80,80,80,85,85,85,85,85,85,85,85,85,85,85,85,85,85,85,85,85,85,85,85,85,85,85,85,85,85,85,85,85,85,85,85,85,85,85,85,85,85,85],"card_choices":[{"not_picked":["Flex","Armaments"],"picked":"Clash","floor":1},{"not_picked":["Heavy Blade","Entrench"],"picked":"Armaments","floor":3},{"not_picked":["Seeing Red","Sentinel"],"picked":"Thunderclap","floor":5},{"not_picked":["Pommel Strike","Armaments"],"picked":"Bludgeon","floor":8},{"not_picked":["True Grit","Perfected Strike"],"picked":"Pommel Strike","floor":11},{"not_picked":["Dark Embrace","Limit Break"],"picked":"Impervious","floor":16},{"not_picked":["Flame Barrier","Sentinel","Sword Boomerang"],"picked":"SKIP","floor":18},{"not_picked":["Feel No Pain","Uppercut","Shrug It Off"],"picked":"SKIP","floor":19},{"not_picked":["Anger","Pommel Strike","Clothesline"],"picked":"SKIP","floor":24},{"not_picked":["Burning Pact","Corruption"],"picked":"Entrench","floor":28},{"not_picked":["Bloodletting+1","Twin Strike"],"picked":"Uppercut","floor":29},{"not_picked":["Iron Wave","Thunderclap+1","True Grit"],"picked":"SKIP","floor":31},{"not_picked":["Exhume","Offering"],"picked":"Limit Break","floor":33},{"not_picked":["Cleave+1","Sword Boomerang+1"],"picked":"Fire Breathing+1","floor":35},{"not_picked":["Flex+1","Pommel Strike+1","Armaments+1"],"picked":"SKIP","floor":38},{"not_picked":["Flex+1","Shrug It Off+1"],"picked":"True Grit+1","floor":39},{"not_picked":["Wild Strike","Iron Wave"],"picked":"Intimidate+1","floor":42},{"not_picked":["Iron Wave+1","Headbutt+1"],"picked":"Spot Weakness+1","floor":45},{"not_picked":["Thunderclap","Evolve"],"picked":"Heavy Blade+1","floor":47},{"not_picked":["Finesse","Purity"],"picked":"Flash of Steel","floor":48}],"player_experience":379227,"relics_obtained":[{"floor":7,"key":"Darkstone Periapt"},{"floor":8,"key":"Bird Faced Urn"},{"floor":9,"key":"Kunai"},{"floor":11,"key":"Odd Mushroom"},{"floor":26,"key":"Ancient Tea Set"},{"floor":43,"key":"Blood Vial"}],"event_choices":[{"event_name":"The Cleric","player_choice":"Card Removal","floor":2,"damage_taken":0},{"event_name":"The Lab","player_choice":"Got Potions","floor":4,"damage_taken":0},{"event_name":"Mushrooms","player_choice":"Fought Mushrooms","floor":11,"damage_taken":0},{"event_name":"Big Fish","player_choice":"Donut","floor":12,"damage_taken":0},{"event_name":"Drug Dealer","player_choice":"Ignored","floor":20,"damage_taken":0},{"event_name":"Ghosts","player_choice":"Ignored","floor":21,"damage_taken":0},{"event_name":"Golden Shrine","player_choice":"Pray","floor":25,"damage_taken":0},{"event_name":"Tomb of Lord Red Mask","player_choice":"Ignored","floor":37,"damage_taken":0},{"event_name":"Duplicator","player_choice":"One dupe","floor":44,"damage_taken":0},{"event_name":"SensoryStone","player_choice":"Memory 1","floor":48,"damage_taken":0}],"boss_relics":[{"not_picked":["Black Star","Ectoplasm"],"picked":"Sozu"},{"not_picked":["Runic Dome","Snecko Eye"],"picked":"Fusion Hammer"}],"items_purged_floors":[22,41],"is_endless":false,"potions_floor_spawned":[3,8,18,24,31,33,35,38,42,45,47],"ascension_level":0}