{"path_per_floor":["M","?","?","$","M","R","E","R","T","M","?","M","?","$","R","B",null,"M","?","M","$","M","R","?","M","T","M","M","M","?","$","R","B",null,"M","?","M","?","M","R","$","?","T","M","M","M","M","M","R"],"character_chosen":"THE_SILENT","items_purchased":["Torii","Underhanded Strike","Dagger Throw","Dagger Spray","Footwork","Lantern","Bag of Marbles","Well Laid Plans","Panacea","Bouncing Flask"],"gold_per_floor":[117,117,417,39,52,52,78,78,78,98,98,113,93,13,13,144,144,169,169,159,12,30,30,30,41,41,56,70,84,184,1,1,103,103,120,120,138,138,152,152,7,7,31,44,56,74,92,108,108,108],"floor_reached":50,"campfire_rested":5,"playtime":8974,"current_hp_per_floor":[68,54,51,51,50,70,33,54,54,54,37,37,37,37,58,48,70,70,70,70,70,63,63,63,68,68,70,70,70,70,70,70,25,70,66,80,80,70,53,77,77,77,80,80,80,70,75,72,80,0],"items_purged":[],"gold":108,"score":523,"play_id":"5f1bb234-8f19-4b73-ad12-18f9c949379d","local_time":"20180507215803","is_prod":false,"is_daily":false,"chose_seed":false,"is_ascension_mode":false,"campfire_upgraded":2,"timestamp":1525726683,"path_taken":["M","?","?","$","M","R","E","R","T","?","?","M","?","?","R","BOSS","M","?","?","$","M","R","?","M","T","?","M","M","?","$","R","BOSS","M","?","M","?","?","R","$","?","T","M","M","M","?","M","R","BOSS"],"build_version":"2018-05-03","seed_source_timestamp":1622717862623374,"purchased_purges":0,"victory":false,"master_deck":["Defend_G+1","Defend_G+1","Defend_G+1","Defend_G+1","Strike_G+1","Strike_G+1","Strike_G+1","Strike_G+1","Neutralize","Blur","Underhanded Strike","Dagger Throw","Outmaneuver","A Thousand Cuts+1","Noxious Fumes+1","Dodge and Roll","Dagger Spray","Unload","Footwork+1","After Image+1","Dash+1","Well Laid Plans+1","Poisoned Stab+1","Predator","Flying Knee","Die Die Die","PiercingWail","Well Laid Plans","Night Terror","Backflip+1","Finisher","Madness","Madness","PiercingWail+1","Panacea","Bouncing Flask","Choke","Deflect","Calculated Gamble+1","Backstab+1","Terror","Deadly Poison+1"],"max_hp_per_floor":[70,70,70,70,70,70,70,70,70,70,70,70,70,70,70,70,70,70,70,70,70,70,70,70,70,70,70,70,70,70,70,70,70,70,70,80,80,80,80,80,80,80,80,80,80,80,80,80,80,80],"relics":["Ring of the Snake","Old Coin","Torii","Thread and Needle","Ninja Scroll","Bloody Idol","Astrolabe","Lantern","Peace Pipe","Bag of Marbles","Velvet Choker","Whetstone"],"card_choices":[{"not_picked":["Prepared","Quick Slash"],"picked":"Blur","floor":1.0},{"not_picked":["PiercingWail","Dagger Throw"],"picked":"Outmaneuver","floor":5.0},{"not_picked":["Choke","Malaise"],"picked":"A Thousand Cuts","floor":7.0},{"not_picked":["Backflip","PiercingWail"],"picked":"Noxious Fumes","floor":10.0},{"not_picked":["Dagger Throw","PiercingWail"],"picked":"Dodge and Roll","floor":12.0},{"not_picked":["Venomology","Adrenaline"],"picked":"Unload","floor":16.0},{"not_picked":["Dagger Spray","Underhanded Strike"],"picked":"Dash","floor":18.0},{"not_picked":["Slice","Dash"],"picked":"Well Laid Plans","floor":20.0},{"not_picked":["Footwork","Flying Knee"],"picked":"Poisoned Stab","floor":22.0},{"not_picked":["Outmaneuver","Dagger Spray"],"picked":"Predator","floor":25.0},{"not_picked":["Dagger Spray","Dagger Throw"],"picked":"Flying Knee","floor":27},{"not_picked":["Quick Slash","Sucker Punch"],"picked":"Die Die Die","floor":28},{"not_picked":["Outmaneuver","Acrobatics"],"picked":"PiercingWail","floor":29},{"not_picked":["Bullet Time","Unload"],"picked":"Night Terror","floor":33},{"not_picked":["Poisoned Stab","Masterful Stab"],"picked":"Backflip","floor":35},{"not_picked":["Outmaneuver","All Out Attack"],"picked":"Finisher","floor":37},{"not_picked":["Flechettes","Acrobatics"],"picked":"PiercingWail","floor":39},{"not_picked":["Quick Slash","Reflex"],"picked":"Deflect","floor":44},{"not_picked":["Backflip","Well Laid Plans"],"picked":"Calculated Gamble","floor":45},{"not_picked":["Blur","Dash"],"picked":"Backstab","floor":46},{"not_picked":["Tactician","Flying Knee"],"picked":"Terror","floor":47},{"not_picked":["PiercingWail","Prepared"],"picked":"Deadly Poison","floor":48}],"player_experience":17186,"potions_floor_usage":[47,50,50],"damage_taken":[{"damage":2.0,"enemies":"2 Louse","floor":1.0,"turns":3.0},{"damage":1.0,"enemies":"Cultist","floor":5.0,"turns":3.0},{"damage":37.0,"enemies":"Gremlin Nob","floor":7.0,"turns":6.0},{"damage":0.0,"enemies":"Small Slimes","floor":10.0,"turns":4.0},{"damage":0.0,"enemies":"Looter","floor":12.0,"turns":4.0},{"damage":10.0,"enemies":"Slime Boss","floor":16.0,"turns":12.0},{"damage":0.0,"enemies":"Chosen","floor":18.0,"turns":7.0},{"damage":0.0,"enemies":"2 Thieves","floor":20.0,"turns":4.0},{"damage":7.0,"enemies":"Sentry and Sphere","floor":22.0,"turns":8.0},{"damage":0.0,"enemies":"Snake Plant","floor":25.0,"turns":7.0},{"damage":0,"enemies":"Slaver and Parasite","floor":27,"turns":9},{"damage":1,"enemies":"Centurion and Healer","floor":28,"turns":10},{"damage":1,"enemies":"Sentry and Sphere","floor":29,"turns":8},{"damage":50,"enemies":"Automaton","floor":33,"turns":14},{"damage":9,"enemies":"Orb Walker","floor":35,"turns":4},{"damage":1,"enemies":"3 Shapes","floor":37,"turns":5},{"damage":22,"enemies":"3 Darklings","floor":39,"turns":7},{"damage":2,"enemies":"Sphere and 2 Shapes","floor":44,"turns":5},{"damage":4,"enemies":"4 Shapes","floor":45,"turns":6},{"damage":15,"enemies":"3 Darklings","floor":46,"turns":7},{"damage":0,"enemies":"Sphere and 2 Shapes","floor":47,"turns":5},{"damage":8,"enemies":"4 Shapes","floor":48,"turns":7},{"damage":95,"enemies":"Donu and Deca","floor":50,"turns":7}],"event_choices":[{"event_name":"Shining Light","player_choice":"Entered Light","floor":2.0,"damage_taken":0.0},{"event_name":"Scrap Ooze","player_choice":"success","floor":3.0,"damage_taken":3.0},{"event_name":"Golden Idol","player_choice":"Take Damage","floor":11.0,"damage_taken":0.0},{"event_name":"The Woman in Blue","player_choice":"Bought 1 Potion","floor":13.0,"damage_taken":0.0},{"event_name":"Back to Basics","player_choice":"Simplicity","floor":19.0,"damage_taken":0.0},{"event_name":"Forgotten Altar","player_choice":"Gave Idol","floor":24.0,"damage_taken":0.0},{"event_name":"Golden Shrine","player_choice":"Pray","floor":30,"damage_taken":0},{"event_name":"Bonfire Elementals","player_choice":"RARE","floor":36,"damage_taken":0},{"event_name":"Winding Halls","player_choice":"Embrace Madness","floor":38,"damage_taken":0},{"event_name":"Transmorgrifier","player_choice":"Transform","floor":42,"damage_taken":0}],"boss_relics":[{"not_picked":["Philosopher\u0027s Stone","White Beast Statue"],"picked":"Velvet Choker"}],"potions_floor_spawned":[1,10,16,18,25,27,29,35,44,46,47,48],"seed_played":"-7892537316534502662","killed_by":"Donu and Deca","ascension_level":0,"is_trial":false}