{"gold_per_floor":[116,129,142,159,334,334,346,375,375,375,392,392,74,90,90,186,186,204,224,48,48,60,60,77,108,186,186,186],"floor_reached":28,"playtime":2263,"items_purged":["Doubt"],"score":339,"play_id":"45a0daac-398e-4ad5-b306-714a56410278","local_time":"20181020232423","is_ascension_mode":true,"campfire_choices":[{"floor":6,"key":"REST"},{"floor":12,"key":"REST"},{"floor":15,"key":"REST"},{"floor":23,"key":"REST"},{"floor":27,"key":"REST"}],"neow_cost":"NONE","seed_source_timestamp":93346156665216,"circlet_count":0,"master_deck":["Defend_G","Defend_G","Defend_G","Defend_G","Defend_G","Strike_G","Strike_G","Strike_G","Strike_G","Strike_G","Survivor","Neutralize","Backflip","Noxious Fumes","Prepared","Terror","Bane","Dagger Spray","Wraith Form v2+1","Slice","Catalyst","Noxious Fumes","Backstab","Malaise","Dash","Deflect+1","Infinite Blades","Dramatic Entrance","Envenom","Blade Dance","Bane+1","Corpse Explosion"],"relics":["Ring of the Snake","Pocketwatch","Pear","DollysMirror","Fusion Hammer","Smiling Mask","Ornamental Fan"],"potions_floor_usage":[7,16,19,24,25,28],"damage_taken":[{"damage":0,"enemies":"Jaw Worm","floor":1,"turns":5},{"damage":0,"enemies":"Small Slimes","floor":2,"turns":3},{"damage":4,"enemies":"Cultist","floor":3,"turns":5},{"damage":13,"enemies":"3 Louse","floor":4,"turns":5},{"damage":24,"enemies":"Lots of Slimes","floor":7,"turns":5},{"damage":40,"enemies":"3 Sentries","floor":8,"turns":10},{"damage":9,"enemies":"Looter","floor":11,"turns":3},{"damage":7,"enemies":"3 Louse","floor":14,"turns":2},{"damage":15,"enemies":"Hexaghost","floor":16,"turns":8},{"damage":16,"enemies":"3 Byrds","floor":18,"turns":7},{"damage":9,"enemies":"Shell Parasite","floor":19,"turns":4},{"damage":16,"enemies":"Centurion and Healer","floor":22,"turns":6},{"damage":6,"enemies":"Snake Plant","floor":24,"turns":4},{"damage":44,"enemies":"Book of Stabbing","floor":25,"turns":7},{"damage":26,"enemies":"Sentry and Sphere","floor":28,"turns":5}],"seed_played":"6392250451499583507","potions_obtained":[{"floor":3,"key":"SteroidPotion"},{"floor":7,"key":"LiquidBronze"},{"floor":16,"key":"PowerPotion"},{"floor":19,"key":"Dexterity Potion"},{"floor":22,"key":"Block Potion"},{"floor":24,"key":"GamblersBrew"}],"is_trial":false,"path_per_floor":["M","M","M","M","?","R","M","E","T","?","M","R","$","M","R","B",null,"M","M","$","?","M","R","M","E","T","R"],"character_chosen":"THE_SILENT","items_purchased":["Catalyst","DollysMirror","Infinite Blades","Dramatic Entrance"],"campfire_rested":5,"item_purchase_floors":[13,13,20,20],"current_hp_per_floor":[63,63,59,46,46,67,43,3,13,13,4,28,28,21,45,30,68,52,43,43,43,27,51,45,1,1,25,0],"gold":186,"neow_bonus":"THREE_CARDS","is_prod":false,"is_daily":false,"chose_seed":false,"campfire_upgraded":0,"win_rate":0,"timestamp":1540074263,"path_taken":["M","M","M","M","?","R","?","E","T","?","M","R","$","M","R","BOSS","M","M","$","?","M","R","M","E","T","R","M"],"build_version":"2018-10-18","purchased_purges":1,"victory":false,"max_hp_per_floor":[70,70,70,70,70,70,70,70,80,80,80,80,80,80,80,80,80,80,80,80,80,80,80,80,80,80,80,80],"card_choices":[{"not_picked":["Calculated Gamble","Bane"],"picked":"Backflip","floor":0},{"not_picked":["Blade Dance","Underhanded Strike"],"picked":"Noxious Fumes","floor":1},{"not_picked":["Backflip","Heel Hook"],"picked":"Prepared","floor":2},{"not_picked":["Blade Dance","Deadly Poison"],"picked":"Terror","floor":3},{"not_picked":["Concentrate","Endless Agony"],"picked":"Bane","floor":4},{"not_picked":["Skewer","Deflect"],"picked":"Dagger Spray","floor":7},{"not_picked":["Poisoned Stab","Outmaneuver"],"picked":"Wraith Form v2","floor":8},{"not_picked":["Skewer","Choke"],"picked":"Slice","floor":11},{"not_picked":["Dagger Spray","Terror"],"picked":"Backstab","floor":14},{"not_picked":["Phantasmal Killer","Night Terror"],"picked":"Malaise","floor":16},{"not_picked":["Masterful Stab+1","Poisoned Stab"],"picked":"Dash","floor":18},{"not_picked":["PiercingWail+1","Accuracy"],"picked":"Deflect+1","floor":19},{"not_picked":["Dagger Spray","Underhanded Strike+1"],"picked":"Blade Dance","floor":22},{"not_picked":["Sucker Punch","Terror"],"picked":"Bane+1","floor":24},{"not_picked":["Tactician","All Out Attack"],"picked":"Corpse Explosion","floor":25}],"player_experience":727840,"relics_obtained":[{"floor":8,"key":"Pocketwatch"},{"floor":9,"key":"Pear"},{"floor":25,"key":"Smiling Mask"},{"floor":26,"key":"Ornamental Fan"}],"event_choices":[{"damage_healed":0,"gold_gain":175,"player_choice":"AGREE","damage_taken":0,"max_hp_gain":0,"max_hp_loss":0,"event_name":"Liars Game","floor":5,"gold_loss":0,"cards_obtained":["Doubt"]},{"damage_healed":0,"gold_gain":0,"player_choice":"Upgraded","damage_taken":0,"max_hp_gain":0,"max_hp_loss":0,"event_name":"Upgrade Shrine","floor":10,"gold_loss":0,"cards_upgraded":["Wraith Form v2"]},{"damage_healed":0,"gold_gain":0,"player_choice":"1 cards matched","damage_taken":0,"max_hp_gain":0,"max_hp_loss":0,"event_name":"Match and Keep!","floor":21,"gold_loss":0,"cards_obtained":["Envenom"]}],"is_beta":false,"boss_relics":[{"not_picked":["HoveringKite","Lizard Tail"],"picked":"Fusion Hammer"}],"items_purged_floors":[13],"is_endless":false,"potions_floor_spawned":[3,7,16,19,22,24],"killed_by":"Sentry and Sphere","ascension_level":8}