{"gold_per_floor":[109,109,284,359,373,406,406,424,424,485,500,192,212,231,231,328,328,328,60,60,60,60,60,60,60,60,0,0,0],"floor_reached":29,"playtime":5541,"items_purged":["Doubt"],"score":223,"play_id":"293b6e1a-88e1-42d2-8a79-4f49652178cc","local_time":"20190716025228","is_ascension_mode":false,"campfire_choices":[{"floor":7.0,"key":"REST"},{"floor":15.0,"key":"REST"},{"floor":23.0,"key":"REST"},{"floor":25.0,"key":"REST"}],"neow_cost":"TEN_PERCENT_HP_LOSS","seed_source_timestamp":0,"circlet_count":0,"master_deck":["Strike_R","Strike_R","Strike_R","Strike_R","Defend_R","Defend_R","Defend_R","True Grit","Shockwave","Clothesline","Inflame","Cleave","Rage","Offering","Second Wind","Inflame+1","Warcry","Headbutt","Uppercut","Pommel Strike","Demon Form+1","Entrench+1","Warcry","Armaments+1","Burning Pact","Infernal Blade","Shrug It Off","Purity"],"special_seed":0,"relics":["Burning Blood","Ornamental Fan","Frozen Egg 2","Dream Catcher","Ectoplasm","Bottled Flame"],"potions_floor_usage":[],"damage_taken":[{"damage":4.0,"enemies":"Small Slimes","floor":1.0,"turns":4.0},{"damage":0.0,"enemies":"2 Louse","floor":5.0,"turns":4.0},{"damage":48.0,"enemies":"3 Sentries","floor":6.0,"turns":12.0},{"damage":1.0,"enemies":"Jaw Worm","floor":8.0,"turns":5.0},{"damage":17.0,"enemies":"3 Louse","floor":11.0,"turns":3.0},{"damage":10.0,"enemies":"2 Fungi Beasts","floor":13.0,"turns":4.0},{"damage":8.0,"enemies":"Red Slaver","floor":14.0,"turns":6.0},{"damage":35.0,"enemies":"Hexaghost","floor":16.0,"turns":11.0},{"damage":11.0,"enemies":"Chosen","floor":18.0,"turns":5.0},{"damage":20.0,"enemies":"Spheric Guardian","floor":21.0,"turns":5.0},{"damage":31.0,"enemies":"Snake Plant","floor":22.0,"turns":6.0},{"damage":65,"enemies":"Cultist and Chosen","floor":29,"turns":8}],"seed_played":"7752327977607627351","potions_obtained":[{"floor":6.0,"key":"SpeedPotion"},{"floor":11.0,"key":"EntropicBrew"},{"floor":14.0,"key":"Swift Potion"},{"floor":16.0,"key":"PowerPotion"},{"floor":21.0,"key":"Regen Potion"}],"is_trial":false,"path_per_floor":["M","?","?","?","M","E","R","M","T","?","M","$","M","M","R","B",null,"M","$","?","M","M","R","?","R","T","?","?","M"],"character_chosen":"IRONCLAD","items_purchased":["Inflame+1","Warcry","Dream Catcher","Warcry","Bottled Flame"],"campfire_rested":4,"item_purchase_floors":[12,12,12,19,19],"current_hp_per_floor":[72,72,72,61,67,25,46,51,51,51,40,40,36,34,55,26,72,67,67,67,53,43,64,51,74,74,74,60,0],"gold":0,"neow_bonus":"TRANSFORM_TWO_CARDS","is_prod":false,"is_daily":false,"chose_seed":false,"campfire_upgraded":0,"win_rate":0,"timestamp":1563259948,"path_taken":["M","?","?","?","M","E","R","?","T","?","M","$","M","M","R","BOSS","M","$","?","M","?","R","?","R","T","?","?","M"],"build_version":"2019-07-05","purchased_purges":1,"victory":false,"max_hp_per_floor":[72,72,72,72,72,72,72,72,72,72,72,72,72,72,72,72,72,72,72,72,72,72,72,77,77,77,77,77,77],"card_choices":[{"not_picked":["Sword Boomerang","True Grit"],"picked":"Clothesline","floor":1.0},{"not_picked":["Perfected Strike","Heavy Blade"],"picked":"Cleave","floor":5.0},{"not_picked":["Anger","Cleave"],"picked":"Rage","floor":6.0},{"not_picked":["Carnage","Inflame"],"picked":"Offering","floor":8.0},{"not_picked":["Shrug It Off","Warcry"],"picked":"Second Wind","floor":11.0},{"not_picked":["Flex","True Grit"],"picked":"Headbutt","floor":13.0},{"not_picked":["Iron Wave","Heavy Blade"],"picked":"Uppercut","floor":14.0},{"not_picked":["Sword Boomerang","Thunderclap"],"picked":"Pommel Strike","floor":15.0},{"not_picked":["Limit Break","Brutality+1"],"picked":"Demon Form+1","floor":16.0},{"not_picked":["Headbutt","Reckless Charge"],"picked":"Entrench+1","floor":18.0},{"not_picked":["Heavy Blade","Perfected Strike"],"picked":"Armaments+1","floor":21.0},{"not_picked":["Clash","Bloodletting"],"picked":"Burning Pact","floor":22.0},{"not_picked":["Perfected Strike+1","Shrug It Off"],"picked":"Infernal Blade","floor":23.0},{"not_picked":["Rage","Thunderclap"],"picked":"Shrug It Off","floor":25.0}],"player_experience":55369,"relics_obtained":[{"floor":6.0,"key":"Ornamental Fan"},{"floor":9.0,"key":"Frozen Egg 2"}],"event_choices":[{"damage_healed":0.0,"max_hp_gain":0.0,"max_hp_loss":0.0,"gold_gain":0.0,"cards_transformed":["Strike_R"],"event_name":"Living Wall","player_choice":"Change","floor":2.0,"gold_loss":0.0,"damage_taken":0.0,"cards_obtained":["Inflame"]},{"damage_healed":0.0,"max_hp_gain":0.0,"max_hp_loss":0.0,"gold_gain":175.0,"event_name":"Liars Game","player_choice":"AGREE","floor":3.0,"gold_loss":0.0,"damage_taken":0.0,"cards_obtained":["Doubt"]},{"damage_healed":0.0,"max_hp_gain":0.0,"max_hp_loss":0.0,"gold_gain":75.0,"event_name":"World of Goop","player_choice":"Gather Gold","floor":4.0,"gold_loss":0.0,"damage_taken":11.0},{"damage_healed":0.0,"max_hp_gain":0.0,"max_hp_loss":0.0,"gold_gain":61.0,"event_name":"Golden Wing","player_choice":"Gained Gold","floor":10.0,"gold_loss":0.0,"damage_taken":0.0},{"damage_healed":0.0,"max_hp_gain":0.0,"max_hp_loss":0.0,"gold_gain":0.0,"event_name":"FaceTrader","player_choice":"Leave","floor":20.0,"gold_loss":0.0,"damage_taken":0.0},{"damage_healed":0.0,"max_hp_gain":5.0,"max_hp_loss":0.0,"gold_gain":0.0,"event_name":"Forgotten Altar","player_choice":"Shed Blood","floor":24.0,"gold_loss":0.0,"damage_taken":18.0},{"damage_healed":0.0,"max_hp_gain":0.0,"max_hp_loss":0.0,"gold_gain":0.0,"event_name":"Masked Bandits","player_choice":"Paid Fearfully","floor":27.0,"gold_loss":60.0,"damage_taken":0.0},{"damage_healed":0.0,"max_hp_gain":0.0,"max_hp_loss":0.0,"gold_gain":0.0,"event_name":"Knowing Skull","player_choice":"CARD ","floor":28.0,"potions_obtained":[],"gold_loss":0.0,"damage_taken":14.0,"cards_obtained":["Purity"]}],"is_beta":false,"boss_relics":[{"not_picked":["Empty Cage","White Beast Statue"],"picked":"Ectoplasm"}],"items_purged_floors":[12],"is_endless":false,"potions_floor_spawned":[6,11,14,16,21],"killed_by":"Cultist and Chosen","ascension_level":0}