{"gold_per_floor":[111,111,124,134,149,149,114,144,167,177,192,192,206,222,222,324,324,343,618,276,292,41,66,66,77,77,77,91,68,99,99,99,204,204,219,219,219,219,235,235,249,64,64,64],"floor_reached":44,"playtime":2751,"items_purged":["Regret","Writhe"],"score":570,"play_id":"05d5aa37-f299-4d98-ac87-50da0db9d7eb","local_time":"20181103000838","is_ascension_mode":true,"campfire_choices":[{"data":"Bash","floor":6.0,"key":"SMITH"},{"floor":15.0,"key":"REST"},{"floor":24.0,"key":"REST"},{"floor":27.0,"key":"REST"},{"floor":32.0,"key":"REST"},{"floor":40.0,"key":"REST"}],"neow_cost":"NONE","seed_source_timestamp":1232008283641790,"circlet_count":0,"master_deck":["Strike_R","Strike_R","Strike_R","Strike_R","Strike_R","Defend_R+1","Defend_R","Defend_R","Defend_R","Bash+1","Whirlwind+1","Shrug It Off","Dropkick","Flex","Spot Weakness","Cleave","Disarm","Heavy Blade","Demon Form","Limit Break+1","Rampage","Violence","Madness","Shrug It Off+1","Armaments","Anger","Barricade+1","Demon Form+1","Metamorphosis","Madness","Madness","Dark Shackles"],"special_seed":0,"relics":["Burning Blood","Regal Pillow","Oddly Smooth Stone","Centennial Puzzle","Vajra","Fusion Hammer","Mercury Hourglass","Juzu Bracelet","Matryoshka","Frozen Egg 2","Red Skull","Busted Crown","Paper Frog","Art of War"],"potions_floor_usage":[44,44],"damage_taken":[{"damage":5.0,"enemies":"Small Slimes","floor":1.0,"turns":4.0},{"damage":0.0,"enemies":"2 Louse","floor":3.0,"turns":1.0},{"damage":10.0,"enemies":"Cultist","floor":4.0,"turns":4.0},{"damage":7.0,"enemies":"Gremlin Gang","floor":5.0,"turns":4.0},{"damage":20.0,"enemies":"Gremlin Nob","floor":8.0,"turns":3.0},{"damage":0.0,"enemies":"3 Louse","floor":10.0,"turns":1.0},{"damage":1.0,"enemies":"Blue Slaver","floor":11.0,"turns":4.0},{"damage":7.0,"enemies":"Gremlin Gang","floor":13.0,"turns":5.0},{"damage":5.0,"enemies":"Red Slaver","floor":14.0,"turns":2.0},{"damage":31.0,"enemies":"Hexaghost","floor":16.0,"turns":7.0},{"damage":1.0,"enemies":"3 Byrds","floor":18.0,"turns":4.0},{"damage":3.0,"enemies":"Chosen","floor":21.0,"turns":2.0},{"damage":26.0,"enemies":"Book of Stabbing","floor":23.0,"turns":4.0},{"damage":12.0,"enemies":"3 Cultists","floor":25.0,"turns":3.0},{"damage":9.0,"enemies":"Cultist and Chosen","floor":28.0,"turns":3.0},{"damage":5.0,"enemies":"Gremlin Leader","floor":30.0,"turns":6.0},{"damage":8.0,"enemies":"Champ","floor":33.0,"turns":9.0},{"damage":35.0,"enemies":"3 Darklings","floor":35.0,"turns":4.0},{"damage":5.0,"enemies":"3 Shapes","floor":39.0,"turns":4.0},{"damage":12.0,"enemies":"Spire Growth","floor":41.0,"turns":3.0},{"damage":75,"enemies":"Nemesis","floor":44,"turns":5}],"seed_played":"-1061518374819883498","potions_obtained":[{"floor":3.0,"key":"FearPotion"},{"floor":5.0,"key":"Fire Potion"},{"floor":8.0,"key":"GamblersBrew"},{"floor":11.0,"key":"Swift Potion"},{"floor":18.0,"key":"Block Potion"},{"floor":23.0,"key":"Ancient Potion"},{"floor":30.0,"key":"Dexterity Potion"},{"floor":33.0,"key":"GamblersBrew"},{"floor":39.0,"key":"LiquidBronze"}],"is_trial":false,"path_per_floor":["M","?","M","M","M","R","$","E","T","M","M","?","M","M","R","B",null,"M","?","$","M","$","E","R","M","T","R","M","$","E","?","R","B",null,"M","?","?","?","M","R","M","$","T"],"character_chosen":"IRONCLAD","items_purchased":["Spot Weakness","Violence","Madness","Mercury Hourglass","Anger","Dark Shackles"],"campfire_rested":5,"item_purchase_floors":[7,20,20,22,29,42],"current_hp_per_floor":[80,64,70,66,65,65,65,51,51,57,62,59,58,59,80,55,80,80,80,80,80,80,60,80,74,74,80,77,77,78,78,80,78,80,51,51,41,41,42,80,74,74,74,0],"gold":64,"neow_bonus":"RANDOM_COMMON_RELIC","is_prod":false,"is_daily":false,"chose_seed":false,"campfire_upgraded":1,"win_rate":0,"timestamp":1541203718,"path_taken":["M","?","M","M","M","R","$","E","T","M","?","?","M","?","R","BOSS","M","?","$","?","$","E","R","M","T","R","M","?","E","?","R","BOSS","M","?","?","?","M","R","M","$","T","E"],"build_version":"2018-10-25v2","purchased_purges":2,"victory":false,"max_hp_per_floor":[80,80,80,80,80,80,80,80,80,80,80,80,80,80,80,80,80,80,80,80,80,80,80,80,80,80,80,80,80,80,80,80,80,80,80,80,80,80,80,80,80,80,80,80],"card_choices":[{"not_picked":["Wild Strike","Warcry"],"picked":"Whirlwind","floor":1.0},{"not_picked":["Sentinel","Searing Blow"],"picked":"Shrug It Off","floor":3.0},{"not_picked":["Thunderclap","Warcry"],"picked":"Dropkick","floor":4.0},{"not_picked":["Headbutt","Warcry"],"picked":"Flex","floor":5.0},{"not_picked":["Clash","Searing Blow"],"picked":"Cleave","floor":8.0},{"not_picked":["True Grit","Wild Strike"],"picked":"Disarm","floor":10.0},{"not_picked":["Body Slam","Uppercut"],"picked":"Heavy Blade","floor":11.0},{"not_picked":["Reckless Charge","Second Wind","Pummel"],"picked":"SKIP","floor":13.0},{"not_picked":["Uppercut","Rage"],"picked":"Demon Form","floor":14.0},{"not_picked":["Reaper","Brutality"],"picked":"Limit Break","floor":16.0},{"not_picked":["Spot Weakness+1","Sever Soul"],"picked":"Rampage","floor":18.0},{"not_picked":["Inflame","Sword Boomerang"],"picked":"Shrug It Off+1","floor":21.0},{"not_picked":["Thunderclap","Clash+1","Dark Embrace"],"picked":"SKIP","floor":23.0},{"not_picked":["Infernal Blade+1","Dual Wield+1"],"picked":"Armaments","floor":25.0},{"not_picked":["Wild Strike","Clothesline+1","Heavy Blade"],"picked":"SKIP","floor":28.0},{"not_picked":["Flex","Warcry+1"],"picked":"Barricade","floor":30.0},{"not_picked":["Juggernaut+1","Immolate"],"picked":"Demon Form+1","floor":33.0},{"not_picked":["True Grit"],"picked":"SKIP","floor":35.0},{"not_picked":[],"picked":"Metamorphosis","floor":36.0},{"not_picked":["Havoc+1"],"picked":"SKIP","floor":39.0},{"not_picked":["Pommel Strike"],"picked":"SKIP","floor":41.0}],"player_experience":774824,"relics_obtained":[{"floor":8.0,"key":"Oddly Smooth Stone"},{"floor":9.0,"key":"Centennial Puzzle"},{"floor":23.0,"key":"Juzu Bracelet"},{"floor":26.0,"key":"Matryoshka"},{"floor":30.0,"key":"Frozen Egg 2"},{"floor":43.0,"key":"Paper Frog"},{"floor":43.0,"key":"Art of War"}],"event_choices":[{"damage_healed":0.0,"max_hp_gain":0.0,"max_hp_loss":0.0,"gold_gain":0.0,"event_name":"Shining Light","player_choice":"Entered Light","floor":2.0,"gold_loss":0.0,"damage_taken":16.0,"cards_upgraded":["Defend_R","Whirlwind"]},{"damage_healed":0.0,"max_hp_gain":0.0,"max_hp_loss":0.0,"gold_gain":0.0,"event_name":"Scrap Ooze","player_choice":"Success","floor":12.0,"gold_loss":0.0,"damage_taken":3.0,"relics_obtained":["Vajra"]},{"damage_healed":0.0,"max_hp_gain":0.0,"max_hp_loss":0.0,"gold_gain":275.0,"event_name":"Golden Shrine","player_choice":"Desecrate","floor":19.0,"gold_loss":0.0,"damage_taken":0.0,"cards_obtained":["Regret"]},{"damage_healed":0.0,"max_hp_gain":0.0,"max_hp_loss":0.0,"gold_gain":0.0,"event_name":"The Mausoleum","player_choice":"Opened","floor":31.0,"gold_loss":0.0,"damage_taken":0.0,"relics_obtained":["Red Skull"],"cards_obtained":["Writhe"]},{"damage_healed":0.0,"max_hp_gain":0.0,"max_hp_loss":0.0,"gold_gain":0.0,"event_name":"SensoryStone","player_choice":"Memory 1","floor":36.0,"gold_loss":0.0,"damage_taken":0.0},{"damage_healed":0.0,"max_hp_gain":0.0,"max_hp_loss":0.0,"gold_gain":0.0,"event_name":"Winding Halls","player_choice":"Embrace Madness","floor":37.0,"gold_loss":0.0,"damage_taken":10.0,"cards_obtained":["Madness","Madness"]},{"damage_healed":0.0,"max_hp_gain":0.0,"max_hp_loss":0.0,"gold_gain":0.0,"event_name":"Upgrade Shrine","player_choice":"Upgraded","floor":38.0,"gold_loss":0.0,"damage_taken":0.0,"cards_upgraded":["Limit Break"]}],"is_beta":false,"boss_relics":[{"not_picked":["Astrolabe","Black Star"],"picked":"Fusion Hammer"},{"not_picked":["Orrery","Black Blood"],"picked":"Busted Crown"}],"items_purged_floors":[20,42],"is_endless":false,"potions_floor_spawned":[3,5,8,11,14,18,23,30,33,39,41],"killed_by":"Nemesis","ascension_level":4}