{"gold_per_floor":[110,285,296,26,42,42,62,62,112,112,122,22,42,52,52,151,151,166,166,81,6],"floor_reached":21,"playtime":1198,"items_purged":["Doubt","Strike_R"],"score":171,"play_id":"76e889e5-c3c7-40e8-bb1f-c18db4b7feb0","local_time":"20180718154903","is_ascension_mode":false,"campfire_choices":[{"data":"Enlightenment","floor":6,"key":"SMITH"},{"data":"Armaments","floor":8,"key":"SMITH"},{"data":"Perfected Strike","floor":10,"key":"SMITH"},{"data":"Heavy Blade","floor":15,"key":"SMITH"}],"neow_cost":"NONE","seed_source_timestamp":669837049262719,"circlet_count":0,"master_deck":["Strike_R","Strike_R","Strike_R","Strike_R","Defend_R","Defend_R","Defend_R","Defend_R","Bash","Armaments+1","Infernal Blade","Enlightenment+1","Perfected Strike+1","Inflame","Heavy Blade+1","Demon Form","Barricade","Headbutt+1"],"relics":["Burning Blood","NeowsBlessing","Regal Pillow","White Beast Statue","Enchiridion","Orichalcum"],"potions_floor_usage":[16,18,18,21,21],"damage_taken":[{"damage":0,"enemies":"Small Slimes","floor":1,"turns":1},{"damage":0,"enemies":"Jaw Worm","floor":3,"turns":1},{"damage":0,"enemies":"Cultist","floor":5,"turns":1},{"damage":10,"enemies":"Looter","floor":7,"turns":4},{"damage":2,"enemies":"Large Slime","floor":11,"turns":6},{"damage":7,"enemies":"3 Louse","floor":13,"turns":3},{"damage":13,"enemies":"Exordium Wildlife","floor":14,"turns":6},{"damage":51,"enemies":"Hexaghost","floor":16,"turns":7},{"damage":55,"enemies":"3 Byrds","floor":18,"turns":7},{"damage":16,"enemies":"2 Thieves","floor":21,"turns":3}],"seed_played":"-7754302822393699570","potions_obtained":[{"floor":1,"key":"SkillPotion"},{"floor":3,"key":"SkillPotion"},{"floor":13,"key":"Dexterity Potion"},{"floor":16,"key":"Weak Potion"},{"floor":18,"key":"Strength Potion"}],"is_trial":false,"path_per_floor":["M","?","M","$","M","R","M","R","T","R","M","$","M","M","R","B",null,"M","?","?"],"character_chosen":"IRONCLAD","items_purchased":["Enlightenment"],"campfire_rested":0,"item_purchase_floors":[4],"current_hp_per_floor":[80,80,80,80,80,80,76,76,76,76,80,80,79,72,72,31,80,31,15,15,0],"gold":6,"neow_bonus":"THREE_ENEMY_KILL","is_prod":false,"is_daily":false,"chose_seed":false,"campfire_upgraded":4,"win_rate":0,"timestamp":1531925343,"path_taken":["M","?","M","$","?","R","M","R","T","R","M","$","M","M","R","BOSS","M","?","?","?"],"build_version":"2018-07-12","purchased_purges":2,"victory":false,"max_hp_per_floor":[80,80,80,80,80,80,80,80,80,80,80,80,80,80,80,80,80,80,80,80,80],"card_choices":[{"not_picked":["Evolve","Cleave"],"picked":"Armaments","floor":1},{"not_picked":["Sword Boomerang","Seeing Red"],"picked":"Infernal Blade","floor":3},{"not_picked":["Body Slam","Second Wind","Sword Boomerang"],"picked":"SKIP","floor":5},{"not_picked":["Second Wind","Feel No Pain"],"picked":"Perfected Strike","floor":7},{"not_picked":["Sentinel","Cleave"],"picked":"Inflame","floor":11},{"not_picked":["Entrench","Wild Strike"],"picked":"Heavy Blade","floor":13},{"not_picked":["Inflame","Twin Strike"],"picked":"Demon Form","floor":14},{"not_picked":["Brutality","Berserk"],"picked":"Barricade","floor":16},{"not_picked":["Perfected Strike","Twin Strike"],"picked":"Headbutt+1","floor":18}],"player_experience":390885,"relics_obtained":[{"floor":9,"key":"Regal Pillow"},{"floor":19,"key":"Enchiridion"}],"event_choices":[{"event_name":"Liars Game","player_choice":"agreed","floor":2,"damage_taken":0},{"event_name":"Cursed Tome","player_choice":"Obtained Book","floor":19,"damage_taken":0},{"event_name":"Addict","player_choice":"Obtained Relic","floor":20,"damage_taken":0}],"boss_relics":[{"not_picked":["Snecko Eye","Astrolabe"],"picked":"White Beast Statue"}],"items_purged_floors":[4,12],"is_endless":false,"potions_floor_spawned":[1,3,13,16,18],"killed_by":"2 Thieves","ascension_level":0}