{"gold_per_floor":[114,114,64,75,75,75,109,109,180,199,225,235,249,57,57,155,155,173,185,201,201,55,55,81,81,81,6,6,16,42,52,52,151,151,169,94,94,106,106,106,131,142,142,142,152,168,180,197,197,197],"floor_reached":50,"playtime":36578,"items_purged":["Strike_R"],"score":699,"play_id":"2d9d09f6-779a-45dd-8e54-6b000e539a7b","local_time":"20180806184358","is_ascension_mode":false,"campfire_choices":[{"data":"Bash","floor":6.0,"key":"SMITH"},{"data":"Heavy Blade","floor":8.0,"key":"SMITH"},{"floor":15.0,"key":"REST"},{"floor":23.0,"key":"REST"},{"floor":25.0,"key":"REST"},{"floor":28.0,"key":"REST"},{"floor":32.0,"key":"REST"},{"floor":40.0,"key":"REST"},{"floor":49,"key":"REST"}],"neow_cost":"","seed_source_timestamp":0,"circlet_count":0,"master_deck":["Strike_R","Strike_R","Strike_R","Defend_R","Defend_R","Defend_R","Bash+1","Headbutt","Heavy Blade+1","Iron Wave","Demon Form","Uppercut","Armaments","Cleave","Apotheosis","Barricade","Rage","Spot Weakness+1","Shrug It Off+1","Headbutt","Rampage","Double Tap","Pommel Strike+1","Flame Barrier","Reaper","Warcry","Heavy Blade","True Grit"],"special_seed":0,"relics":["Burning Blood","Nunchaku","Bottled Lightning","Turnip","Fusion Hammer","Orichalcum","Potion Belt","Shuriken","Pen Nib","Sozu","Mummified Hand","Sundial"],"potions_floor_usage":[50],"damage_taken":[{"damage":1.0,"enemies":"Cultist","floor":1.0,"turns":3.0},{"damage":0.0,"enemies":"2 Louse","floor":4.0,"turns":3.0},{"damage":20.0,"enemies":"3 Sentries","floor":7.0,"turns":8.0},{"damage":1.0,"enemies":"Small Slimes","floor":10.0,"turns":3.0},{"damage":18.0,"enemies":"Gremlin Nob","floor":11.0,"turns":4.0},{"damage":7.0,"enemies":"Exordium Wildlife","floor":12.0,"turns":6.0},{"damage":18.0,"enemies":"Lots of Slimes","floor":13.0,"turns":5.0},{"damage":34.0,"enemies":"The Guardian","floor":16.0,"turns":7.0},{"damage":10.0,"enemies":"Shell Parasite","floor":18.0,"turns":5.0},{"damage":19.0,"enemies":"3 Byrds","floor":19.0,"turns":5.0},{"damage":34.0,"enemies":"3 Cultists","floor":20.0,"turns":5.0},{"damage":47.0,"enemies":"Gremlin Leader","floor":24.0,"turns":8.0},{"damage":4.0,"enemies":"Centurion and Healer","floor":29.0,"turns":6.0},{"damage":24.0,"enemies":"Book of Stabbing","floor":30.0,"turns":5.0},{"damage":17.0,"enemies":"Snake Plant","floor":31.0,"turns":6.0},{"damage":9.0,"enemies":"Champ","floor":33.0,"turns":8.0},{"damage":16.0,"enemies":"Flame Bruiser 1 Orb","floor":35.0,"turns":4.0},{"damage":7.0,"enemies":"Orb Walker","floor":38.0,"turns":3.0},{"damage":49.0,"enemies":"Nemesis","floor":41.0,"turns":9.0},{"damage":20.0,"enemies":"Flame Bruiser 2 Orb","floor":42.0,"turns":6.0},{"damage":10.0,"enemies":"Sphere and 2 Shapes","floor":45.0,"turns":6.0},{"damage":22.0,"enemies":"Spire Growth","floor":46.0,"turns":4.0},{"damage":12,"enemies":"4 Shapes","floor":47,"turns":7},{"damage":10,"enemies":"Maw","floor":48,"turns":7},{"damage":96,"enemies":"Awakened One","floor":50,"turns":5}],"seed_played":"5901744200654880215","potions_obtained":[{"floor":4.0,"key":"Fire Potion"},{"floor":10.0,"key":"PowerPotion"},{"floor":11.0,"key":"Strength Potion"},{"floor":13.0,"key":"Fire Potion"},{"floor":18.0,"key":"Poison Potion"},{"floor":29.0,"key":"PowerPotion"},{"floor":30.0,"key":"Strength Potion"},{"floor":33.0,"key":"Swift Potion"}],"is_trial":true,"path_per_floor":["M","$","$","M","?","R","E","R","T","M","E","M","M","$","R","B",null,"M","M","M","?","$","R","E","R","T","?","R","M","E","M","R","B",null,"M","$","?","M","?","R","E","M","T","?","M","M","M","M","R"],"character_chosen":"IRONCLAD","items_purchased":["Heavy Blade","Apotheosis","Orichalcum"],"campfire_rested":7,"item_purchase_floors":[3,14,22],"current_hp_per_floor":[80,80,80,80,85,85,71,71,71,76,64,63,51,51,76,48,85,81,68,40,40,40,65,24,49,49,49,74,76,58,47,72,69,85,75,75,75,74,85,85,42,36,36,74,74,74,73,70,74,0],"gold":197,"neow_bonus":"","is_prod":false,"is_daily":false,"chose_seed":false,"campfire_upgraded":2,"win_rate":0,"timestamp":1533577438,"path_taken":["M","?","$","M","?","R","E","R","T","M","E","M","M","$","R","BOSS","M","M","?","?","?","R","E","R","T","?","R","?","E","M","R","BOSS","M","$","?","M","?","R","E","M","T","?","M","M","M","?","R","BOSS"],"build_version":"2018-08-02","purchased_purges":1,"victory":false,"max_hp_per_floor":[80,80,80,80,85,85,85,85,85,85,85,85,85,85,85,85,85,85,85,85,85,85,85,85,85,85,85,85,85,85,85,85,85,85,85,85,85,85,85,85,85,85,85,74,74,74,74,74,74,74],"card_choices":[{"not_picked":["Anger","Power Through"],"picked":"Headbutt","floor":1.0},{"not_picked":["Headbutt","Anger"],"picked":"Iron Wave","floor":4.0},{"not_picked":["Double Tap","Perfected Strike"],"picked":"Demon Form","floor":7.0},{"not_picked":["Body Slam","Fire Breathing"],"picked":"Uppercut","floor":10.0},{"not_picked":["Perfected Strike","Iron Wave"],"picked":"Armaments","floor":11.0},{"not_picked":["Armaments","Uppercut","Iron Wave"],"picked":"SKIP","floor":12.0},{"not_picked":["Feel No Pain","Heavy Blade"],"picked":"Cleave","floor":13.0},{"not_picked":["Reaper","Offering"],"picked":"Barricade","floor":16.0},{"not_picked":["Inflame+1","Flex+1"],"picked":"Rage","floor":18.0},{"not_picked":["Hemokinesis","Sword Boomerang","Clash"],"picked":"SKIP","floor":19.0},{"not_picked":["Clash+1","Clothesline"],"picked":"Sever Soul+1","floor":20.0},{"not_picked":["Flame Barrier","Reaper"],"picked":"Spot Weakness+1","floor":24.0},{"not_picked":["Flex","Thunderclap"],"picked":"Shrug It Off+1","floor":29.0},{"not_picked":["Dropkick","Flex+1"],"picked":"Headbutt","floor":30.0},{"not_picked":["Evolve","Warcry"],"picked":"Rampage","floor":31.0},{"not_picked":["Brutality","Bludgeon"],"picked":"Double Tap","floor":33.0},{"not_picked":["Bloodletting+1","Flex+1"],"picked":"Pommel Strike+1","floor":35.0},{"not_picked":["Flex","Evolve"],"picked":"Flame Barrier","floor":38.0},{"not_picked":["Rupture","Clash"],"picked":"Reaper","floor":41.0},{"not_picked":["Combust","Pommel Strike"],"picked":"Warcry","floor":42.0},{"not_picked":["Cleave+1","Clothesline+1","Twin Strike"],"picked":"SKIP","floor":45.0},{"not_picked":["Dropkick+1","Thunderclap+1"],"picked":"Heavy Blade","floor":46.0},{"not_picked":["Anger+1","Pommel Strike"],"picked":"True Grit","floor":47},{"not_picked":["Iron Wave+1","Perfected Strike","Cleave+1"],"picked":"SKIP","floor":48}],"player_experience":546170,"relics_obtained":[{"floor":7.0,"key":"Nunchaku"},{"floor":9.0,"key":"Bottled Lightning"},{"floor":11.0,"key":"Turnip"},{"floor":24.0,"key":"Potion Belt"},{"floor":26.0,"key":"Shuriken"},{"floor":30.0,"key":"Pen Nib"},{"floor":41.0,"key":"Mummified Hand"},{"floor":43.0,"key":"Sundial"}],"event_choices":[{"event_name":"Big Fish","player_choice":"Donut","floor":5.0,"damage_taken":0.0},{"event_name":"Drug Dealer","player_choice":"Ignored","floor":21.0,"damage_taken":0.0},{"event_name":"Beggar","player_choice":"Gave Gold","floor":27.0,"damage_taken":0.0},{"event_name":"Falling","player_choice":"Removed Skill","floor":37.0,"damage_taken":0.0},{"event_name":"Bonfire Elementals","player_choice":"UNCOMMON","floor":39.0,"damage_taken":0.0},{"event_name":"The Moai Head","player_choice":"Heal","floor":44.0,"damage_taken":0.0}],"is_beta":false,"boss_relics":[{"not_picked":["Runic Dome","Black Star"],"picked":"Fusion Hammer"},{"not_picked":["Eternal Feather","Runic Cube"],"picked":"Sozu"}],"items_purged_floors":[36],"is_endless":true,"potions_floor_spawned":[4,10,11,13,18,29,30,33,35,41,42,48],"killed_by":"Awakened One","ascension_level":0}