{"gold_per_floor":[110,60,70,70,83,83,83,95,95,110,35,35,51,71,71,172,172,188,199,99,99,109,144,19,19,19,52,52,0,15,26,26,26],"floor_reached":33,"playtime":1139,"items_purged":["Strike_B","Strike_B","Strike_B"],"score":335,"play_id":"0c7f5526-70e5-41e2-b194-dc53611528bd","local_time":"20190402155638","is_ascension_mode":true,"campfire_choices":[{"data":"Zap","floor":6.0,"key":"SMITH"},{"data":"Coolheaded","floor":12.0,"key":"SMITH"},{"data":"Dualcast","floor":15.0,"key":"SMITH"},{"data":"Gash","floor":25,"key":"SMITH"},{"floor":28,"key":"REST"},{"floor":32,"key":"REST"}],"neow_cost":"NONE","seed_source_timestamp":0,"circlet_count":0,"master_deck":["Defend_B","Defend_B","Defend_B","Defend_B","Zap+1","Dualcast+1","Go for the Eyes","Coolheaded+1","Chill","Gash+1","Hologram","All For One","Gash+1","Cold Snap","Blizzard+1","Beam Cell+1","Reboot"],"special_seed":0,"relics":["Cracked Core","NeowsBlessing","Cables","Lizard Tail","MutagenicStrength","Pantograph","Mummified Hand","Du-Vu Doll"],"potions_floor_usage":[22,22,23,33],"damage_taken":[{"damage":0.0,"enemies":"Cultist","floor":1.0,"turns":1.0},{"damage":0.0,"enemies":"Small Slimes","floor":3.0,"turns":1.0},{"damage":0.0,"enemies":"2 Louse","floor":5.0,"turns":1.0},{"damage":0.0,"enemies":"2 Fungi Beasts","floor":8.0,"turns":2.0},{"damage":12.0,"enemies":"Large Slime","floor":10.0,"turns":5.0},{"damage":3.0,"enemies":"Blue Slaver","floor":13.0,"turns":3.0},{"damage":1.0,"enemies":"Red Slaver","floor":14.0,"turns":3.0},{"damage":18.0,"enemies":"The Guardian","floor":16.0,"turns":13.0},{"damage":20.0,"enemies":"Chosen","floor":18.0,"turns":5.0},{"damage":14,"enemies":"2 Thieves","floor":19,"turns":4},{"damage":16,"enemies":"Snecko","floor":22,"turns":5},{"damage":51,"enemies":"Gremlin Leader","floor":23,"turns":7},{"damage":7,"enemies":"Book of Stabbing","floor":27,"turns":5},{"damage":36,"enemies":"Shelled Parasite and Fungi","floor":30,"turns":6},{"damage":0,"enemies":"3 Cultists","floor":31,"turns":5},{"damage":62,"enemies":"Collector","floor":33,"turns":7}],"seed_played":"-2789499519355372188","potions_obtained":[{"floor":5.0,"key":"AttackPotion"},{"floor":10.0,"key":"LiquidBronze"},{"floor":13.0,"key":"FearPotion"},{"floor":16.0,"key":"Swift Potion"},{"floor":19,"key":"Ancient Potion"},{"floor":30,"key":"Block Potion"}],"is_trial":false,"path_per_floor":["M","?","M","?","M","R","?","M","T","M","$","R","M","M","R","B",null,"M","M","$","?","M","E","$","R","T","E","R","?","M","M","R","B"],"character_chosen":"DEFECT","items_purchased":[],"campfire_rested":2,"item_purchase_floors":[],"current_hp_per_floor":[75,75,75,75,75,75,80,80,80,68,68,68,65,64,64,46,80,60,46,46,46,30,26,26,26,26,19,43,43,7,7,31,0],"gold":26,"neow_bonus":"THREE_ENEMY_KILL","is_prod":false,"is_daily":false,"chose_seed":false,"campfire_upgraded":4,"win_rate":0,"timestamp":1554245798,"path_taken":["M","?","M","?","?","R","?","M","T","M","$","R","M","M","R","BOSS","M","M","$","?","M","E","$","R","T","E","R","?","M","M","R","BOSS"],"build_version":"2019-01-23","purchased_purges":3,"victory":false,"max_hp_per_floor":[75,75,75,75,75,75,80,80,80,80,80,80,80,80,80,80,80,80,80,80,80,80,80,80,80,80,80,80,80,80,80,80,80],"card_choices":[{"not_picked":["Compile Driver","Barrage"],"picked":"Go for the Eyes","floor":1.0},{"not_picked":["Cold Snap","Turbo"],"picked":"Coolheaded","floor":3.0},{"not_picked":["Thunder Strike","Reprogram"],"picked":"Chill","floor":5.0},{"not_picked":["Auto Shields","Ball Lightning"],"picked":"Gash","floor":8.0},{"not_picked":["Aggregate","Rebound","Lockon"],"picked":"SKIP","floor":10.0},{"not_picked":["Loop","Rip and Tear"],"picked":"Hologram","floor":13.0},{"not_picked":["Capacitor","Sweeping Beam","Turbo"],"picked":"SKIP","floor":14.0},{"not_picked":["Electrodynamics","Meteor Strike"],"picked":"All For One","floor":16.0},{"not_picked":["Stack","FTL"],"picked":"Gash+1","floor":18},{"not_picked":["Redo","Steam"],"picked":"Cold Snap","floor":19},{"not_picked":["Conserve Battery+1","Fusion","Barrage"],"picked":"SKIP","floor":22},{"not_picked":["Stack","Genetic Algorithm"],"picked":"Blizzard+1","floor":23},{"not_picked":["Loop","All For One"],"picked":"Beam Cell+1","floor":27},{"not_picked":["Ball Lightning","BootSequence","Go for the Eyes"],"picked":"SKIP","floor":30},{"not_picked":["Compile Driver","Coolheaded"],"picked":"Reboot","floor":31}],"player_experience":285480,"relics_obtained":[{"floor":9.0,"key":"Cables"},{"floor":23,"key":"Pantograph"},{"floor":26,"key":"Mummified Hand"},{"floor":27,"key":"Du-Vu Doll"}],"event_choices":[{"cards_removed":["Strike_B"],"damage_healed":0.0,"max_hp_gain":0.0,"max_hp_loss":0.0,"gold_gain":0.0,"event_name":"The Cleric","player_choice":"Card Removal","floor":2.0,"gold_loss":50.0,"damage_taken":0.0},{"damage_healed":0.0,"max_hp_gain":0.0,"max_hp_loss":0.0,"gold_gain":0.0,"event_name":"The Woman in Blue","player_choice":"Bought 0 Potions","floor":4.0,"gold_loss":0.0,"damage_taken":0.0},{"damage_healed":0.0,"max_hp_gain":5.0,"max_hp_loss":0.0,"gold_gain":0.0,"event_name":"Big Fish","player_choice":"Donut","floor":7.0,"gold_loss":0.0,"damage_taken":0.0},{"damage_healed":0,"gold_gain":0,"player_choice":"Inject Mutagens","damage_taken":0,"relics_obtained":["MutagenicStrength"],"max_hp_gain":0,"max_hp_loss":0,"event_name":"Drug Dealer","floor":21,"gold_loss":0},{"damage_healed":0,"gold_gain":0,"player_choice":"Paid Fearfully","damage_taken":0,"max_hp_gain":0,"max_hp_loss":0,"event_name":"Masked Bandits","floor":29,"gold_loss":52}],"is_beta":false,"boss_relics":[{"not_picked":["Black Star","Snecko Eye"],"picked":"Lizard Tail"}],"items_purged_floors":[11,20,24],"is_endless":false,"potions_floor_spawned":[5,10,13,16,19,30],"killed_by":"Collector","ascension_level":4}