{"gold_per_floor":[109,109,120,134,46,77,6,16,16,47,47,59,87,87,87,213,213,232,157,142,158,172,172,196,5,29,29,29,29,49,72,72,191,191,204,154,169,100,116,160,160,176,202,202,218,218,35,35,35,35],"floor_reached":51,"playtime":3682,"items_purged":["Injury","Pain"],"score":649,"play_id":"769d88a6-f899-4c00-b5fc-9a132100e082","local_time":"20190130233331","is_ascension_mode":false,"campfire_choices":[{"data":"Bash","floor":11.0,"key":"SMITH"},{"data":"Armaments","floor":15.0,"key":"SMITH"},{"data":"Whirlwind","floor":23.0,"key":"SMITH"},{"data":"Uppercut","floor":32,"key":"SMITH"},{"floor":41,"key":"REST"},{"data":"Heavy Blade","floor":44,"key":"SMITH"},{"data":"Flame Barrier","floor":49,"key":"SMITH"}],"neow_cost":"NONE","seed_source_timestamp":0,"circlet_count":0,"master_deck":["Strike_R+1","Strike_R+1","Strike_R+1","Defend_R+1","Defend_R+1","Defend_R+1","Defend_R+1","Bash+1","Headbutt","Battle Trance","Heavy Blade+1","Armaments+1","Metallicize","Iron Wave","Uppercut+1","Warcry","Disarm","Rampage","Reaper","Whirlwind+1","Flame Barrier+1","Rage","Metallicize","Ghostly Armor","Fiend Fire","Metallicize","Spot Weakness","Body Slam","True Grit+1","Shrug It Off","Feed","Inflame","Cleave"],"special_seed":0,"relics":["Burning Blood","Anchor","Lantern","Pantograph","Smiling Mask","Golden Idol","Snecko Eye","Vajra","Pen Nib","Cursed Key","Unceasing Top","Potion Belt"],"potions_floor_usage":[39,40,40,40,50],"damage_taken":[{"damage":7.0,"enemies":"2 Louse","floor":1.0,"turns":2.0},{"damage":1.0,"enemies":"Jaw Worm","floor":3.0,"turns":4.0},{"damage":1.0,"enemies":"Small Slimes","floor":4.0,"turns":3.0},{"damage":9.0,"enemies":"3 Sentries","floor":6.0,"turns":10.0},{"damage":0.0,"enemies":"Looter","floor":8.0,"turns":2.0},{"damage":10.0,"enemies":"Gremlin Nob","floor":10.0,"turns":3.0},{"damage":0.0,"enemies":"Blue Slaver","floor":12.0,"turns":4.0},{"damage":13.0,"enemies":"3 Sentries","floor":13.0,"turns":10.0},{"damage":25.0,"enemies":"Hexaghost","floor":16.0,"turns":11.0},{"damage":6.0,"enemies":"Shell Parasite","floor":18.0,"turns":6.0},{"damage":12.0,"enemies":"2 Thieves","floor":20.0,"turns":4.0},{"damage":7.0,"enemies":"Chosen and Byrds","floor":21.0,"turns":7.0},{"damage":11.0,"enemies":"Snecko","floor":22.0,"turns":4.0},{"damage":14.0,"enemies":"Snake Plant","floor":24.0,"turns":5.0},{"damage":2.0,"enemies":"Cultist and Chosen","floor":30.0,"turns":5.0},{"damage":3.0,"enemies":"Centurion and Healer","floor":31.0,"turns":6.0},{"damage":79,"enemies":"Champ","floor":33,"turns":15},{"damage":0,"enemies":"3 Darklings","floor":35,"turns":3},{"damage":0,"enemies":"Orb Walker","floor":37,"turns":3},{"damage":30,"enemies":"Writhing Mass","floor":39,"turns":7},{"damage":25,"enemies":"Reptomancer","floor":40,"turns":5},{"damage":10,"enemies":"4 Shapes","floor":42,"turns":7},{"damage":48,"enemies":"Spire Growth","floor":45,"turns":6},{"damage":77,"enemies":"Donu and Deca","floor":50,"turns":8}],"seed_played":"-1545194414471361367","potions_obtained":[{"floor":3.0,"key":"SkillPotion"},{"floor":4.0,"key":"SteroidPotion"},{"floor":6.0,"key":"LiquidBronze"},{"floor":16.0,"key":"Block Potion"},{"floor":18.0,"key":"AttackPotion"},{"floor":22.0,"key":"PowerPotion"},{"floor":39,"key":"Energy Potion"},{"floor":45,"key":"Strength Potion"}],"is_trial":false,"path_per_floor":["M","?","M","M","$","E","$","M","T","E","R","M","E","?","R","B",null,"M","?","M","M","M","R","M","$","T","?","?","$","M","M","R","B",null,"M","$","M","$","M","E","R","M","T","R","M","?","$","?","R","B",null],"character_chosen":"IRONCLAD","items_purchased":["Metallicize","Explosive Potion","Uppercut","Metallicize","Vajra","Spot Weakness","Inflame","Cleave"],"campfire_rested":1,"item_purchase_floors":[5,5,7,25,25,38,47,47],"current_hp_per_floor":[79,63,68,73,73,70,70,76,76,72,72,78,71,71,71,61,80,80,80,74,79,74,74,66,66,66,66,66,66,77,80,80,7,80,80,80,80,80,56,37,61,72,72,72,38,38,38,70,70,23],"gold":35,"neow_bonus":"THREE_CARDS","is_prod":false,"is_daily":false,"chose_seed":false,"campfire_upgraded":6,"win_rate":0,"timestamp":1548891211,"path_taken":["M","?","M","M","$","E","$","M","T","E","R","M","E","?","R","BOSS","M","?","M","M","M","R","M","$","T","?","?","?","M","M","R","BOSS","M","$","M","$","M","E","R","?","T","R","M","?","$","?","R","BOSS"],"build_version":"2019-01-23","purchased_purges":2,"victory":true,"max_hp_per_floor":[80,80,80,80,80,80,80,80,80,80,80,80,80,80,80,80,80,80,80,80,80,80,80,80,80,80,80,80,80,80,80,80,80,80,80,80,80,80,80,80,80,80,80,80,80,80,80,70,70,70],"card_choices":[{"not_picked":["Flex","Clash"],"picked":"Headbutt","floor":0.0},{"not_picked":["Anger","Bloodletting"],"picked":"Battle Trance","floor":1.0},{"not_picked":["Flex","Sever Soul"],"picked":"Heavy Blade","floor":3.0},{"not_picked":["Pommel Strike","Corruption"],"picked":"Armaments","floor":4.0},{"not_picked":["Havoc","Infernal Blade"],"picked":"Iron Wave","floor":6.0},{"not_picked":["Ghostly Armor","Carnage"],"picked":"Warcry","floor":8.0},{"not_picked":["Pommel Strike","True Grit"],"picked":"Disarm","floor":10.0},{"not_picked":["Blood for Blood","Thunderclap","Iron Wave"],"picked":"SKIP","floor":12.0},{"not_picked":["Feed","Shrug It Off"],"picked":"Rampage","floor":13.0},{"not_picked":["Offering","Fiend Fire"],"picked":"Reaper","floor":16.0},{"not_picked":["Evolve","Intimidate"],"picked":"Whirlwind","floor":18.0},{"not_picked":["Heavy Blade","Corruption+1"],"picked":"Flame Barrier","floor":20.0},{"not_picked":["Intimidate","Armaments","Sword Boomerang+1"],"picked":"SKIP","floor":21.0},{"not_picked":["True Grit","Headbutt"],"picked":"Rage","floor":22.0},{"not_picked":["Perfected Strike+1","Clash","Havoc"],"picked":"SKIP","floor":24.0},{"not_picked":["Iron Wave+1","Flex"],"picked":"Ghostly Armor","floor":30.0},{"not_picked":["Heavy Blade","Clash+1","Armaments"],"picked":"SKIP","floor":31.0},{"not_picked":["Offering","Reaper"],"picked":"Fiend Fire","floor":33},{"not_picked":["Flex+1","Warcry"],"picked":"Metallicize","floor":35},{"not_picked":["Anger","Thunderclap","Warcry+1"],"picked":"SKIP","floor":37},{"not_picked":["Iron Wave+1","Intimidate"],"picked":"Body Slam","floor":39},{"not_picked":["Iron Wave","Rampage+1"],"picked":"True Grit+1","floor":40},{"not_picked":["Dropkick+1","Searing Blow"],"picked":"Shrug It Off","floor":42},{"not_picked":["Armaments","Searing Blow"],"picked":"Feed","floor":45}],"player_experience":1096972,"relics_obtained":[{"floor":6.0,"key":"Anchor"},{"floor":9.0,"key":"Lantern"},{"floor":10.0,"key":"Pantograph"},{"floor":13.0,"key":"Smiling Mask"},{"floor":26.0,"key":"Pen Nib"},{"floor":40,"key":"Unceasing Top"},{"floor":43,"key":"Potion Belt"}],"event_choices":[{"damage_healed":0.0,"max_hp_gain":0.0,"max_hp_loss":0.0,"gold_gain":0.0,"event_name":"Shining Light","player_choice":"Entered Light","floor":2.0,"gold_loss":0.0,"damage_taken":16.0,"cards_upgraded":["Strike_R","Defend_R"]},{"damage_healed":0.0,"max_hp_gain":0.0,"max_hp_loss":0.0,"gold_gain":0.0,"event_name":"Golden Idol","player_choice":"Take Wound","floor":14.0,"gold_loss":0.0,"damage_taken":0.0,"relics_obtained":["Golden Idol"],"cards_obtained":["Injury"]},{"cards_removed":["Strike_R"],"damage_healed":0.0,"max_hp_gain":0.0,"max_hp_loss":0.0,"gold_gain":0.0,"event_name":"Beggar","player_choice":"Gave Gold","floor":19.0,"gold_loss":75.0,"damage_taken":0.0},{"damage_healed":0.0,"max_hp_gain":0.0,"max_hp_loss":0.0,"gold_gain":0.0,"event_name":"Back to Basics","player_choice":"Simplicity","floor":27.0,"gold_loss":0.0,"damage_taken":0.0,"cards_upgraded":["Strike_R","Strike_R","Strike_R","Defend_R","Defend_R","Defend_R"]},{"damage_healed":0.0,"max_hp_gain":0.0,"max_hp_loss":0.0,"gold_gain":0.0,"event_name":"Ghosts","player_choice":"Ignored","floor":28.0,"gold_loss":0.0,"damage_taken":0.0},{"cards_removed":["Strike_R"],"damage_healed":0,"gold_gain":0,"player_choice":"Removed Attack","damage_taken":0,"max_hp_gain":0,"max_hp_loss":0,"event_name":"Falling","floor":46,"gold_loss":0},{"damage_healed":70,"gold_gain":0,"player_choice":"Heal","damage_taken":0,"max_hp_gain":0,"max_hp_loss":10,"event_name":"The Moai Head","floor":48,"gold_loss":0}],"is_beta":false,"boss_relics":[{"not_picked":["Philosopher\u0027s Stone","Sozu"],"picked":"Snecko Eye"},{"not_picked":["Eternal Feather","Runic Pyramid"],"picked":"Cursed Key"}],"items_purged_floors":[36,47],"is_endless":false,"potions_floor_spawned":[3,4,6,16,18,22,30,39,45],"ascension_level":0}