{"gold_per_floor":[210,227,100,100,175,190,203,53,53,78,78,78,78,96,96,96],"floor_reached":16,"playtime":454,"items_purged":["Strike_R","Strike_R"],"score":184,"play_id":"c03fdc8a-c837-4b1c-8467-a930552b9660","local_time":"20190801163834","is_ascension_mode":true,"campfire_choices":[{"data":"Flex","floor":11.0,"key":"SMITH"},{"data":"Sword Boomerang","floor":13.0,"key":"SMITH"},{"data":"Heavy Blade","floor":15.0,"key":"SMITH"}],"neow_cost":"NONE","seed_source_timestamp":0,"circlet_count":0,"master_deck":["AscendersBane","Strike_R","Strike_R","Strike_R","Defend_R","Defend_R","Defend_R","Defend_R","Bash","Sword Boomerang+1","Flex+1","Heavy Blade+1","Thunderclap"],"special_seed":0,"relics":["Burning Blood","Golden Idol","Question Card","Peace Pipe"],"potions_floor_usage":[16,16],"damage_taken":[{"damage":3.0,"enemies":"2 Louse","floor":1.0,"turns":4.0},{"damage":12.0,"enemies":"Jaw Worm","floor":2.0,"turns":3.0},{"damage":1.0,"enemies":"Cultist","floor":6.0,"turns":3.0},{"damage":11.0,"enemies":"Blue Slaver","floor":7.0,"turns":4.0},{"damage":15.0,"enemies":"Exordium Wildlife","floor":10.0,"turns":4.0},{"damage":8.0,"enemies":"2 Fungi Beasts","floor":14.0,"turns":4.0},{"damage":68,"enemies":"Slime Boss","floor":16,"turns":8}],"seed_played":"483815198264366001","potions_obtained":[{"floor":2.0,"key":"Block Potion"},{"floor":6.0,"key":"Regen Potion"},{"floor":10.0,"key":"Poison Potion"}],"is_trial":false,"path_per_floor":["M","M","$","?","?","M","M","$","T","M","R","T","R","M","R","B"],"character_chosen":"IRONCLAD","items_purchased":["Flex","Heavy Blade"],"campfire_rested":0,"item_purchase_floors":[3,8],"current_hp_per_floor":[71,65,65,65,54,59,54,54,54,45,45,45,45,43,43,0],"gold":96,"neow_bonus":"HUNDRED_GOLD","is_prod":false,"is_daily":false,"chose_seed":false,"campfire_upgraded":3,"win_rate":0,"timestamp":1564702714,"path_taken":["M","M","$","?","?","?","M","$","T","M","R","?","R","M","R","BOSS"],"build_version":"2019-07-17","purchased_purges":2,"victory":false,"max_hp_per_floor":[75,75,75,68,68,68,68,68,68,68,68,68,68,68,68,68],"card_choices":[{"not_picked":["Intimidate","Clash"],"picked":"Sword Boomerang","floor":1.0},{"not_picked":["Anger","Metallicize","Armaments"],"picked":"SKIP","floor":2.0},{"not_picked":["Spot Weakness","Wild Strike","Intimidate"],"picked":"SKIP","floor":6.0},{"not_picked":["Headbutt","Blood for Blood","Sever Soul"],"picked":"SKIP","floor":7.0},{"not_picked":["Cleave","Wild Strike","Pommel Strike","Clothesline"],"picked":"SKIP","floor":10.0},{"not_picked":["Perfected Strike","Warcry","Twin Strike"],"picked":"Thunderclap","floor":14.0}],"player_experience":493246,"relics_obtained":[{"floor":9.0,"key":"Question Card"},{"floor":12.0,"key":"Peace Pipe"}],"event_choices":[{"damage_healed":0.0,"max_hp_gain":0.0,"max_hp_loss":7.0,"gold_gain":0.0,"event_name":"Golden Idol","player_choice":"Lose Max HP","floor":4.0,"gold_loss":0.0,"damage_taken":0.0,"relics_obtained":["Golden Idol"]},{"damage_healed":0.0,"max_hp_gain":0.0,"max_hp_loss":0.0,"gold_gain":75.0,"event_name":"World of Goop","player_choice":"Gather Gold","floor":5.0,"gold_loss":0.0,"damage_taken":11.0}],"is_beta":false,"boss_relics":[],"items_purged_floors":[3,8],"is_endless":false,"potions_floor_spawned":[2,6,10],"killed_by":"Slime Boss","ascension_level":20}