{"gold_per_floor":[118,134,153,5,17,52,52,87,87,114,133,147,147,161,161,161],"floor_reached":16,"playtime":1681,"items_purged":["Strike_R"],"score":124,"play_id":"1ed28cdc-8e38-45e6-bec0-2f105381fb47","local_time":"20180715175845","is_ascension_mode":false,"campfire_choices":[{"data":"Metallicize","floor":7,"key":"SMITH"},{"floor":13,"key":"REST"},{"floor":15,"key":"REST"}],"neow_cost":"NONE","seed_source_timestamp":417886015324062,"circlet_count":0,"master_deck":["Strike_R","Strike_R","Strike_R","Strike_R","Defend_R","Defend_R","Defend_R","Defend_R","Bash","Sever Soul","Feel No Pain","Burning Pact","Thunderclap","Metallicize+1","Second Wind","Clash","Entrench","Reaper","Intimidate"],"relics":["Burning Blood","Bottled Flame","Art of War","Dream Catcher","Shuriken"],"potions_floor_usage":[12,12,16,16],"damage_taken":[{"damage":6,"enemies":"Jaw Worm","floor":1,"turns":3},{"damage":0,"enemies":"Small Slimes","floor":2,"turns":5},{"damage":1,"enemies":"2 Louse","floor":3,"turns":3},{"damage":9,"enemies":"Blue Slaver","floor":5,"turns":8},{"damage":6,"enemies":"3 Sentries","floor":6,"turns":10},{"damage":29,"enemies":"Gremlin Nob","floor":8,"turns":6},{"damage":40,"enemies":"Lagavulin","floor":10,"turns":9},{"damage":12,"enemies":"Gremlin Gang","floor":11,"turns":10},{"damage":3,"enemies":"Exordium Wildlife","floor":12,"turns":4},{"damage":5,"enemies":"3 Louse","floor":14,"turns":4},{"damage":77,"enemies":"Hexaghost","floor":16,"turns":15}],"seed_played":"-1068352201358550523","potions_obtained":[{"floor":1,"key":"Dexterity Potion"},{"floor":3,"key":"SteroidPotion"},{"floor":11,"key":"Poison Potion"},{"floor":12,"key":"EssenceOfSteel"},{"floor":14,"key":"Strength Potion"}],"is_trial":false,"path_per_floor":["M","M","M","$","M","E","R","E","T","E","M","M","R","M","R"],"character_chosen":"IRONCLAD","items_purchased":["Metallicize"],"campfire_rested":2,"item_purchase_floors":[4],"current_hp_per_floor":[80,80,80,80,77,77,77,54,54,20,14,17,41,46,70,0],"gold":161,"neow_bonus":"THREE_CARDS","is_prod":false,"is_daily":false,"chose_seed":false,"campfire_upgraded":1,"win_rate":0,"timestamp":1531673925,"path_taken":["M","M","M","$","M","E","R","E","T","E","M","M","R","M","R","BOSS"],"build_version":"2018-07-12","purchased_purges":1,"victory":false,"max_hp_per_floor":[80,80,80,80,80,80,80,80,80,80,80,80,80,80,80,80],"card_choices":[{"not_picked":["Anger","Clothesline"],"picked":"Sever Soul","floor":0},{"not_picked":["Pommel Strike","Sever Soul"],"picked":"Feel No Pain","floor":1},{"not_picked":["Sword Boomerang","Iron Wave"],"picked":"Burning Pact","floor":2},{"not_picked":["Body Slam","Blood for Blood"],"picked":"Thunderclap","floor":3},{"not_picked":["Warcry","Sword Boomerang","Cleave"],"picked":"SKIP","floor":5},{"not_picked":["Flex","Thunderclap","Fire Breathing"],"picked":"SKIP","floor":6},{"not_picked":["Rupture","Sentinel"],"picked":"Second Wind","floor":8},{"not_picked":["Evolve","Sword Boomerang","Wild Strike"],"picked":"SKIP","floor":10},{"not_picked":["Warcry","True Grit"],"picked":"Clash","floor":11},{"not_picked":["Headbutt","Pommel Strike"],"picked":"Entrench","floor":12},{"not_picked":["Twin Strike","Corruption"],"picked":"Reaper","floor":13},{"not_picked":["Heavy Blade","Cleave","Power Through"],"picked":"SKIP","floor":14},{"not_picked":["Heavy Blade","Body Slam"],"picked":"Intimidate","floor":15}],"player_experience":335991,"relics_obtained":[{"floor":6,"key":"Bottled Flame"},{"floor":8,"key":"Art of War"},{"floor":9,"key":"Dream Catcher"},{"floor":10,"key":"Shuriken"}],"event_choices":[],"boss_relics":[],"items_purged_floors":[4],"is_endless":false,"potions_floor_spawned":[1,3,11,12,14],"killed_by":"Hexaghost","ascension_level":0}