{"gold_per_floor":[111,6,6,17,34,61,72,72,147,147,172,122,122,222,222,322,322,322,247,247,247,247,247,247,247],"floor_reached":25,"playtime":3595,"items_purged":[],"score":369,"play_id":"98b13e5c-d5a4-4af8-bf0f-93c42b3ded0f","local_time":"20190603181415","is_ascension_mode":true,"campfire_choices":[{"data":"Neutralize","floor":8.0,"key":"SMITH"},{"floor":10.0,"key":"REST"},{"floor":15.0,"key":"REST"},{"floor":24,"key":"REST"}],"neow_cost":"NONE","seed_source_timestamp":0,"circlet_count":0,"master_deck":["AscendersBane","Defend_G+1","Defend_G+1","Defend_G+1","Defend_G+1","Defend_G+1","Survivor","Neutralize+1","Sucker Punch","Caltrops","Deadly Poison","Footwork","Deflect","Storm of Steel","Infinite Blades+1","Dagger Throw+1","PiercingWail","Bite","Bite","Bite","Bite","Bite","Corpse Explosion"],"special_seed":0,"relics":["Ring of the Snake","NeowsBlessing","StoneCalendar","Anchor","Shuriken","Bottled Tornado","Kunai","Ectoplasm","Nunchaku"],"potions_floor_usage":[23],"damage_taken":[{"damage":0.0,"enemies":"2 Louse","floor":1.0,"turns":1.0},{"damage":0.0,"enemies":"Cultist","floor":4.0,"turns":1.0},{"damage":0.0,"enemies":"Small Slimes","floor":5.0,"turns":1.0},{"damage":12.0,"enemies":"Lagavulin","floor":6.0,"turns":7.0},{"damage":0.0,"enemies":"Blue Slaver","floor":7.0,"turns":5.0},{"damage":6.0,"enemies":"3 Sentries","floor":11.0,"turns":7.0},{"damage":16.0,"enemies":"Slime Boss","floor":16.0,"turns":7.0},{"damage":11.0,"enemies":"Shell Parasite","floor":18.0,"turns":7.0},{"damage":6.0,"enemies":"2 Thieves","floor":19.0,"turns":5.0},{"damage":21,"enemies":"Snake Plant","floor":21,"turns":5},{"damage":36,"enemies":"Slavers","floor":23,"turns":7},{"damage":25,"enemies":"Gremlin Leader","floor":25,"turns":2}],"seed_played":"-3698728359932529766","potions_obtained":[{"floor":5.0,"key":"Block Potion"},{"floor":6.0,"key":"Swift Potion"},{"floor":7.0,"key":"Swift Potion"},{"floor":18.0,"key":"Energy Potion"},{"floor":23,"key":"Energy Potion"}],"is_trial":false,"path_per_floor":["M","?","$","M","M","E","M","R","T","R","E","?","?","?","R","B",null,"M","M","?","M","?","E","R","E"],"character_chosen":"THE_SILENT","items_purchased":[],"campfire_rested":3,"item_purchase_floors":[],"current_hp_per_floor":[63,63,63,63,63,51,51,51,51,70,64,64,52,52,70,54,66,55,49,49,28,28,6,20,0],"gold":247,"neow_bonus":"THREE_ENEMY_KILL","is_prod":false,"is_daily":false,"chose_seed":false,"campfire_upgraded":1,"win_rate":0,"timestamp":1559582055,"path_taken":["M","?","$","?","M","E","M","R","T","R","E","?","?","?","R","BOSS","M","?","?","M","?","E","R","E"],"build_version":"2019-01-23","purchased_purges":0,"victory":false,"max_hp_per_floor":[70,70,70,70,70,70,70,70,70,70,70,70,70,70,70,70,70,70,70,70,70,49,49,49,49],"card_choices":[{"not_picked":["Bouncing Flask","Infinite Blades"],"picked":"Sucker Punch","floor":1.0},{"not_picked":["Setup","Infinite Blades"],"picked":"Caltrops","floor":4.0},{"not_picked":["Sucker Punch","Riddle With Holes"],"picked":"Deadly Poison","floor":5.0},{"not_picked":["Bane","Underhanded Strike"],"picked":"Footwork","floor":6.0},{"not_picked":["Skewer","Bane"],"picked":"Deflect","floor":7.0},{"not_picked":["Underhanded Strike","Tactician","Flechettes"],"picked":"SKIP","floor":11.0},{"not_picked":["Die Die Die","Doppelganger"],"picked":"Storm of Steel","floor":16.0},{"not_picked":["Dodge and Roll","Eviscerate"],"picked":"Infinite Blades+1","floor":18.0},{"not_picked":["Escape Plan","Quick Slash"],"picked":"Dagger Throw+1","floor":19.0},{"not_picked":["Bane","Acrobatics"],"picked":"PiercingWail","floor":21},{"not_picked":["Endless Agony","Noxious Fumes"],"picked":"Corpse Explosion","floor":23}],"player_experience":1115477,"relics_obtained":[{"floor":6.0,"key":"Anchor"},{"floor":9.0,"key":"Shuriken"},{"floor":11.0,"key":"Bottled Tornado"},{"floor":23,"key":"Nunchaku"}],"event_choices":[{"damage_healed":0.0,"max_hp_gain":0.0,"max_hp_loss":0.0,"gold_gain":0.0,"event_name":"WeMeetAgain","player_choice":"Paid Gold","floor":2.0,"gold_loss":105.0,"damage_taken":0.0,"relics_obtained":["StoneCalendar"]},{"cards_removed":["Strike_G"],"damage_healed":0.0,"max_hp_gain":0.0,"max_hp_loss":0.0,"gold_gain":0.0,"event_name":"The Cleric","player_choice":"Card Removal","floor":12.0,"gold_loss":50.0,"damage_taken":0.0},{"damage_healed":0.0,"max_hp_gain":0.0,"max_hp_loss":0.0,"gold_gain":0.0,"event_name":"Scrap Ooze","player_choice":"Success","floor":13.0,"gold_loss":0.0,"damage_taken":12.0,"relics_obtained":["Kunai"]},{"damage_healed":0.0,"max_hp_gain":0.0,"max_hp_loss":0.0,"gold_gain":100.0,"event_name":"Golden Shrine","player_choice":"Pray","floor":14.0,"gold_loss":0.0,"damage_taken":0.0},{"damage_healed":0.0,"max_hp_gain":0.0,"max_hp_loss":0.0,"gold_gain":0.0,"event_name":"Back to Basics","player_choice":"Simplicity","floor":20.0,"gold_loss":0.0,"damage_taken":0.0,"cards_upgraded":["Defend_G","Defend_G","Defend_G","Defend_G","Defend_G","Strike_G","Strike_G","Strike_G","Strike_G"]},{"damage_healed":0,"gold_gain":0,"player_choice":"Became a vampire","damage_taken":0,"max_hp_gain":0,"max_hp_loss":21,"event_name":"Vampires","floor":22,"gold_loss":0,"cards_obtained":["Bite","Bite","Bite","Bite","Bite"]}],"is_beta":false,"boss_relics":[{"not_picked":["Empty Cage","Runic Pyramid"],"picked":"Ectoplasm"}],"items_purged_floors":[],"is_endless":false,"potions_floor_spawned":[5,6,7,18,23],"killed_by":"Gremlin Leader","ascension_level":10}