{"gold_per_floor":[19,32,42,42,42,42,55,25,25,25,25,40,59,90,90,189,189,189,189,189,189,189,189,189,189,189,189,189,189,114,114,114,114,114,114,114,114,114,114,114,114,114,114,114,114,114,114,114,114,114,114,114,5,5,5],"floor_reached":56,"playtime":14766,"items_purged":["Strike_G"],"score":1309,"play_id":"93c818b0-ffa8-4fe0-b4cd-174bd7a95ee2","local_time":"20190725232928","is_ascension_mode":false,"campfire_choices":[{"data":"Neutralize","floor":6.0,"key":"SMITH"},{"data":"Footwork","floor":10.0,"key":"SMITH"},{"data":"Corpse Explosion","floor":15.0,"key":"SMITH"},{"floor":27.0,"key":"REST"},{"data":"Catalyst","floor":32.0,"key":"SMITH"},{"floor":40.0,"key":"RECALL"},{"data":"Footwork","floor":44.0,"key":"SMITH"},{"floor":47.0,"key":"REST"},{"data":"Adrenaline","floor":49,"key":"SMITH"},{"data":"Deadly Poison","floor":52,"key":"SMITH"}],"neow_cost":"NO_GOLD","seed_source_timestamp":0,"circlet_count":0,"master_deck":["Strike_G","Strike_G","Defend_G","Defend_G","Defend_G","Defend_G","Survivor","Neutralize+1","Footwork+1","Dodge and Roll","Dash","Footwork+1","Noxious Fumes","Noxious Fumes","Dodge and Roll","Corpse Explosion+1","Adrenaline+1","Quick Slash","Deadly Poison+1","Acrobatics+1","Dagger Spray+1","Catalyst+1","Flying Knee+1","Bane+1","Backflip","Dodge and Roll","Dodge and Roll+1","Night Terror","Footwork+1","Backflip+1","Acrobatics","Catalyst+1","Deadly Poison+1","Prepared+1","Noxious Fumes+1","Well Laid Plans+1","Catalyst+1"],"special_seed":0,"relics":["Ring of the Snake","WingedGreaves","Paper Crane","Pear","Ornamental Fan","Ectoplasm","Red Mask","Letter Opener","Orichalcum","Frozen Egg 2","Snake Skull","Molten Egg 2","Empty Cage","Tough Bandages","Art of War","Lantern","Oddly Smooth Stone"],"potions_floor_usage":[50,54,55],"damage_taken":[{"damage":0.0,"enemies":"Cultist","floor":1.0,"turns":7.0},{"damage":0.0,"enemies":"Jaw Worm","floor":2.0,"turns":5.0},{"damage":1.0,"enemies":"Small Slimes","floor":3.0,"turns":7.0},{"damage":0.0,"enemies":"Blue Slaver","floor":7.0,"turns":5.0},{"damage":2.0,"enemies":"Looter","floor":8.0,"turns":4.0},{"damage":0.0,"enemies":"Large Slime","floor":12.0,"turns":9.0},{"damage":0.0,"enemies":"2 Fungi Beasts","floor":13.0,"turns":4.0},{"damage":0.0,"enemies":"Lagavulin","floor":14.0,"turns":8.0},{"damage":13.0,"enemies":"Hexaghost","floor":16.0,"turns":10.0},{"damage":0.0,"enemies":"Chosen","floor":18.0,"turns":6.0},{"damage":8.0,"enemies":"Masked Bandits","floor":19.0,"turns":3.0},{"damage":0.0,"enemies":"Shell Parasite","floor":20.0,"turns":5.0},{"damage":0.0,"enemies":"Centurion and Healer","floor":21.0,"turns":5.0},{"damage":8.0,"enemies":"Book of Stabbing","floor":23.0,"turns":6.0},{"damage":8.0,"enemies":"Gremlin Leader","floor":24.0,"turns":7.0},{"damage":20.0,"enemies":"Slavers","floor":25.0,"turns":5.0},{"damage":0.0,"enemies":"3 Cultists","floor":28.0,"turns":4.0},{"damage":0.0,"enemies":"Snake Plant","floor":29.0,"turns":4.0},{"damage":8.0,"enemies":"Gremlin Leader","floor":31.0,"turns":5.0},{"damage":8.0,"enemies":"Champ","floor":33.0,"turns":10.0},{"damage":2.0,"enemies":"3 Shapes","floor":35.0,"turns":2.0},{"damage":13.0,"enemies":"Mind Bloom Boss Battle","floor":36.0,"turns":6.0},{"damage":13.0,"enemies":"Orb Walker","floor":37.0,"turns":6.0},{"damage":0.0,"enemies":"3 Darklings","floor":38.0,"turns":3.0},{"damage":0.0,"enemies":"Spire Growth","floor":39.0,"turns":5.0},{"damage":3.0,"enemies":"Writhing Mass","floor":41.0,"turns":8.0},{"damage":9.0,"enemies":"Nemesis","floor":45.0,"turns":7.0},{"damage":5.0,"enemies":"4 Shapes","floor":46.0,"turns":3.0},{"damage":5,"enemies":"Donu and Deca","floor":50,"turns":4},{"damage":4,"enemies":"Shield and Spear","floor":54,"turns":6},{"damage":50,"enemies":"The Heart","floor":55,"turns":7}],"seed_played":"-2867498670372391400","potions_obtained":[{"floor":1.0,"key":"LiquidBronze"},{"floor":7.0,"key":"SpeedPotion"},{"floor":12.0,"key":"FearPotion"},{"floor":16.0,"key":"Explosive Potion"},{"floor":18.0,"key":"EssenceOfSteel"},{"floor":19.0,"key":"Ancient Potion"},{"floor":20.0,"key":"SteroidPotion"},{"floor":24.0,"key":"GhostInAJar"},{"floor":28.0,"key":"AttackPotion"},{"floor":36.0,"key":"Regen Potion"},{"floor":39.0,"key":"Weak Potion"},{"floor":48.0,"key":"Fruit Juice"},{"floor":48.0,"key":"GhostInAJar"},{"floor":48.0,"key":"Energy Potion"}],"is_trial":false,"path_per_floor":["M","M","M","?","?","R","M","M","T","R","T","M","M","E","R","B",null,"M","?","M","M","?","E","E","E","T","R","M","M","$","E","R","B",null,"M","?","M","M","M","R","M","?","T","R","E","M","R","?","R","B",null,"R","$","E","B",null],"character_chosen":"THE_SILENT","items_purchased":["Regen Potion","Well Laid Plans+1"],"campfire_rested":2,"item_purchase_floors":[53,53],"current_hp_per_floor":[70,70,69,66,59,59,59,57,57,57,67,67,67,67,67,54,80,80,72,72,72,72,64,56,36,36,60,60,60,60,52,52,44,80,78,65,52,52,52,52,64,64,64,64,55,50,74,79,79,74,85,85,85,81,45],"gold":5,"neow_bonus":"ONE_RARE_RELIC","is_prod":false,"is_daily":false,"chose_seed":false,"campfire_upgraded":7,"win_rate":0,"timestamp":1564111768,"path_taken":["M","M","?","?","?","R","M","M","T","R","?","M","M","E","R","BOSS","M","?","M","M","?","E","E","E","T","R","M","M","$","E","R","BOSS","M","?","M","M","M","R","M","?","T","R","E","?","R","?","R","BOSS","R","$","E","BOSS"],"build_version":"2019-07-17","purchased_purges":1,"victory":true,"max_hp_per_floor":[70,70,70,70,70,70,70,70,70,70,80,80,80,80,80,80,80,80,80,80,80,80,80,80,80,80,80,80,80,80,80,80,80,80,80,80,80,80,80,80,80,80,80,80,80,80,80,85,85,85,85,85,85,85,85],"card_choices":[{"not_picked":["Dagger Throw","Deadly Poison"],"picked":"Footwork","floor":1.0},{"not_picked":["PiercingWail","Accuracy"],"picked":"Dodge and Roll","floor":2.0},{"not_picked":["Backstab","Flying Knee"],"picked":"Dash","floor":3.0},{"not_picked":["PiercingWail","Infinite Blades"],"picked":"Footwork","floor":7.0},{"not_picked":["Deflect","Blur"],"picked":"Noxious Fumes","floor":8.0},{"not_picked":["Dodge and Roll","Quick Slash"],"picked":"Noxious Fumes","floor":12.0},{"not_picked":["Bane","Deadly Poison"],"picked":"Dodge and Roll","floor":13.0},{"not_picked":["Bane","Accuracy"],"picked":"Corpse Explosion","floor":14.0},{"not_picked":["Bullet Time","A Thousand Cuts"],"picked":"Adrenaline","floor":16.0},{"not_picked":["Dagger Spray","Deflect"],"picked":"Quick Slash","floor":18.0},{"not_picked":["Prepared","Flying Knee+1"],"picked":"Deadly Poison","floor":19.0},{"not_picked":["All Out Attack","Backstab"],"picked":"Acrobatics+1","floor":20.0},{"not_picked":["Slice+1","Masterful Stab"],"picked":"Dagger Spray+1","floor":21.0},{"not_picked":["Distraction","Glass Knife","Cloak And Dagger"],"picked":"SKIP","floor":23.0},{"not_picked":["Cloak And Dagger","Quick Slash"],"picked":"Flying Knee+1","floor":24.0},{"not_picked":["Underhanded Strike","Riddle With Holes"],"picked":"Bane+1","floor":25.0},{"not_picked":["Deadly Poison+1","Bane+1"],"picked":"Backflip","floor":28.0},{"not_picked":["Outmaneuver","Endless Agony"],"picked":"Dodge and Roll","floor":29.0},{"not_picked":["Bane","Catalyst"],"picked":"Dodge and Roll+1","floor":31.0},{"not_picked":["Die Die Die+1","Bullet Time"],"picked":"Night Terror","floor":33.0},{"not_picked":["Dodge and Roll","PiercingWail"],"picked":"Footwork+1","floor":35.0},{"not_picked":["Predator+1","Accuracy+1"],"picked":"Backflip+1","floor":36.0},{"not_picked":["Flechettes+1","Slice+1"],"picked":"Acrobatics","floor":37.0},{"not_picked":["Infinite Blades+1","Blur"],"picked":"Catalyst+1","floor":38.0},{"not_picked":["Cloak And Dagger","Endless Agony+1"],"picked":"Deadly Poison+1","floor":39.0},{"not_picked":["Accuracy+1","Noxious Fumes+1"],"picked":"Prepared+1","floor":41.0},{"not_picked":["Leg Sweep","Dagger Spray+1"],"picked":"Noxious Fumes+1","floor":45.0},{"not_picked":["Calculated Gamble+1","Eviscerate+1","Infinite Blades+1"],"picked":"SKIP","floor":46.0},{"not_picked":["Outmaneuver+1","Poisoned Stab+1"],"picked":"Catalyst+1","floor":54}],"player_experience":181733,"relics_obtained":[{"floor":11.0,"key":"Pear"},{"floor":14.0,"key":"Ornamental Fan"},{"floor":19.0,"key":"Red Mask"},{"floor":23.0,"key":"Letter Opener"},{"floor":24.0,"key":"Orichalcum"},{"floor":25.0,"key":"Frozen Egg 2"},{"floor":26.0,"key":"Snake Skull"},{"floor":31.0,"key":"Molten Egg 2"},{"floor":36.0,"key":"Tough Bandages"},{"floor":43.0,"key":"Art of War"},{"floor":45.0,"key":"Lantern"},{"floor":54,"key":"Oddly Smooth Stone"}],"event_choices":[{"damage_healed":0.0,"max_hp_gain":0.0,"max_hp_loss":0.0,"gold_gain":0.0,"event_name":"Scrap Ooze","player_choice":"Success","floor":4.0,"gold_loss":0.0,"damage_taken":3.0,"relics_obtained":["Paper Crane"]},{"cards_removed":["Strike_G"],"damage_healed":0.0,"max_hp_gain":0.0,"max_hp_loss":0.0,"gold_gain":0.0,"event_name":"Golden Wing","player_choice":"Card Removal","floor":5.0,"gold_loss":0.0,"damage_taken":7.0},{"damage_healed":0.0,"max_hp_gain":0.0,"max_hp_loss":0.0,"gold_gain":0.0,"event_name":"Masked Bandits","player_choice":"Fought Bandits","floor":19.0,"gold_loss":0.0,"damage_taken":0.0},{"damage_healed":0.0,"max_hp_gain":0.0,"max_hp_loss":0.0,"gold_gain":0.0,"event_name":"The Library","player_choice":"Read","floor":22.0,"gold_loss":0.0,"damage_taken":0.0,"cards_obtained":["Catalyst"]},{"damage_healed":0.0,"max_hp_gain":0.0,"max_hp_loss":0.0,"gold_gain":0.0,"event_name":"MindBloom","player_choice":"Fight","floor":36.0,"gold_loss":0.0,"damage_taken":0.0},{"damage_healed":0.0,"max_hp_gain":0.0,"max_hp_loss":0.0,"gold_gain":0.0,"event_name":"SecretPortal","player_choice":"Ignored","floor":42.0,"gold_loss":0.0,"damage_taken":0.0},{"damage_healed":0.0,"max_hp_gain":0.0,"max_hp_loss":0.0,"gold_gain":0.0,"event_name":"Lab","player_choice":"Got Potions","floor":48.0,"gold_loss":0.0,"damage_taken":0.0}],"is_beta":false,"boss_relics":[{"not_picked":["Velvet Choker","Snecko Eye"],"picked":"Ectoplasm"},{"not_picked":["White Beast Statue","Ring of the Serpent"],"picked":"Empty Cage"}],"items_purged_floors":[30],"is_endless":false,"potions_floor_spawned":[1,7,12,16,18,19,20,24,28,36,39],"ascension_level":0}