{"gold_per_floor":[109,16,16,32,32,32,70,70,70,86,48,92,107,207,207,327,327,345,365,23,77,129,129,150,275,351,351,128,152,152,152,152,256,256,268,287,287,287,287,287,297,297,297,314,27,27,27,41,41,41],"floor_reached":50,"playtime":1432,"items_purged":["Injury"],"score":709,"play_id":"60157bd8-298a-4226-b2d9-bd2e4201f091","local_time":"20190629132126","is_ascension_mode":true,"campfire_choices":[{"floor":6,"key":"REST"},{"floor":8,"key":"REST"},{"floor":15,"key":"REST"},{"floor":23,"key":"REST"},{"floor":27,"key":"REST"},{"floor":32,"key":"REST"},{"floor":40,"key":"DIG"},{"floor":42,"key":"REST"},{"floor":46,"key":"REST"},{"floor":49,"key":"REST"}],"neow_cost":"NONE","seed_source_timestamp":243531897794940,"circlet_count":0,"master_deck":["Survivor","Neutralize+1","Wraith Form v2","Corpse Explosion","Acrobatics","Escape Plan","Dagger Throw","Concentrate+1","Outmaneuver+1","Die Die Die","Doppelganger","After Image+1","Predator+1","Caltrops","Cloak And Dagger","Bouncing Flask","Adrenaline","Caltrops","Deadly Poison","Die Die Die+1","Poisoned Stab+1","Caltrops","Dagger Spray","Deadly Poison","Deadly Poison","Deadly Poison+1","Noxious Fumes","Unload+1","Writhe","Corpse Explosion","Leg Sweep","Caltrops+1"],"relics":["Pandora\u0027s Box","Bloody Idol","Nunchaku","Mercury Hourglass","Mango","Sozu","Juzu Bracelet","Dream Catcher","Whetstone","Shovel","Molten Egg 2","Ornamental Fan","PreservedInsect","Philosopher\u0027s Stone","War Paint","Ancient Tea Set","Frozen Egg 2","Medical Kit"],"potions_floor_usage":[12,12],"damage_taken":[{"damage":0,"enemies":"Cultist","floor":1,"turns":4},{"damage":2,"enemies":"Small Slimes","floor":4,"turns":3},{"damage":21,"enemies":"Lagavulin","floor":7,"turns":6},{"damage":7,"enemies":"Jaw Worm","floor":10,"turns":3},{"damage":18,"enemies":"Gremlin Nob","floor":12,"turns":4},{"damage":0,"enemies":"Large Slime","floor":13,"turns":4},{"damage":29,"enemies":"Slime Boss","floor":16,"turns":8},{"damage":21,"enemies":"Shell Parasite","floor":18,"turns":3},{"damage":9,"enemies":"Chosen","floor":19,"turns":4},{"damage":5,"enemies":"Sentry and Sphere","floor":24,"turns":3},{"damage":18,"enemies":"Colosseum Slavers","floor":25,"turns":3},{"damage":9,"enemies":"Colosseum Nobs","floor":25,"turns":3},{"damage":7,"enemies":"Centurion and Healer","floor":29,"turns":3},{"damage":29,"enemies":"Collector","floor":33,"turns":7},{"damage":16,"enemies":"3 Darklings","floor":35,"turns":3},{"damage":9,"enemies":"Orb Walker","floor":36,"turns":3},{"damage":27,"enemies":"4 Shapes","floor":41,"turns":3},{"damage":22,"enemies":"Sphere and 2 Shapes","floor":44,"turns":3},{"damage":8,"enemies":"Maw","floor":48,"turns":6},{"damage":101,"enemies":"Time Eater","floor":50,"turns":8}],"seed_played":"6438231448054428527","potions_obtained":[{"floor":1,"key":"Ancient Potion"},{"floor":10,"key":"Poison Potion"}],"is_trial":false,"path_per_floor":["M","$","?","M","?","R","E","R","T","M","$","E","M","?","R","B",null,"M","M","$","T","T","R","M","?","T","R","$","M","?","?","R","B",null,"M","M","?","?","T","R","M","R","T","M","$","R","$","M","R","B"],"character_chosen":"THE_SILENT","items_purchased":["Caltrops","Cloak And Dagger","Caltrops","Caltrops","Juzu Bracelet","Dagger Spray","Noxious Fumes","PreservedInsect","Medical Kit","Leg Sweep"],"campfire_rested":9,"item_purchase_floors":[2,2,11,20,20,20,28,28,45,45],"current_hp_per_floor":[63,63,63,61,47,68,47,68,68,61,61,57,57,57,82,53,76,55,46,46,46,46,71,66,39,39,64,64,57,57,57,82,58,78,67,63,63,84,84,84,62,84,84,67,67,84,84,81,84,0],"gold":41,"neow_bonus":"BOSS_RELIC","is_prod":false,"is_daily":false,"chose_seed":false,"campfire_upgraded":0,"win_rate":0,"timestamp":1561828886,"path_taken":["M","?","?","M","?","R","E","R","T","M","$","E","M","?","R","BOSS","M","M","$","?","?","R","M","?","T","R","$","M","?","?","R","BOSS","M","M","?","?","?","R","M","R","T","M","$","R","$","M","R","BOSS"],"build_version":"2019-01-23","purchased_purges":1,"victory":false,"max_hp_per_floor":[70,70,70,70,70,70,70,70,70,70,70,84,84,84,84,84,84,84,84,84,84,84,84,84,84,84,84,84,84,84,84,84,84,84,84,84,84,84,84,84,84,84,84,84,84,84,84,84,84,84],"card_choices":[{"not_picked":["Finisher","Flying Knee"],"picked":"Predator","floor":1},{"not_picked":["Slice","Prepared"],"picked":"Bouncing Flask","floor":4},{"not_picked":["Bane","Flying Knee"],"picked":"Adrenaline","floor":7},{"not_picked":["Outmaneuver","Reflex","Underhanded Strike"],"picked":"SKIP","floor":10},{"not_picked":["Choke","Prepared","Endless Agony"],"picked":"SKIP","floor":12},{"not_picked":["Expertise","Skewer"],"picked":"Deadly Poison","floor":13},{"not_picked":["Corpse Explosion","Phantasmal Killer"],"picked":"Die Die Die","floor":16},{"not_picked":["Calculated Gamble","Underhanded Strike"],"picked":"Escape Plan","floor":18},{"not_picked":["Underhanded Strike","Dagger Throw"],"picked":"Poisoned Stab+1","floor":19},{"not_picked":["Backflip+1","Outmaneuver+1"],"picked":"Deadly Poison","floor":23},{"not_picked":["Reflex","Backflip"],"picked":"Deadly Poison","floor":24},{"not_picked":["Quick Slash+1","Grand Finale"],"picked":"Deadly Poison+1","floor":25},{"not_picked":["Outmaneuver+1","Flechettes+1","Cloak And Dagger+1"],"picked":"SKIP","floor":29},{"not_picked":["Grand Finale+1","Phantasmal Killer"],"picked":"Unload+1","floor":33},{"not_picked":["Prepared+1","Underhanded Strike+1","Dodge and Roll"],"picked":"SKIP","floor":35},{"not_picked":["Sucker Punch+1","Deflect+1","Acrobatics"],"picked":"SKIP","floor":36},{"not_picked":["Finisher+1","Dagger Throw+1","Acrobatics"],"picked":"SKIP","floor":41},{"not_picked":["Endless Agony+1","Slice+1"],"picked":"Corpse Explosion","floor":42},{"not_picked":["Concentrate+1","Poisoned Stab+1","Deflect+1"],"picked":"SKIP","floor":44},{"not_picked":["Concentrate","Setup+1"],"picked":"Caltrops+1","floor":48}],"player_experience":502714,"relics_obtained":[{"floor":7,"key":"Nunchaku"},{"floor":9,"key":"Mercury Hourglass"},{"floor":12,"key":"Mango"},{"floor":21,"key":"Dream Catcher"},{"floor":22,"key":"Whetstone"},{"floor":25,"key":"Shovel"},{"floor":25,"key":"Molten Egg 2"},{"floor":26,"key":"Ornamental Fan"},{"floor":39,"key":"War Paint"},{"floor":40,"key":"Ancient Tea Set"},{"floor":43,"key":"Frozen Egg 2"}],"event_choices":[{"damage_healed":0,"gold_gain":0,"player_choice":"Take Wound","damage_taken":0,"relics_obtained":["Golden Idol"],"max_hp_gain":0,"max_hp_loss":0,"event_name":"Golden Idol","floor":3,"gold_loss":0,"cards_obtained":["Injury"]},{"damage_healed":0,"gold_gain":0,"player_choice":"Entered Light","damage_taken":14,"max_hp_gain":0,"max_hp_loss":0,"event_name":"Shining Light","floor":5,"gold_loss":0,"cards_upgraded":["Predator","After Image"]},{"damage_healed":0,"gold_gain":100,"player_choice":"Pray","damage_taken":0,"max_hp_gain":0,"max_hp_loss":0,"event_name":"Golden Shrine","floor":14,"gold_loss":0},{"damage_healed":0,"gold_gain":0,"player_choice":"Fight","damage_taken":0,"max_hp_gain":0,"max_hp_loss":0,"event_name":"Colosseum","floor":25,"gold_loss":0},{"damage_healed":0,"gold_gain":0,"player_choice":"Fought Nobs","damage_taken":0,"max_hp_gain":0,"max_hp_loss":0,"event_name":"Colosseum","floor":25,"gold_loss":0},{"damage_healed":0,"gold_gain":0,"player_choice":"Ignored","damage_taken":0,"max_hp_gain":0,"max_hp_loss":0,"event_name":"Vampires","floor":30,"gold_loss":0},{"damage_healed":0,"gold_gain":0,"player_choice":"Gave Idol","damage_taken":0,"relics_obtained":["Bloody Idol"],"max_hp_gain":0,"max_hp_loss":0,"event_name":"Forgotten Altar","floor":31,"relics_lost":["Golden Idol"],"gold_loss":0},{"cards_removed":["Escape Plan"],"damage_healed":0,"gold_gain":0,"player_choice":"Removed Skill","damage_taken":0,"max_hp_gain":0,"max_hp_loss":0,"event_name":"Falling","floor":37,"gold_loss":0},{"damage_healed":21,"gold_gain":0,"player_choice":"Writhe","damage_taken":0,"max_hp_gain":0,"max_hp_loss":0,"event_name":"Winding Halls","floor":38,"gold_loss":0,"cards_obtained":["Writhe"]}],"is_beta":false,"boss_relics":[{"not_picked":["Empty Cage","Runic Pyramid"],"picked":"Sozu"},{"not_picked":["WristBlade","Black Star"],"picked":"Philosopher\u0027s Stone"}],"items_purged_floors":[20],"is_endless":false,"potions_floor_spawned":[1,10,25,29,44,48],"killed_by":"Time Eater","ascension_level":8}