{"gold_per_floor":[111,111,36,47,47,47,82,82,82,82,97,108,142,162,162,162],"floor_reached":16,"playtime":424,"items_purged":["Strike_R"],"score":270,"play_id":"3722a68e-d7de-4575-97c8-e87a848d327e","local_time":"20190801005852","is_ascension_mode":true,"campfire_choices":[{"data":"Flex","floor":6.0,"key":"SMITH"},{"data":"Heavy Blade","floor":8.0,"key":"SMITH"},{"data":"Bash","floor":10.0,"key":"SMITH"},{"data":"Thunderclap","floor":15.0,"key":"SMITH"}],"neow_cost":"NONE","seed_source_timestamp":0,"circlet_count":0,"master_deck":["AscendersBane","Strike_R+1","Strike_R","Strike_R","Strike_R","Defend_R","Defend_R+1","Defend_R","Defend_R","Bash+1","Flex+1","Heavy Blade+1","Thunderclap+1","Sword Boomerang+1"],"special_seed":0,"relics":["Burning Blood","NeowsBlessing","Vajra","Dodecahedron","Molten Egg 2"],"potions_floor_usage":[16,16],"damage_taken":[{"damage":0.0,"enemies":"Jaw Worm","floor":1.0,"turns":1.0},{"damage":0.0,"enemies":"Small Slimes","floor":4.0,"turns":1.0},{"damage":0.0,"enemies":"3 Sentries","floor":7.0,"turns":2.0},{"damage":0.0,"enemies":"Cultist","floor":11.0,"turns":2.0},{"damage":0.0,"enemies":"2 Fungi Beasts","floor":12.0,"turns":3.0},{"damage":32.0,"enemies":"Gremlin Nob","floor":13.0,"turns":4.0},{"damage":0.0,"enemies":"Large Slime","floor":14.0,"turns":2.0},{"damage":55,"enemies":"Hexaghost","floor":16,"turns":9}],"seed_played":"-4803215664085073926","potions_obtained":[{"floor":7.0,"key":"PowerPotion"},{"floor":11.0,"key":"Dexterity Potion"},{"floor":14.0,"key":"Fire Potion"}],"is_trial":false,"path_per_floor":["M","?","$","M","?","R","E","R","T","R","M","M","E","M","R","B"],"character_chosen":"IRONCLAD","items_purchased":[],"campfire_rested":0,"item_purchase_floors":[],"current_hp_per_floor":[74,51,51,57,57,57,63,63,63,63,69,75,49,55,55,0],"gold":162,"neow_bonus":"THREE_ENEMY_KILL","is_prod":false,"is_daily":false,"chose_seed":false,"campfire_upgraded":4,"win_rate":0,"timestamp":1564646332,"path_taken":["M","?","$","M","?","R","E","R","T","R","?","M","E","M","R","BOSS"],"build_version":"2019-07-17","purchased_purges":1,"victory":false,"max_hp_per_floor":[75,75,75,75,75,75,75,75,75,75,75,75,75,75,75,75],"card_choices":[{"not_picked":["Perfected Strike","Headbutt"],"picked":"Flex","floor":1.0},{"not_picked":["Body Slam","Flame Barrier"],"picked":"Heavy Blade","floor":4.0},{"not_picked":["Twin Strike","Heavy Blade"],"picked":"Thunderclap","floor":7.0},{"not_picked":["Heavy Blade","Entrench","Pommel Strike"],"picked":"SKIP","floor":11.0},{"not_picked":["Armaments","Fire Breathing","Immolate"],"picked":"SKIP","floor":12.0},{"not_picked":["Inflame","Iron Wave"],"picked":"Sword Boomerang","floor":13.0},{"not_picked":["Intimidate","Twin Strike+1","Pommel Strike+1"],"picked":"SKIP","floor":14.0}],"player_experience":492335,"relics_obtained":[{"floor":7.0,"key":"Vajra"},{"floor":9.0,"key":"Dodecahedron"},{"floor":13.0,"key":"Molten Egg 2"}],"event_choices":[{"damage_healed":0.0,"max_hp_gain":0.0,"max_hp_loss":0.0,"gold_gain":0.0,"event_name":"Shining Light","player_choice":"Entered Light","floor":2.0,"gold_loss":0.0,"damage_taken":23.0,"cards_upgraded":["Strike_R","Defend_R"]},{"damage_healed":0.0,"max_hp_gain":0.0,"max_hp_loss":0.0,"gold_gain":0.0,"event_name":"Match and Keep!","player_choice":"0 cards matched","floor":5.0,"gold_loss":0.0,"damage_taken":0.0,"cards_obtained":[]}],"is_beta":false,"boss_relics":[],"items_purged_floors":[3],"is_endless":false,"potions_floor_spawned":[7,11,14],"killed_by":"Hexaghost","ascension_level":20}