{"gold_per_floor":[114,189,189,114,114,141,141,170,224,234,46,46,46,62,62,165,165,184,201,226,226,226,226,258,258,258,277,152,152,182,205,217,229],"floor_reached":33,"playtime":1472,"items_purged":["Strike_R","Strike_R","Defend_R"],"score":361,"play_id":"be8d2ae0-d250-45db-b327-1dd38105d540","local_time":"20190212023852","is_ascension_mode":true,"campfire_choices":[{"data":"Twin Strike","floor":7,"key":"SMITH"},{"data":"Cleave","floor":13,"key":"SMITH"},{"floor":15,"key":"REST"},{"floor":23,"key":"REST"},{"data":"Limit Break","floor":25,"key":"SMITH"},{"floor":29,"key":"REST"},{"floor":32,"key":"REST"}],"neow_cost":"NONE","seed_source_timestamp":235762079709200,"circlet_count":0,"master_deck":["Strike_R+1","Strike_R+1","Defend_R","Defend_R","Defend_R","Bash+1","Clash","Twin Strike+1","Sword Boomerang","Cleave+1","Mind Blast","Clash","Limit Break+1","Battle Trance+1","Flex"],"relics":["Burning Blood","Whetstone","Strawberry","Philosopher\u0027s Stone","Red Mask","Nloth\u0027s Gift","Orichalcum","Ornamental Fan","MawBank"],"potions_floor_usage":[6,16,20,33,33],"damage_taken":[{"damage":6,"enemies":"2 Louse","floor":1,"turns":3},{"damage":20,"enemies":"Gremlin Nob","floor":6,"turns":4},{"damage":35,"enemies":"3 Sentries","floor":8,"turns":8},{"damage":0,"enemies":"Small Slimes","floor":10,"turns":2},{"damage":12,"enemies":"Jaw Worm","floor":14,"turns":2},{"damage":60,"enemies":"Slime Boss","floor":16,"turns":10},{"damage":24,"enemies":"3 Byrds","floor":18,"turns":4},{"damage":14,"enemies":"Chosen","floor":19,"turns":3},{"damage":4,"enemies":"Masked Bandits","floor":20,"turns":2},{"damage":14,"enemies":"Gremlin Leader","floor":24,"turns":4},{"damage":38,"enemies":"Centurion and Healer","floor":27,"turns":5},{"damage":23,"enemies":"Book of Stabbing","floor":30,"turns":3},{"damage":7,"enemies":"3 Cultists","floor":31,"turns":4},{"damage":96,"enemies":"Automaton","floor":33,"turns":6}],"seed_played":"1238593415240943012","potions_obtained":[{"floor":1,"key":"SkillPotion"},{"floor":6,"key":"LiquidBronze"},{"floor":16,"key":"SteroidPotion"},{"floor":24,"key":"LiquidBronze"},{"floor":27,"key":"Block Potion"}],"is_trial":false,"path_per_floor":["M","?","?","$","?","E","R","E","T","M","$","$","R","M","R","B",null,"M","M","?","?","?","R","E","R","T","M","$","R","E","M","R","B"],"character_chosen":"IRONCLAD","items_purchased":["Mind Blast"],"campfire_rested":4,"item_purchase_floors":[11],"current_hp_per_floor":[80,69,69,69,74,60,60,38,38,44,44,44,44,38,65,11,72,54,46,48,48,48,75,67,67,67,35,35,62,45,44,71,0],"gold":229,"neow_bonus":"UPGRADE_CARD","is_prod":false,"is_daily":false,"chose_seed":false,"campfire_upgraded":3,"win_rate":0,"timestamp":1549967932,"path_taken":["M","?","?","$","?","E","R","E","T","M","?","$","R","M","R","BOSS","M","M","?","?","?","R","E","R","T","?","?","R","E","?","R","BOSS"],"build_version":"2019-01-23","purchased_purges":3,"victory":false,"max_hp_per_floor":[80,80,80,80,85,85,85,92,92,92,92,92,92,92,92,92,92,92,92,92,92,92,92,92,92,92,92,92,92,92,92,92,92],"card_choices":[{"not_picked":["Armaments","Shockwave"],"picked":"Clash","floor":1},{"not_picked":["Clothesline","Shrug It Off"],"picked":"Twin Strike","floor":6},{"not_picked":["Brutality","Havoc"],"picked":"Sword Boomerang","floor":8},{"not_picked":["Metallicize","Shrug It Off"],"picked":"Cleave","floor":10},{"not_picked":["Body Slam","Shrug It Off"],"picked":"Clash","floor":14},{"not_picked":["Offering","Bludgeon"],"picked":"Limit Break","floor":16},{"not_picked":["Sword Boomerang","Searing Blow","Clash"],"picked":"SKIP","floor":18},{"not_picked":["Feel No Pain","Pommel Strike","Body Slam"],"picked":"SKIP","floor":19},{"not_picked":["Pommel Strike+1","Rage"],"picked":"Battle Trance+1","floor":24},{"not_picked":["Sword Boomerang","Offering","Warcry"],"picked":"SKIP","floor":27},{"not_picked":["Immolate","Wild Strike"],"picked":"Flex","floor":30},{"not_picked":["Seeing Red","Anger","Disarm"],"picked":"SKIP","floor":31}],"player_experience":150154,"relics_obtained":[{"floor":6,"key":"Whetstone"},{"floor":8,"key":"Strawberry"},{"floor":9,"key":"Bronze Scales"},{"floor":20,"key":"Red Mask"},{"floor":24,"key":"Orichalcum"},{"floor":26,"key":"Ornamental Fan"},{"floor":30,"key":"MawBank"}],"event_choices":[{"damage_healed":0,"gold_gain":75,"player_choice":"Gather Gold","damage_taken":11,"max_hp_gain":0,"max_hp_loss":0,"event_name":"World of Goop","floor":2,"gold_loss":0},{"cards_removed":["Strike_R"],"damage_healed":0,"gold_gain":0,"player_choice":"Forget","damage_taken":0,"max_hp_gain":0,"max_hp_loss":0,"event_name":"Living Wall","floor":3,"gold_loss":0},{"damage_healed":0,"gold_gain":0,"player_choice":"Donut","damage_taken":0,"max_hp_gain":5,"max_hp_loss":0,"event_name":"Big Fish","floor":5,"gold_loss":0},{"damage_healed":0,"gold_gain":0,"player_choice":"Fought Bandits","damage_taken":0,"max_hp_gain":0,"max_hp_loss":0,"event_name":"Masked Bandits","floor":20,"gold_loss":0},{"damage_healed":0,"gold_gain":0,"player_choice":"Ignored","damage_taken":0,"max_hp_gain":0,"max_hp_loss":0,"event_name":"The Mausoleum","floor":21,"gold_loss":0},{"damage_healed":0,"gold_gain":0,"player_choice":"Traded Relic","damage_taken":0,"relics_obtained":["Nloth\u0027s Gift"],"max_hp_gain":0,"max_hp_loss":0,"event_name":"N\u0027loth","floor":22,"relics_lost":["Bronze Scales"],"gold_loss":0}],"is_beta":false,"boss_relics":[{"not_picked":["Astrolabe","Runic Dome"],"picked":"Philosopher\u0027s Stone"}],"items_purged_floors":[4,11,28],"is_endless":false,"potions_floor_spawned":[1,6,16,24,27],"killed_by":"Automaton","ascension_level":5}