{"gold_per_floor":[219,144,156,56,56,56,76,86,86,86,86,86,86,104,104,104],"floor_reached":16,"playtime":449,"items_purged":["Strike_R","Strike_R"],"score":113,"play_id":"092a392b-30bd-4ae7-af3a-11358df89505","local_time":"20190212013711","is_ascension_mode":true,"campfire_choices":[{"data":"Sword Boomerang","floor":6,"key":"SMITH"},{"data":"Sword Boomerang","floor":13,"key":"SMITH"},{"floor":15,"key":"REST"}],"neow_cost":"NONE","seed_source_timestamp":233085160662900,"circlet_count":0,"master_deck":["Strike_R","Strike_R","Defend_R","Defend_R","Defend_R","Defend_R","Bash","Sword Boomerang+1","Sword Boomerang+1","Rage+1"],"relics":["Burning Blood","Toxic Egg 2","Golden Idol"],"potions_floor_usage":[],"damage_taken":[{"damage":5,"enemies":"2 Louse","floor":1,"turns":3},{"damage":9,"enemies":"Jaw Worm","floor":3,"turns":3},{"damage":5,"enemies":"Small Slimes","floor":7,"turns":4},{"damage":23,"enemies":"3 Louse","floor":8,"turns":3},{"damage":48,"enemies":"Exordium Wildlife","floor":14,"turns":5},{"damage":60,"enemies":"Slime Boss","floor":16,"turns":8}],"seed_played":"1953629514737692621","potions_obtained":[{"floor":14,"key":"FairyPotion"}],"is_trial":false,"path_per_floor":["M","$","M","$","?","R","M","M","T","?","?","?","R","M","R","B"],"character_chosen":"IRONCLAD","items_purchased":[],"campfire_rested":1,"item_purchase_floors":[],"current_hp_per_floor":[80,80,77,77,77,77,78,61,61,61,66,66,66,24,47,0],"gold":104,"neow_bonus":"HUNDRED_GOLD","is_prod":false,"is_daily":false,"chose_seed":false,"campfire_upgraded":2,"win_rate":0,"timestamp":1549964231,"path_taken":["M","$","M","$","?","R","M","M","T","?","?","?","R","M","R","BOSS"],"build_version":"2019-01-23","purchased_purges":2,"victory":false,"max_hp_per_floor":[80,80,80,80,80,80,80,80,80,74,79,79,79,79,79,79],"card_choices":[{"not_picked":["Entrench","Anger"],"picked":"Sword Boomerang","floor":1},{"not_picked":["Uppercut","Shrug It Off"],"picked":"Sword Boomerang","floor":3},{"not_picked":["Body Slam","Iron Wave","Evolve"],"picked":"SKIP","floor":7},{"not_picked":["Perfected Strike","Carnage","Warcry"],"picked":"SKIP","floor":8},{"not_picked":["Searing Blow","Headbutt"],"picked":"Rage+1","floor":14}],"player_experience":149705,"relics_obtained":[{"floor":9,"key":"Toxic Egg 2"}],"event_choices":[{"damage_healed":0,"gold_gain":0,"player_choice":"Ignored","damage_taken":0,"max_hp_gain":0,"max_hp_loss":0,"event_name":"Liars Game","floor":5,"gold_loss":0},{"damage_healed":0,"gold_gain":0,"player_choice":"Lose Max HP","damage_taken":0,"relics_obtained":["Golden Idol"],"max_hp_gain":0,"max_hp_loss":6,"event_name":"Golden Idol","floor":10,"gold_loss":0},{"damage_healed":0,"gold_gain":0,"player_choice":"Donut","damage_taken":0,"max_hp_gain":5,"max_hp_loss":0,"event_name":"Big Fish","floor":11,"gold_loss":0},{"cards_removed":["Strike_R"],"damage_healed":0,"gold_gain":0,"player_choice":"Forget","damage_taken":0,"max_hp_gain":0,"max_hp_loss":0,"event_name":"Living Wall","floor":12,"gold_loss":0}],"is_beta":false,"boss_relics":[],"items_purged_floors":[2,4],"is_endless":false,"potions_floor_spawned":[14],"killed_by":"Slime Boss","ascension_level":5}