{"gold_per_floor":[114,124,124,143,23,57,83,83,134,144,144,176,176,188,188,292,292,292,292,32,32,32,32,32,32,32,32,32,32,32,32,32,32],"floor_reached":33,"playtime":2209,"items_purged":[],"score":377,"play_id":"91770aee-9ceb-43e8-8ec1-f350549046d5","local_time":"20181108184625","is_ascension_mode":true,"campfire_choices":[{"floor":11,"key":"REST"},{"data":"Juggernaut","floor":13,"key":"SMITH"},{"data":"Body Slam","floor":15,"key":"SMITH"},{"floor":23,"key":"REST"},{"floor":27,"key":"REST"},{"data":"Barricade","floor":29,"key":"SMITH"},{"floor":32,"key":"REST"}],"neow_cost":"NONE","seed_source_timestamp":1731833168777968,"circlet_count":0,"master_deck":["Defend_R","Defend_R+1","Defend_R","Defend_R+1","Bash+1","Anger+1","Dual Wield","Armaments","Ghostly Armor","Thunderclap","Inflame","Spot Weakness","Juggernaut+1","Body Slam+1","Barricade+1","Rage","Clothesline","The Bomb","Rampage","Bite","Bite","Bite","Bite","Bite","Shrug It Off","Heavy Blade"],"relics":["Burning Blood","War Paint","Anchor","Bronze Scales","Bag of Marbles","Ectoplasm","Gremlin Horn","Pantograph","Bag of Preparation"],"potions_floor_usage":[24,28,30],"damage_taken":[{"damage":7,"enemies":"Jaw Worm","floor":1,"turns":3},{"damage":11,"enemies":"Small Slimes","floor":2,"turns":4},{"damage":8,"enemies":"2 Louse","floor":4,"turns":3},{"damage":32,"enemies":"Lagavulin","floor":6,"turns":7},{"damage":1,"enemies":"Looter","floor":10,"turns":4},{"damage":7,"enemies":"3 Sentries","floor":12,"turns":6},{"damage":0,"enemies":"2 Fungi Beasts","floor":14,"turns":3},{"damage":44,"enemies":"Hexaghost","floor":16,"turns":7},{"damage":2,"enemies":"3 Byrds","floor":18,"turns":2},{"damage":2,"enemies":"Chosen","floor":19,"turns":6},{"damage":25,"enemies":"Snake Plant","floor":22,"turns":4},{"damage":43,"enemies":"Gremlin Leader","floor":24,"turns":5},{"damage":15,"enemies":"Shelled Parasite and Fungi","floor":28,"turns":7},{"damage":20,"enemies":"Slavers","floor":30,"turns":3},{"damage":85,"enemies":"Champ","floor":33,"turns":12}],"seed_played":"-3302239976573413224","potions_obtained":[{"floor":2,"key":"LiquidBronze"},{"floor":10,"key":"Regen Potion"},{"floor":14,"key":"Poison Potion"},{"floor":19,"key":"Regen Potion"},{"floor":22,"key":"Explosive Potion"},{"floor":28,"key":"Strength Potion"},{"floor":30,"key":"FairyPotion"}],"is_trial":false,"path_per_floor":["M","M","?","M","$","E","T","?","T","M","R","E","R","M","R","B",null,"M","M","$","?","M","R","E","?","T","R","M","R","E","$","R","B"],"character_chosen":"IRONCLAD","items_purchased":["Ghostly Armor","Thunderclap","The Bomb","Rampage"],"campfire_rested":4,"item_purchase_floors":[5,5,20,20],"current_hp_per_floor":[79,74,74,72,72,46,46,46,46,51,75,74,74,80,80,42,80,80,80,80,56,39,55,32,32,32,48,51,51,41,41,56,0],"gold":32,"neow_bonus":"UPGRADE_CARD","is_prod":false,"is_daily":false,"chose_seed":false,"campfire_upgraded":3,"win_rate":0,"timestamp":1541702785,"path_taken":["M","M","?","M","$","E","?","?","T","M","R","E","R","M","R","BOSS","M","M","$","?","M","R","E","?","T","R","M","R","E","?","R","BOSS"],"build_version":"2018-11-01","purchased_purges":0,"victory":false,"max_hp_per_floor":[80,80,80,80,80,80,80,80,80,80,80,80,80,80,80,80,80,80,80,80,56,56,56,56,56,56,56,56,56,56,56,56,56],"card_choices":[{"not_picked":["Iron Wave","Power Through"],"picked":"Anger","floor":1},{"not_picked":["Clash","Power Through"],"picked":"Dual Wield","floor":2},{"not_picked":["Wild Strike","Thunderclap"],"picked":"Armaments","floor":4},{"not_picked":["Clothesline","Anger"],"picked":"Inflame","floor":6},{"not_picked":["Second Wind","Wild Strike"],"picked":"Spot Weakness","floor":10},{"not_picked":["Warcry","Twin Strike"],"picked":"Juggernaut","floor":12},{"not_picked":["Pommel Strike","Headbutt"],"picked":"Body Slam","floor":14},{"not_picked":["Offering","Demon Form"],"picked":"Barricade","floor":16},{"not_picked":["Pummel+1","Anger+1"],"picked":"Rage","floor":18},{"not_picked":["Sword Boomerang+1","Perfected Strike"],"picked":"Clothesline","floor":19},{"not_picked":["Clash","Thunderclap+1"],"picked":"Shrug It Off","floor":22},{"not_picked":["Headbutt+1","Combust","Fiend Fire"],"picked":"SKIP","floor":24},{"not_picked":["Reckless Charge","Armaments"],"picked":"Heavy Blade","floor":28},{"not_picked":["Heavy Blade","Power Through+1","Offering"],"picked":"SKIP","floor":30}],"player_experience":791279,"relics_obtained":[{"floor":6,"key":"War Paint"},{"floor":7,"key":"Anchor"},{"floor":9,"key":"Bronze Scales"},{"floor":12,"key":"Bag of Marbles"},{"floor":24,"key":"Gremlin Horn"},{"floor":26,"key":"Pantograph"},{"floor":30,"key":"Bag of Preparation"}],"event_choices":[{"damage_healed":0,"gold_gain":0,"player_choice":"Grow","damage_taken":0,"max_hp_gain":0,"max_hp_loss":0,"event_name":"Living Wall","floor":3,"gold_loss":0,"cards_upgraded":["Anger"]},{"damage_healed":0,"gold_gain":0,"player_choice":"Ignored","damage_taken":0,"max_hp_gain":0,"max_hp_loss":0,"event_name":"Golden Idol","floor":8,"gold_loss":0},{"damage_healed":0,"gold_gain":0,"player_choice":"Became a vampire","damage_taken":0,"max_hp_gain":0,"max_hp_loss":24,"event_name":"Vampires","floor":21,"gold_loss":0,"cards_obtained":["Bite","Bite","Bite","Bite","Bite"]},{"damage_healed":0,"gold_gain":99,"player_choice":"Stole From Cult","damage_taken":0,"max_hp_gain":0,"max_hp_loss":0,"event_name":"Nest","floor":25,"gold_loss":0}],"is_beta":false,"boss_relics":[{"not_picked":["Velvet Choker","Philosopher\u0027s Stone"],"picked":"Ectoplasm"}],"items_purged_floors":[],"is_endless":false,"potions_floor_spawned":[2,10,14,19,22,28,30],"killed_by":"Champ","ascension_level":4}