{"gold_per_floor":[111,122,72,90,42,42,76,76,103,103,103,129,129,149,149,248,248,262,33,46,46,145,145,145,164,164,175,29,29,29,29,29,134,134,154,154,101,101,114,114,140,104,104,104,104],"floor_reached":45,"playtime":2645,"items_purged":["Strike_R"],"score":632,"play_id":"a17d267d-98f6-4537-aec4-816b20a5293c","local_time":"20190112011358","is_ascension_mode":true,"campfire_choices":[{"data":"Armaments","floor":6,"key":"SMITH"},{"data":"Seeing Red","floor":8,"key":"SMITH"},{"floor":10,"key":"REST"},{"floor":15,"key":"REST"},{"data":"Limit Break","floor":24,"key":"SMITH"},{"floor":29,"key":"REST"},{"data":"Rampage","floor":32,"key":"SMITH"},{"floor":40,"key":"REST"},{"floor":44,"key":"REST"}],"neow_cost":"NONE","seed_source_timestamp":625853704601494,"circlet_count":0,"master_deck":["Strike_R+1","Strike_R+1","Strike_R+1","Strike_R+1","Defend_R+1","Defend_R+1","Defend_R+1","Defend_R+1","Bash+1","Forethought","Seeing Red+1","Spot Weakness","Shrug It Off","Armaments+1","Disarm","Limit Break+1","Dropkick","Clash","Rampage+1","Barricade","Anger+1","Bandage Up","Heavy Blade","Whirlwind","Battle Trance"],"relics":["Black Blood","Whetstone","Centennial Puzzle","Self Forming Clay","Ancient Tea Set","Odd Mushroom","Sozu","Pen Nib","MutagenicStrength","Dream Catcher","Omamori","Dodecahedron","Happy Flower"],"potions_floor_usage":[7,12,14],"damage_taken":[{"damage":6,"enemies":"Cultist","floor":1,"turns":4},{"damage":0,"enemies":"2 Louse","floor":2,"turns":3},{"damage":4,"enemies":"Jaw Worm","floor":4,"turns":4},{"damage":27,"enemies":"Gremlin Nob","floor":7,"turns":4},{"damage":24,"enemies":"3 Sentries","floor":12,"turns":9},{"damage":17,"enemies":"The Mushroom Lair","floor":14,"turns":4},{"damage":21,"enemies":"Hexaghost","floor":16,"turns":10},{"damage":16,"enemies":"3 Byrds","floor":18,"turns":8},{"damage":6,"enemies":"Shell Parasite","floor":20,"turns":6},{"damage":0,"enemies":"Snake Plant","floor":25,"turns":6},{"damage":8,"enemies":"Snecko","floor":27,"turns":4},{"damage":77,"enemies":"Automaton","floor":33,"turns":9},{"damage":21,"enemies":"Orb Walker","floor":35,"turns":3},{"damage":24,"enemies":"3 Shapes","floor":39,"turns":5},{"damage":59,"enemies":"Giant Head","floor":41,"turns":7},{"damage":76,"enemies":"Nemesis","floor":45,"turns":5}],"seed_played":"-6867923332905666984","potions_obtained":[{"floor":2,"key":"FearPotion"},{"floor":4,"key":"Energy Potion"},{"floor":12,"key":"PowerPotion"}],"is_trial":false,"path_per_floor":["M","M","$","M","$","R","E","R","T","R","?","E","?","?","R","B",null,"M","$","M","?","?","?","R","M","T","M","$","R","?","?","R","B",null,"M","?","$","?","M","R","E","$","T","R","E"],"character_chosen":"IRONCLAD","items_purchased":["Shrug It Off","Armaments","Pen Nib","Omamori","Heavy Blade","Battle Trance"],"campfire_rested":5,"item_purchase_floors":[3,5,19,28,37,42],"current_hp_per_floor":[72,78,78,80,80,80,59,59,59,80,68,50,50,39,63,48,72,62,62,62,62,62,62,62,68,68,66,66,80,80,80,80,9,62,51,51,51,51,43,67,22,22,22,46,0],"gold":104,"neow_bonus":"RANDOM_COLORLESS","is_prod":false,"is_daily":false,"chose_seed":false,"campfire_upgraded":4,"win_rate":0,"timestamp":1547255638,"path_taken":["M","M","$","?","$","R","E","R","T","R","?","E","?","?","R","BOSS","M","$","M","?","?","?","R","M","T","M","$","R","?","?","R","BOSS","M","?","$","?","?","R","E","$","T","R","E"],"build_version":"2019-01-10","purchased_purges":1,"victory":false,"max_hp_per_floor":[80,80,80,80,80,80,80,80,80,80,80,80,80,80,80,80,80,80,80,80,80,80,80,80,80,80,80,80,80,80,80,80,80,80,80,80,80,80,80,80,80,80,80,80,80],"card_choices":[{"not_picked":["Clash","Feel No Pain"],"picked":"Seeing Red","floor":1},{"not_picked":["Dual Wield","Flex"],"picked":"Spot Weakness","floor":2},{"not_picked":["Clash","Wild Strike","Sword Boomerang"],"picked":"SKIP","floor":4},{"not_picked":["Wild Strike","Headbutt","Carnage"],"picked":"SKIP","floor":7},{"not_picked":["Bloodletting","Shockwave"],"picked":"Disarm","floor":12},{"not_picked":["Impervious","Immolate"],"picked":"Limit Break","floor":16},{"not_picked":["Wild Strike","Headbutt","Infernal Blade"],"picked":"SKIP","floor":18},{"not_picked":["Clash","Disarm"],"picked":"Dropkick","floor":20},{"not_picked":["Feel No Pain","Disarm","Twin Strike"],"picked":"SKIP","floor":25},{"not_picked":["Twin Strike","Anger","Pommel Strike"],"picked":"SKIP","floor":27},{"not_picked":["Sword Boomerang","Thunderclap"],"picked":"Clash","floor":29},{"not_picked":["Juggernaut","Exhume"],"picked":"Barricade","floor":33},{"not_picked":["Armaments+1","Thunderclap+1"],"picked":"Anger+1","floor":35},{"not_picked":["Apotheosis","Violence"],"picked":"Bandage Up","floor":36},{"not_picked":["Shockwave+1","Pummel+1","Twin Strike"],"picked":"SKIP","floor":39},{"not_picked":["Clothesline+1","Body Slam"],"picked":"Whirlwind","floor":40},{"not_picked":["Sword Boomerang","Ghostly Armor","Dropkick+1"],"picked":"SKIP","floor":41}],"player_experience":948220,"relics_obtained":[{"floor":7,"key":"Whetstone"},{"floor":9,"key":"Centennial Puzzle"},{"floor":12,"key":"Ancient Tea Set"},{"floor":14,"key":"Odd Mushroom"},{"floor":26,"key":"Dream Catcher"},{"floor":41,"key":"Dodecahedron"},{"floor":43,"key":"Happy Flower"}],"event_choices":[{"damage_healed":0,"gold_gain":0,"player_choice":"Success","damage_taken":12,"relics_obtained":["Self Forming Clay"],"max_hp_gain":0,"max_hp_loss":0,"event_name":"Scrap Ooze","floor":11,"gold_loss":0},{"damage_healed":0,"gold_gain":0,"player_choice":"Ignored","damage_taken":0,"max_hp_gain":0,"max_hp_loss":0,"event_name":"Liars Game","floor":13,"gold_loss":0},{"damage_healed":0,"gold_gain":0,"player_choice":"Fought Mushrooms","damage_taken":0,"max_hp_gain":0,"max_hp_loss":0,"event_name":"Mushrooms","floor":14,"gold_loss":0},{"damage_healed":0,"gold_gain":0,"player_choice":"Simplicity","damage_taken":0,"max_hp_gain":0,"max_hp_loss":0,"event_name":"Back to Basics","floor":21,"gold_loss":0,"cards_upgraded":["Strike_R","Strike_R","Strike_R","Defend_R","Defend_R","Defend_R","Defend_R"]},{"damage_healed":0,"gold_gain":99,"player_choice":"Stole From Cult","damage_taken":0,"max_hp_gain":0,"max_hp_loss":0,"event_name":"Nest","floor":22,"gold_loss":0},{"damage_healed":0,"gold_gain":0,"player_choice":"Inject Mutagens","damage_taken":0,"relics_obtained":["MutagenicStrength"],"max_hp_gain":0,"max_hp_loss":0,"event_name":"Drug Dealer","floor":23,"gold_loss":0},{"damage_healed":0,"gold_gain":0,"player_choice":"Ignored","damage_taken":0,"max_hp_gain":0,"max_hp_loss":0,"event_name":"Beggar","floor":30,"gold_loss":0},{"damage_healed":0,"gold_gain":0,"player_choice":"Read","damage_taken":0,"max_hp_gain":0,"max_hp_loss":0,"event_name":"The Library","floor":31,"gold_loss":0,"cards_obtained":["Rampage"]},{"damage_healed":0,"gold_gain":0,"player_choice":"Memory 1","damage_taken":0,"max_hp_gain":0,"max_hp_loss":0,"event_name":"SensoryStone","floor":36,"gold_loss":0},{"damage_healed":0,"gold_gain":0,"player_choice":"Ignored","damage_taken":0,"max_hp_gain":0,"max_hp_loss":0,"event_name":"SecretPortal","floor":38,"gold_loss":0}],"is_beta":false,"boss_relics":[{"not_picked":["Eternal Feather","Black Star"],"picked":"Sozu"},{"not_picked":["Busted Crown","Runic Pyramid"],"picked":"Black Blood"}],"items_purged_floors":[19],"is_endless":false,"potions_floor_spawned":[2,4,12,20,27,35,39],"killed_by":"Nemesis","ascension_level":7}