{"gold_per_floor":[114,114,196,210,28,28,53,53,53,53,83,53,86,96,96,198,198,215,314,346,346,357,357,370,401,401,401,113,126,139,149,149,250,250,270,119,119,119,130,130,130],"floor_reached":41,"playtime":1814,"items_purged":[],"score":555,"play_id":"f49c3b9d-65ac-4ad3-9e4f-005a32913640","local_time":"20190528124425","is_ascension_mode":true,"campfire_choices":[{"data":"Crippling Poison","floor":6,"key":"SMITH"},{"data":"Cloak And Dagger","floor":8,"key":"SMITH"},{"data":"Neutralize","floor":10,"key":"SMITH"},{"floor":15,"key":"REST"},{"floor":23,"key":"REST"},{"floor":27,"key":"REST"},{"floor":32,"key":"REST"},{"floor":40,"key":"REST"}],"neow_cost":"NONE","seed_source_timestamp":256805705231585,"circlet_count":0,"master_deck":["Survivor","Neutralize+1","Dash+1","Crippling Poison+1","Bouncing Flask","Cloak And Dagger+1","Poisoned Stab","Dagger Spray","Wraith Form v2","Deadly Poison","Well Laid Plans","Venomology","Corpse Explosion","Night Terror","Dodge and Roll","Terror","Poisoned Stab","Masterful Stab","Cloak And Dagger","Catalyst","Setup","Flechettes","After Image","Deadly Poison+1","PiercingWail","Crippling Poison","Envenom","Adrenaline","Bane+1"],"relics":["Eternal Feather","Ninja Scroll","Art of War","Pear","Potion Belt","Ginger","Pandora\u0027s Box","Red Mask","MutagenicStrength","Bag of Preparation","Question Card","Gambling Chip","Velvet Choker","Juzu Bracelet","Mummified Hand"],"potions_floor_usage":[20,20,29,30,31,31,33,33,35,41,41],"damage_taken":[{"damage":0,"enemies":"2 Louse","floor":1,"turns":3},{"damage":0,"enemies":"Jaw Worm","floor":4,"turns":2},{"damage":11,"enemies":"3 Sentries","floor":7,"turns":9},{"damage":15,"enemies":"Lagavulin","floor":11,"turns":5},{"damage":28,"enemies":"3 Sentries","floor":13,"turns":8},{"damage":0,"enemies":"Small Slimes","floor":14,"turns":2},{"damage":69,"enemies":"Slime Boss","floor":16,"turns":13},{"damage":26,"enemies":"Shell Parasite","floor":18,"turns":4},{"damage":7,"enemies":"Masked Bandits","floor":20,"turns":3},{"damage":4,"enemies":"Chosen","floor":22,"turns":4},{"damage":1,"enemies":"Snecko","floor":24,"turns":5},{"damage":26,"enemies":"Gremlin Leader","floor":25,"turns":5},{"damage":5,"enemies":"Snake Plant","floor":29,"turns":4},{"damage":0,"enemies":"Cultist and Chosen","floor":30,"turns":4},{"damage":16,"enemies":"Shelled Parasite and Fungi","floor":31,"turns":4},{"damage":93,"enemies":"Champ","floor":33,"turns":14},{"damage":35,"enemies":"3 Darklings","floor":35,"turns":5},{"damage":20,"enemies":"Orb Walker","floor":39,"turns":4},{"damage":52,"enemies":"Nemesis","floor":41,"turns":3}],"seed_played":"-7534576838824850880","potions_obtained":[{"floor":1,"key":"SmokeBomb"},{"floor":13,"key":"GamblersBrew"},{"floor":14,"key":"FearPotion"},{"floor":18,"key":"Poison Potion"},{"floor":31,"key":"LiquidBronze"},{"floor":33,"key":"Energy Potion"},{"floor":35,"key":"PowerPotion"}],"is_trial":false,"path_per_floor":["M","?","T","M","$","R","E","R","T","R","E","?","E","M","R","B",null,"M","?","?","?","M","R","M","E","T","R","$","M","M","M","R","B",null,"M","$","?","T","M","R","E"],"character_chosen":"THE_SILENT","items_purchased":["Bouncing Flask","Cloak And Dagger","Poisoned Stab","Gambling Chip","Juzu Bracelet"],"campfire_rested":5,"item_purchase_floors":[5,5,5,28,36],"current_hp_per_floor":[63,63,63,63,63,70,59,68,78,80,65,65,37,37,73,4,61,35,35,28,28,24,63,62,36,36,75,75,70,70,54,80,2,61,26,26,26,26,6,45,0],"gold":130,"neow_bonus":"BOSS_RELIC","is_prod":false,"is_daily":false,"chose_seed":false,"campfire_upgraded":3,"win_rate":0,"timestamp":1559061865,"path_taken":["M","?","?","M","$","R","E","R","T","R","E","?","E","M","R","BOSS","M","?","?","?","?","R","M","E","T","R","$","?","M","M","R","BOSS","M","$","?","?","M","R","E"],"build_version":"2019-01-23","purchased_purges":0,"victory":false,"max_hp_per_floor":[70,70,70,70,70,70,70,70,80,80,80,80,80,80,80,80,80,80,80,80,80,80,80,80,80,80,80,80,80,80,80,80,80,80,80,80,80,80,80,80,80],"card_choices":[{"not_picked":["Eviscerate","Quick Slash"],"picked":"Dash","floor":1},{"not_picked":["Dagger Throw","Acrobatics"],"picked":"Crippling Poison","floor":4},{"not_picked":["Outmaneuver","Prepared"],"picked":"Dagger Spray","floor":7},{"not_picked":["Caltrops","Slice"],"picked":"Wraith Form v2","floor":11},{"not_picked":["Distraction","Backflip"],"picked":"Deadly Poison","floor":13},{"not_picked":["Setup","PiercingWail"],"picked":"Well Laid Plans","floor":14},{"not_picked":["Unload","Malaise"],"picked":"Venomology","floor":16},{"not_picked":["Backflip","Prepared"],"picked":"Dagger Spray","floor":18},{"not_picked":["Cloak And Dagger","Footwork+1"],"picked":"After Image","floor":20},{"not_picked":["Distraction","Prepared"],"picked":"Deadly Poison+1","floor":22},{"not_picked":["Masterful Stab","Underhanded Strike","Sucker Punch"],"picked":"SKIP","floor":24},{"not_picked":["Bane","Predator"],"picked":"PiercingWail","floor":25},{"not_picked":["Bouncing Flask","Deflect","Slice+1","Dagger Throw+1"],"picked":"SKIP","floor":29},{"not_picked":["Quick Slash","Dagger Throw","Terror"],"picked":"Crippling Poison","floor":30},{"not_picked":["Dash","Dodge and Roll+1","Outmaneuver"],"picked":"Envenom","floor":31},{"not_picked":["Bullet Time","Phantasmal Killer","Doppelganger"],"picked":"Adrenaline","floor":33},{"not_picked":["Deadly Poison","Dagger Spray+1","Deflect+1","Dodge and Roll"],"picked":"SKIP","floor":35},{"not_picked":["PiercingWail","Cloak And Dagger","All Out Attack+1"],"picked":"Bane+1","floor":39}],"player_experience":359106,"relics_obtained":[{"floor":3,"key":"Ninja Scroll"},{"floor":7,"key":"Art of War"},{"floor":9,"key":"Pear"},{"floor":11,"key":"Potion Belt"},{"floor":13,"key":"Ginger"},{"floor":20,"key":"Red Mask"},{"floor":25,"key":"Bag of Preparation"},{"floor":26,"key":"Question Card"},{"floor":38,"key":"Mummified Hand"}],"event_choices":[{"damage_healed":0,"gold_gain":0,"player_choice":"Grow","damage_taken":0,"max_hp_gain":0,"max_hp_loss":0,"event_name":"Living Wall","floor":2,"gold_loss":0,"cards_upgraded":["Dash"]},{"damage_healed":0,"gold_gain":0,"player_choice":"Left Gold","damage_taken":0,"max_hp_gain":0,"max_hp_loss":0,"event_name":"World of Goop","floor":12,"gold_loss":30},{"damage_healed":0,"gold_gain":99,"player_choice":"Stole From Cult","damage_taken":0,"max_hp_gain":0,"max_hp_loss":0,"event_name":"Nest","floor":19,"gold_loss":0},{"damage_healed":0,"gold_gain":0,"player_choice":"Fought Bandits","damage_taken":0,"max_hp_gain":0,"max_hp_loss":0,"event_name":"Masked Bandits","floor":20,"gold_loss":0},{"damage_healed":0,"gold_gain":0,"player_choice":"Inject Mutagens","damage_taken":0,"relics_obtained":["MutagenicStrength"],"max_hp_gain":0,"max_hp_loss":0,"event_name":"Drug Dealer","floor":21,"gold_loss":0},{"cards_removed":["Dagger Spray"],"damage_healed":0,"gold_gain":0,"player_choice":"Removed Attack","damage_taken":0,"max_hp_gain":0,"max_hp_loss":0,"event_name":"Falling","floor":37,"gold_loss":0}],"is_beta":false,"boss_relics":[{"not_picked":["Snecko Eye","Sozu"],"picked":"Pandora\u0027s Box"},{"not_picked":["Orrery","Tiny House"],"picked":"Velvet Choker"}],"items_purged_floors":[],"is_endless":false,"potions_floor_spawned":[1,13,14,18,24,25,31,33,35],"killed_by":"Nemesis","ascension_level":6}