{"gold_per_floor":[112,125,225,242,317,317,346,346,346,346,346,346,360,251,251,353,353,372,372,21,39,139,155,155,168,191,208,208,208,34,48,48,147,177,177,177,177,194,44,74,74],"floor_reached":41,"playtime":1349,"items_purged":["Strike_B","Strike_B","Strike_B","Strike_B"],"score":491,"play_id":"8d33f2b5-3dee-4a85-b0be-d964e9ca35df","local_time":"20190402162425","is_ascension_mode":true,"campfire_choices":[{"data":"Scrape","floor":6,"key":"SMITH"},{"data":"Zap","floor":8,"key":"SMITH"},{"data":"Dualcast","floor":10,"key":"SMITH"},{"data":"Scrape","floor":15,"key":"SMITH"},{"floor":24,"key":"REST"},{"floor":28,"key":"REST"},{"data":"Beam Cell","floor":32,"key":"SMITH"}],"neow_cost":"NONE","seed_source_timestamp":146792666658700,"circlet_count":0,"master_deck":["Defend_B","Defend_B","Defend_B","Zap+1","Dualcast+1","Scrape+1","Hologram+1","Scrape+1","Seek+1","Steam+1","Go for the Eyes+1","Beam Cell+1","Leap+1"],"relics":["Cracked Core","NeowsBlessing","Odd Mushroom","Toxic Egg 2","Mercury Hourglass","Philosopher\u0027s Stone","Matryoshka","Kunai","Du-Vu Doll","Pantograph","DataDisk","Omamori","Calling Bell","Tiny Chest","Blue Candle","Incense Burner","Juzu Bracelet"],"potions_floor_usage":[7,22,22,35,40],"damage_taken":[{"damage":0,"enemies":"Jaw Worm","floor":1,"turns":1},{"damage":0,"enemies":"Cultist","floor":2,"turns":1},{"damage":0,"enemies":"2 Louse","floor":4,"turns":1},{"damage":34,"enemies":"The Mushroom Lair","floor":7,"turns":5},{"damage":3,"enemies":"Looter","floor":13,"turns":2},{"damage":18,"enemies":"Slime Boss","floor":16,"turns":8},{"damage":10,"enemies":"Shell Parasite","floor":18,"turns":2},{"damage":0,"enemies":"3 Byrds","floor":21,"turns":2},{"damage":11,"enemies":"Colosseum Slavers","floor":22,"turns":3},{"damage":32,"enemies":"Colosseum Nobs","floor":22,"turns":4},{"damage":0,"enemies":"Centurion and Healer","floor":23,"turns":3},{"damage":4,"enemies":"Shelled Parasite and Fungi","floor":25,"turns":4},{"damage":5,"enemies":"Sentry and Sphere","floor":27,"turns":3},{"damage":14,"enemies":"Snake Plant","floor":31,"turns":4},{"damage":14,"enemies":"Collector","floor":33,"turns":10},{"damage":0,"enemies":"3 Shapes","floor":35,"turns":1},{"damage":0,"enemies":"3 Darklings","floor":38,"turns":5},{"damage":57,"enemies":"Nemesis","floor":40,"turns":9},{"damage":18,"enemies":"4 Shapes","floor":41,"turns":2}],"seed_played":"22168563833795457","potions_obtained":[{"floor":1,"key":"SpeedPotion"},{"floor":13,"key":"Weak Potion"},{"floor":16,"key":"Swift Potion"},{"floor":21,"key":"Strength Potion"},{"floor":23,"key":"SmokeBomb"},{"floor":33,"key":"Block Potion"}],"is_trial":false,"path_per_floor":["M","M","?","M","?","R","?","R","T","R","T","?","M","$","R","B",null,"M","?","$","M","?","M","R","M","T","M","R","?","$","M","R","B",null,"M","?","?","M","$","E","M"],"character_chosen":"DEFECT","items_purchased":["Scrape","Kunai","Beam Cell"],"campfire_rested":2,"item_purchase_floors":[14,20,30],"current_hp_per_floor":[75,75,75,75,64,64,30,30,30,30,30,75,72,72,72,54,75,65,65,65,65,22,22,44,40,40,35,57,57,57,43,43,54,75,75,75,75,75,75,18,0],"gold":74,"neow_bonus":"THREE_ENEMY_KILL","is_prod":false,"is_daily":false,"chose_seed":false,"campfire_upgraded":5,"win_rate":0,"timestamp":1554247465,"path_taken":["M","M","?","?","?","R","?","R","T","R","?","?","?","?","R","BOSS","M","?","$","?","?","M","R","M","T","M","R","?","$","M","R","BOSS","M","?","?","M","$","E","M"],"build_version":"2019-01-23","purchased_purges":4,"victory":false,"max_hp_per_floor":[75,75,75,75,75,75,75,75,75,75,75,75,75,75,75,75,75,75,75,75,75,75,75,75,75,75,75,75,75,75,75,75,75,75,75,75,75,75,75,75,75],"card_choices":[{"not_picked":["White Noise","Rebound"],"picked":"Scrape","floor":1},{"not_picked":["Steam","Consume"],"picked":"Hologram","floor":2},{"not_picked":["Barrage","Darkness","Streamline"],"picked":"SKIP","floor":4},{"not_picked":["Fusion+1","Steam+1","Reinforced Body+1"],"picked":"SKIP","floor":13},{"not_picked":["Multi-Cast+1","Amplify+1"],"picked":"Seek+1","floor":16},{"not_picked":["Storm","Reprogram+1","Consume+1"],"picked":"SKIP","floor":18},{"not_picked":["Conserve Battery+1","Redo+1"],"picked":"Steam+1","floor":21},{"not_picked":["Reinforced Body+1","Ball Lightning"],"picked":"Go for the Eyes+1","floor":22},{"not_picked":["Self Repair","Steam Power+1","Conserve Battery+1"],"picked":"SKIP","floor":23},{"not_picked":["Conserve Battery+1","Streamline","Scrape"],"picked":"SKIP","floor":25},{"not_picked":["Force Field+1","BootSequence+1","Ball Lightning"],"picked":"SKIP","floor":27},{"not_picked":["Undo+1","Cold Snap+1"],"picked":"Leap+1","floor":31},{"not_picked":["Rebound","Melter","Force Field+1"],"picked":"SKIP","floor":38},{"not_picked":["Self Repair","Sweeping Beam","Undo+1"],"picked":"SKIP","floor":40}],"player_experience":286914,"relics_obtained":[{"floor":7,"key":"Odd Mushroom"},{"floor":9,"key":"Toxic Egg 2"},{"floor":11,"key":"Mercury Hourglass"},{"floor":22,"key":"Du-Vu Doll"},{"floor":22,"key":"Pantograph"},{"floor":26,"key":"DataDisk"},{"floor":26,"key":"Omamori"},{"floor":34,"key":"Tiny Chest"},{"floor":34,"key":"Blue Candle"},{"floor":34,"key":"Incense Burner"},{"floor":40,"key":"Juzu Bracelet"}],"event_choices":[{"damage_healed":0,"gold_gain":100,"player_choice":"Pray","damage_taken":0,"max_hp_gain":0,"max_hp_loss":0,"event_name":"Golden Shrine","floor":3,"gold_loss":0},{"damage_healed":0,"gold_gain":75,"player_choice":"Gather Gold","damage_taken":11,"max_hp_gain":0,"max_hp_loss":0,"event_name":"World of Goop","floor":5,"gold_loss":0},{"damage_healed":0,"gold_gain":0,"player_choice":"Fought Mushrooms","damage_taken":0,"max_hp_gain":0,"max_hp_loss":0,"event_name":"Mushrooms","floor":7,"gold_loss":0},{"damage_healed":45,"gold_gain":0,"player_choice":"Full Heal","damage_taken":0,"max_hp_gain":0,"max_hp_loss":0,"event_name":"Wheel of Change","floor":12,"gold_loss":0},{"damage_healed":0,"gold_gain":0,"player_choice":"Gave Potion","damage_taken":0,"relics_obtained":["Matryoshka"],"max_hp_gain":0,"max_hp_loss":0,"event_name":"WeMeetAgain","floor":19,"gold_loss":0},{"damage_healed":0,"gold_gain":0,"player_choice":"Fight","damage_taken":0,"max_hp_gain":0,"max_hp_loss":0,"event_name":"Colosseum","floor":22,"gold_loss":0},{"damage_healed":0,"gold_gain":0,"player_choice":"Fought Nobs","damage_taken":0,"max_hp_gain":0,"max_hp_loss":0,"event_name":"Colosseum","floor":22,"gold_loss":0},{"damage_healed":0,"gold_gain":0,"player_choice":"Ignored","damage_taken":0,"max_hp_gain":0,"max_hp_loss":0,"event_name":"Vampires","floor":29,"gold_loss":0},{"cards_removed":["Defend_B"],"damage_healed":0,"gold_gain":0,"player_choice":"Removed Skill","damage_taken":0,"max_hp_gain":0,"max_hp_loss":0,"event_name":"Falling","floor":36,"gold_loss":0},{"damage_healed":0,"gold_gain":0,"player_choice":"Forge","damage_taken":0,"max_hp_gain":0,"max_hp_loss":0,"event_name":"Accursed Blacksmith","floor":37,"gold_loss":0,"cards_upgraded":["Hologram"]}],"is_beta":false,"boss_relics":[{"not_picked":["Cursed Key","Velvet Choker"],"picked":"Philosopher\u0027s Stone"},{"not_picked":["Coffee Dripper","Eternal Feather"],"picked":"Calling Bell"}],"items_purged_floors":[14,20,30,39],"is_endless":false,"potions_floor_spawned":[1,13,16,21,22,23,33,35],"killed_by":"4 Shapes","ascension_level":4}