{"gold_per_floor":[116,127,127,143,164,164,198,198,198,239,260,36,36,52,52,175,175,175,175,90,90,30,30,30,30,30,30,30,30,30,30,30,30,30,30,30,30,30,0,0,0,0,0,0,0,0,0,0,0,0],"floor_reached":50,"playtime":78570,"items_purged":["Strike_R"],"score":664,"play_id":"4f2dded5-3150-47ac-ad99-d2e42a221289","local_time":"20190111185801","is_ascension_mode":true,"campfire_choices":[{"data":"Armaments","floor":6,"key":"SMITH"},{"data":"Rampage","floor":13,"key":"SMITH"},{"floor":15,"key":"REST"},{"data":"Strike_R","floor":23,"key":"PURGE"},{"floor":27,"key":"REST"},{"floor":30,"key":"REST"},{"floor":32,"key":"REST"},{"floor":40,"key":"REST"},{"floor":46,"key":"REST"},{"floor":49,"key":"REST"}],"neow_cost":"NONE","seed_source_timestamp":522263143487449,"circlet_count":0,"master_deck":["Strike_R+1","Strike_R+1","Defend_R","Defend_R","Defend_R","Defend_R","Bash","Anger","True Grit","Armaments+1","Twin Strike","Battle Trance","Rampage+1","Demon Form","Shrug It Off","Seeing Red+1","Barricade","Madness","Madness","Rage","Headbutt","Parasite","Clash+1"],"relics":["Burning Blood","Whetstone","Bloody Idol","Question Card","Paper Frog","Self Forming Clay","Bag of Preparation","Bag of Marbles","Ectoplasm","Shuriken","Peace Pipe","Ancient Tea Set","Orichalcum","Kunai","Lizard Tail","Lantern","Red Mask","Art of War"],"potions_floor_usage":[5,16,24,24,28,33,45,45,50],"damage_taken":[{"damage":0,"enemies":"Small Slimes","floor":1,"turns":4},{"damage":1,"enemies":"Cultist","floor":2,"turns":3},{"damage":0,"enemies":"Jaw Worm","floor":4,"turns":3},{"damage":8,"enemies":"Large Slime","floor":5,"turns":7},{"damage":29,"enemies":"Gremlin Nob","floor":7,"turns":4},{"damage":15,"enemies":"3 Sentries","floor":10,"turns":8},{"damage":2,"enemies":"2 Fungi Beasts","floor":11,"turns":3},{"damage":1,"enemies":"Blue Slaver","floor":14,"turns":3},{"damage":37,"enemies":"Hexaghost","floor":16,"turns":8},{"damage":9,"enemies":"Shell Parasite","floor":18,"turns":3},{"damage":11,"enemies":"2 Thieves","floor":22,"turns":5},{"damage":32,"enemies":"Book of Stabbing","floor":24,"turns":4},{"damage":5,"enemies":"3 Cultists","floor":28,"turns":5},{"damage":45,"enemies":"Slavers","floor":29,"turns":6},{"damage":31,"enemies":"Champ","floor":33,"turns":8},{"damage":16,"enemies":"3 Shapes","floor":35,"turns":12},{"damage":26,"enemies":"Orb Walker","floor":38,"turns":4},{"damage":14,"enemies":"3 Darklings","floor":41,"turns":6},{"damage":18,"enemies":"Spire Growth","floor":44,"turns":6},{"damage":76,"enemies":"Writhing Mass","floor":45,"turns":9},{"damage":4,"enemies":"4 Shapes","floor":47,"turns":7},{"damage":21,"enemies":"Sphere and 2 Shapes","floor":48,"turns":6},{"damage":50,"enemies":"Awakened One","floor":50,"turns":3}],"seed_played":"3887178312914492980","potions_obtained":[{"floor":1,"key":"BloodPotion"},{"floor":7,"key":"Weak Potion"},{"floor":10,"key":"FearPotion"},{"floor":11,"key":"SteroidPotion"},{"floor":16,"key":"LiquidBronze"},{"floor":18,"key":"Poison Potion"},{"floor":29,"key":"Block Potion"},{"floor":41,"key":"LiquidBronze"},{"floor":44,"key":"Explosive Potion"},{"floor":48,"key":"Explosive Potion"}],"is_trial":false,"path_per_floor":["M","M","?","M","M","R","E","?","T","E","M","$","R","M","R","B",null,"M","?","?","?","M","R","E","?","T","R","M","E","R","$","R","B",null,"M","?","?","M","?","R","M","?","T","M","M","R","M","M","R","B"],"character_chosen":"IRONCLAD","items_purchased":["Bag of Marbles"],"campfire_rested":7,"item_purchase_floors":[12],"current_hp_per_floor":[78,80,60,66,72,72,49,49,49,40,44,44,44,49,73,42,71,68,68,68,80,75,75,49,49,49,73,74,35,59,59,80,55,74,64,54,54,34,34,58,50,50,50,38,8,32,34,19,43,0],"gold":0,"neow_bonus":"RANDOM_COMMON_RELIC","is_prod":false,"is_daily":false,"chose_seed":false,"campfire_upgraded":2,"win_rate":0,"timestamp":1547233081,"path_taken":["M","M","?","M","M","R","E","?","T","E","M","$","R","M","R","BOSS","M","?","?","?","M","R","E","?","T","R","M","E","R","$","R","BOSS","M","?","?","?","?","R","M","?","T","M","M","R","?","M","R","BOSS"],"build_version":"2019-01-03v4","purchased_purges":1,"victory":false,"max_hp_per_floor":[80,80,80,80,80,80,80,80,80,80,80,80,80,80,80,80,80,80,80,80,80,80,80,80,80,80,80,80,80,80,80,80,80,80,80,80,80,80,80,80,80,80,80,80,80,80,80,80,80,80],"card_choices":[{"not_picked":["Sentinel","Uppercut"],"picked":"Anger","floor":1},{"not_picked":["Wild Strike","Iron Wave"],"picked":"True Grit","floor":2},{"not_picked":["Havoc","Body Slam"],"picked":"Armaments","floor":4},{"not_picked":["Body Slam","Ghostly Armor"],"picked":"Twin Strike","floor":5},{"not_picked":["Havoc","Feel No Pain"],"picked":"Battle Trance","floor":7},{"not_picked":["Pummel","Iron Wave","Reaper"],"picked":"Rampage","floor":10},{"not_picked":["Armaments","Cleave","Pummel","Shockwave"],"picked":"SKIP","floor":11},{"not_picked":["Seeing Red","Evolve","Fire Breathing","Flex"],"picked":"SKIP","floor":14},{"not_picked":["Juggernaut","Reaper","Berserk"],"picked":"Demon Form","floor":16},{"not_picked":["Clothesline+1","Perfected Strike","Rampage"],"picked":"Shrug It Off","floor":18},{"not_picked":["Twin Strike","Pommel Strike","Infernal Blade","Evolve"],"picked":"SKIP","floor":22},{"not_picked":["Armaments+1","Shrug It Off+1","Warcry"],"picked":"Seeing Red+1","floor":24},{"not_picked":["Metallicize+1","Perfected Strike","Flame Barrier+1"],"picked":"Barricade","floor":28},{"not_picked":["Iron Wave","Searing Blow","Headbutt","Berserk"],"picked":"SKIP","floor":29},{"not_picked":["Wild Strike","Shockwave","Sever Soul+1","Perfected Strike"],"picked":"SKIP","floor":35},{"not_picked":["Wild Strike","Iron Wave","Havoc","Shockwave+1"],"picked":"SKIP","floor":38},{"not_picked":["Uppercut+1","Sword Boomerang","Warcry"],"picked":"Rage","floor":41},{"not_picked":["Dropkick+1","Anger+1","Flex","Armaments"],"picked":"SKIP","floor":44},{"not_picked":["Blood for Blood","Shrug It Off+1","Cleave+1"],"picked":"Clash+1","floor":45},{"not_picked":["Twin Strike","Anger+1","Havoc+1","Warcry"],"picked":"SKIP","floor":47},{"not_picked":["True Grit","Perfected Strike","Cleave+1","Pummel"],"picked":"SKIP","floor":48}],"player_experience":869650,"relics_obtained":[{"floor":7,"key":"Question Card"},{"floor":9,"key":"Self Forming Clay"},{"floor":10,"key":"Bag of Preparation"},{"floor":24,"key":"Ancient Tea Set"},{"floor":26,"key":"Orichalcum"},{"floor":29,"key":"Kunai"},{"floor":37,"key":"Lantern"},{"floor":43,"key":"Art of War"}],"event_choices":[{"damage_healed":0,"gold_gain":0,"player_choice":"Take Damage","damage_taken":20,"relics_obtained":["Golden Idol"],"max_hp_gain":0,"max_hp_loss":0,"event_name":"Golden Idol","floor":3,"gold_loss":0},{"damage_healed":0,"gold_gain":0,"player_choice":"Gave Potion","damage_taken":0,"relics_obtained":["Paper Frog"],"max_hp_gain":0,"max_hp_loss":0,"event_name":"WeMeetAgain","floor":8,"gold_loss":0},{"damage_healed":0,"gold_gain":0,"player_choice":"Opened","damage_taken":0,"relics_obtained":["Shuriken"],"max_hp_gain":0,"max_hp_loss":0,"event_name":"The Mausoleum","floor":19,"gold_loss":0},{"damage_healed":0,"gold_gain":0,"player_choice":"Obtained Relic","damage_taken":0,"relics_obtained":["Peace Pipe"],"max_hp_gain":0,"max_hp_loss":0,"event_name":"Addict","floor":20,"gold_loss":85},{"damage_healed":26,"gold_gain":0,"player_choice":"Heal","damage_taken":0,"max_hp_gain":0,"max_hp_loss":0,"event_name":"The Library","floor":21,"gold_loss":0},{"damage_healed":0,"gold_gain":0,"player_choice":"Gave Idol","damage_taken":0,"relics_obtained":["Bloody Idol"],"max_hp_gain":0,"max_hp_loss":0,"event_name":"Forgotten Altar","floor":25,"relics_lost":["Golden Idol"],"gold_loss":0},{"damage_healed":0,"gold_gain":0,"player_choice":"Embrace Madness","damage_taken":10,"max_hp_gain":0,"max_hp_loss":0,"event_name":"Winding Halls","floor":36,"gold_loss":0,"cards_obtained":["Madness","Madness"]},{"damage_healed":0,"gold_gain":0,"player_choice":"Relic","damage_taken":0,"max_hp_gain":0,"max_hp_loss":0,"event_name":"Wheel of Change","floor":37,"gold_loss":0},{"damage_healed":0,"gold_gain":0,"player_choice":"Paid","damage_taken":0,"relics_obtained":["Red Mask"],"max_hp_gain":0,"max_hp_loss":0,"event_name":"Tomb of Lord Red Mask","floor":39,"gold_loss":30},{"damage_healed":0,"gold_gain":0,"cards_transformed":["Strike_R"],"player_choice":"Transformed","damage_taken":0,"max_hp_gain":0,"max_hp_loss":0,"event_name":"Transmorgrifier","floor":42,"gold_loss":0,"cards_obtained":["Headbutt"]}],"is_beta":false,"boss_relics":[{"not_picked":["Astrolabe","Runic Dome"],"picked":"Ectoplasm"},{"not_picked":["Runic Cube","Sozu"],"picked":"Lizard Tail"}],"items_purged_floors":[12],"is_endless":false,"potions_floor_spawned":[1,7,10,11,16,18,29,41,44,48],"killed_by":"Awakened One","ascension_level":7}