{"gold_per_floor":[209,219,239,63,63,98,98,273,298,325,325,18,47,64,64,160,160,172,172,189,201,12,12],"floor_reached":23,"playtime":1956,"items_purged":["Doubt"],"score":307,"play_id":"8c391761-a63d-4374-8e0d-567d3300f832","local_time":"20181019233746","is_ascension_mode":true,"campfire_choices":[{"data":"Skewer","floor":7,"key":"SMITH"},{"floor":15,"key":"REST"}],"neow_cost":"NONE","seed_source_timestamp":17855474594175,"circlet_count":0,"master_deck":["Defend_G","Defend_G","Defend_G","Defend_G","Defend_G","Strike_G","Strike_G","Strike_G","Strike_G","Strike_G","Survivor","Neutralize","Predator","Dagger Throw","Endless Agony","Terror","Trip","Skewer+1","Accuracy","Madness","Flying Knee","Blur","Phantasmal Killer","All Out Attack","Cloak And Dagger","Acrobatics","Flying Knee","Quick Slash","A Thousand Cuts","Footwork+1","Noxious Fumes"],"relics":["Ring of the Snake","Strawberry","Bronze Scales","Pear","Darkstone Periapt","Orichalcum","Bottled Tornado","Orrery","PreservedInsect"],"potions_floor_usage":[6,13,21,23,23],"damage_taken":[{"damage":4,"enemies":"Small Slimes","floor":1,"turns":5},{"damage":0,"enemies":"2 Louse","floor":2,"turns":2},{"damage":12,"enemies":"Jaw Worm","floor":3,"turns":5},{"damage":5,"enemies":"3 Sentries","floor":6,"turns":8},{"damage":19,"enemies":"Gremlin Nob","floor":10,"turns":3},{"damage":5,"enemies":"3 Sentries","floor":13,"turns":7},{"damage":5,"enemies":"Large Slime","floor":14,"turns":5},{"damage":45,"enemies":"The Guardian","floor":16,"turns":14},{"damage":26,"enemies":"2 Thieves","floor":18,"turns":4},{"damage":10,"enemies":"Chosen","floor":20,"turns":5},{"damage":24,"enemies":"Snake Plant","floor":21,"turns":3},{"damage":18,"enemies":"Slavers","floor":23,"turns":2}],"seed_played":"-3478689353298294816","potions_obtained":[{"floor":1,"key":"Block Potion"},{"floor":3,"key":"SteroidPotion"},{"floor":10,"key":"Swift Potion"},{"floor":16,"key":"FearPotion"},{"floor":18,"key":"Strength Potion"},{"floor":20,"key":"Fire Potion"}],"is_trial":false,"path_per_floor":["M","M","M","$","?","E","R","?","T","E","T","$","E","M","R","B",null,"M","?","M","M","$"],"character_chosen":"THE_SILENT","items_purchased":["Terror","Trip","Orichalcum","Madness","Noxious Fumes","PreservedInsect"],"campfire_rested":1,"item_purchase_floors":[4,4,12,12,22,22],"current_hp_per_floor":[59,59,47,47,70,72,72,72,72,63,63,63,58,53,79,34,74,48,48,38,14,14,0],"gold":12,"neow_bonus":"HUNDRED_GOLD","is_prod":false,"is_daily":false,"chose_seed":false,"campfire_upgraded":1,"win_rate":0,"timestamp":1539988666,"path_taken":["M","M","M","$","?","E","R","?","T","E","?","$","E","M","R","BOSS","M","?","?","M","$","E"],"build_version":"2018-10-18","purchased_purges":1,"victory":false,"max_hp_per_floor":[70,70,70,70,70,77,77,77,77,87,87,87,87,87,87,87,87,87,87,87,87,87,87],"card_choices":[{"not_picked":["Crippling Poison","Bouncing Flask"],"picked":"Predator","floor":1},{"not_picked":["Underhanded Strike","Escape Plan"],"picked":"Dagger Throw","floor":2},{"not_picked":["Deadly Poison","Finisher"],"picked":"Endless Agony","floor":3},{"not_picked":["Escape Plan","PiercingWail"],"picked":"Skewer","floor":6},{"not_picked":["Quick Slash","Blade Dance"],"picked":"Accuracy","floor":10},{"not_picked":["Quick Slash","Terror"],"picked":"Flying Knee","floor":13},{"not_picked":["Skewer","Predator"],"picked":"Blur","floor":14},{"not_picked":["Night Terror","Doppelganger"],"picked":"Phantasmal Killer","floor":16},{"not_picked":["Heel Hook","Underhanded Strike"],"picked":"All Out Attack","floor":17},{"not_picked":["Deadly Poison","PiercingWail"],"picked":"Cloak And Dagger","floor":17},{"not_picked":["Dagger Throw","PiercingWail"],"picked":"Acrobatics","floor":17},{"not_picked":["Slice","Distraction"],"picked":"Flying Knee","floor":17},{"not_picked":["Sucker Punch","Poisoned Stab"],"picked":"Quick Slash","floor":17},{"not_picked":["Expertise+1","Underhanded Strike+1","Riddle With Holes+1"],"picked":"SKIP","floor":18},{"not_picked":["Caltrops","Deflect"],"picked":"A Thousand Cuts","floor":20},{"not_picked":["Blade Dance","Acrobatics+1"],"picked":"Footwork+1","floor":21}],"player_experience":716482,"relics_obtained":[{"floor":6,"key":"Strawberry"},{"floor":9,"key":"Bronze Scales"},{"floor":10,"key":"Pear"},{"floor":11,"key":"Darkstone Periapt"},{"floor":13,"key":"Bottled Tornado"}],"event_choices":[{"damage_healed":23,"gold_gain":0,"player_choice":"Banana","damage_taken":0,"max_hp_gain":0,"max_hp_loss":0,"event_name":"Big Fish","floor":5,"gold_loss":0},{"damage_healed":0,"gold_gain":175,"player_choice":"AGREE","damage_taken":0,"max_hp_gain":0,"max_hp_loss":0,"event_name":"Liars Game","floor":8,"gold_loss":0,"cards_obtained":["Doubt"]},{"damage_healed":0,"gold_gain":0,"player_choice":"Ignored","damage_taken":0,"max_hp_gain":0,"max_hp_loss":0,"event_name":"Ghosts","floor":19,"gold_loss":0}],"is_beta":false,"boss_relics":[{"not_picked":["Ring of the Serpent","White Beast Statue"],"picked":"Orrery"}],"items_purged_floors":[12],"is_endless":false,"potions_floor_spawned":[1,3,10,16,18,20],"killed_by":"Slavers","ascension_level":7}