{"gold_per_floor":[113,113,113,129,129,129,154,170,196,196,229,245,245,265,265,265],"floor_reached":16,"playtime":478,"items_purged":[],"score":132,"play_id":"e12f1d0a-cd09-4b99-b712-20a07a7a6ef4","local_time":"20190508084312","is_ascension_mode":true,"campfire_choices":[{"data":"Caltrops","floor":6,"key":"SMITH"},{"floor":10,"key":"REST"},{"floor":15,"key":"REST"}],"neow_cost":"NONE","seed_source_timestamp":90849655887184,"circlet_count":0,"master_deck":["Defend_G","Defend_G","Defend_G","Defend_G","Defend_G","Strike_G","Strike_G","Strike_G","Strike_G","Strike_G","Survivor","Neutralize+1","Caltrops+1","Quick Slash","Poisoned Stab","Deadly Poison","Caltrops"],"relics":["Velvet Choker","Lantern","Art of War","Anchor"],"potions_floor_usage":[7,12,14],"damage_taken":[{"damage":6,"enemies":"2 Louse","floor":1,"turns":3},{"damage":0,"enemies":"Jaw Worm","floor":4,"turns":3},{"damage":42,"enemies":"Gremlin Nob","floor":7,"turns":6},{"damage":0,"enemies":"Small Slimes","floor":8,"turns":3},{"damage":20,"enemies":"3 Sentries","floor":11,"turns":8},{"damage":6,"enemies":"Red Slaver","floor":12,"turns":3},{"damage":15,"enemies":"Exordium Thugs","floor":14,"turns":4},{"damage":36,"enemies":"Slime Boss","floor":16,"turns":10}],"seed_played":"6824261049753910229","potions_obtained":[{"floor":4,"key":"Block Potion"},{"floor":7,"key":"FearPotion"},{"floor":8,"key":"FearPotion"}],"is_trial":false,"path_per_floor":["M","?","?","M","?","R","E","M","T","R","E","M","?","M","R","B"],"character_chosen":"THE_SILENT","items_purchased":[],"campfire_rested":2,"item_purchase_floors":[],"current_hp_per_floor":[64,69,69,69,69,69,27,27,27,49,29,23,23,8,30,0],"gold":265,"neow_bonus":"BOSS_RELIC","is_prod":false,"is_daily":false,"chose_seed":false,"campfire_upgraded":1,"win_rate":0,"timestamp":1557319392,"path_taken":["M","?","?","M","?","R","E","M","T","R","E","?","?","M","R","BOSS"],"build_version":"2019-01-23","purchased_purges":0,"victory":false,"max_hp_per_floor":[70,75,75,75,75,75,75,75,75,75,75,75,75,75,75,75],"card_choices":[{"not_picked":["Backflip","Setup"],"picked":"Caltrops","floor":1},{"not_picked":["Deflect","Prepared","PiercingWail"],"picked":"SKIP","floor":4},{"not_picked":["Deflect","Endless Agony","Prepared"],"picked":"SKIP","floor":7},{"not_picked":["Dagger Spray","Concentrate"],"picked":"Quick Slash","floor":8},{"not_picked":["Cloak And Dagger","Expertise"],"picked":"Poisoned Stab","floor":11},{"not_picked":["Predator","Tools of the Trade"],"picked":"Deadly Poison","floor":12},{"not_picked":["Quick Slash","Deflect"],"picked":"Caltrops","floor":14}],"player_experience":331207,"relics_obtained":[{"floor":7,"key":"Lantern"},{"floor":9,"key":"Art of War"},{"floor":11,"key":"Anchor"}],"event_choices":[{"damage_healed":0,"gold_gain":0,"player_choice":"Donut","damage_taken":0,"max_hp_gain":5,"max_hp_loss":0,"event_name":"Big Fish","floor":2,"gold_loss":0},{"damage_healed":0,"gold_gain":0,"player_choice":"Grow","damage_taken":0,"max_hp_gain":0,"max_hp_loss":0,"event_name":"Living Wall","floor":3,"gold_loss":0,"cards_upgraded":["Neutralize"]},{"damage_healed":0,"gold_gain":0,"player_choice":"Ignored","damage_taken":0,"max_hp_gain":0,"max_hp_loss":0,"event_name":"Golden Wing","floor":5,"gold_loss":0},{"damage_healed":0,"gold_gain":0,"player_choice":"Ignored","damage_taken":0,"max_hp_gain":0,"max_hp_loss":0,"event_name":"Liars Game","floor":13,"gold_loss":0}],"is_beta":false,"boss_relics":[],"items_purged_floors":[],"is_endless":false,"potions_floor_spawned":[4,7,8],"killed_by":"Slime Boss","ascension_level":4}