{"gold_per_floor":[119,44,58,58,58,93,93,103,103,123,150,169,189,189,189,189],"floor_reached":16,"playtime":646,"items_purged":["Defend_B"],"score":137,"play_id":"f640d095-1409-4520-8bea-e92b599757ca","local_time":"20190217031003","is_ascension_mode":false,"campfire_choices":[{"floor":7,"key":"REST"},{"floor":15,"key":"REST"}],"neow_cost":"NONE","seed_source_timestamp":27258466030900,"circlet_count":0,"master_deck":["Strike_B+1","Strike_B","Strike_B","Defend_B","Defend_B","Defend_B+1","Zap","Dualcast","Beam Cell","Leap","Cold Snap","Defragment","Beam Cell"],"relics":["Cracked Core","Unceasing Top","Pear","Potion Belt"],"potions_floor_usage":[11,11,16],"damage_taken":[{"damage":3,"enemies":"Small Slimes","floor":1,"turns":3},{"damage":0,"enemies":"2 Louse","floor":3,"turns":2},{"damage":24,"enemies":"Lagavulin","floor":6,"turns":6},{"damage":2,"enemies":"Jaw Worm","floor":8,"turns":3},{"damage":4,"enemies":"Blue Slaver","floor":10,"turns":3},{"damage":26,"enemies":"3 Sentries","floor":11,"turns":7},{"damage":19,"enemies":"3 Louse","floor":12,"turns":2},{"damage":3,"enemies":"Exordium Thugs","floor":13,"turns":4},{"damage":45,"enemies":"Slime Boss","floor":16,"turns":9}],"seed_played":"1175506356590371473","potions_obtained":[{"floor":6,"key":"Explosive Potion"},{"floor":10,"key":"SkillPotion"},{"floor":13,"key":"LiquidBronze"}],"is_trial":false,"path_per_floor":["M","$","M","?","?","E","R","M","T","M","E","M","M","?","R","B"],"character_chosen":"DEFECT","items_purchased":[],"campfire_rested":2,"item_purchase_floors":[],"current_hp_per_floor":[72,72,72,77,61,37,61,59,69,65,39,20,17,17,44,0],"gold":189,"neow_bonus":"THREE_CARDS","is_prod":false,"is_daily":false,"chose_seed":false,"campfire_upgraded":0,"win_rate":0.0,"timestamp":1550401803,"path_taken":["M","$","M","?","?","E","R","M","T","M","E","M","M","?","R","BOSS"],"build_version":"2019-01-23","purchased_purges":1,"victory":false,"max_hp_per_floor":[75,75,75,80,80,80,80,80,90,90,90,90,90,90,90,90],"card_choices":[{"not_picked":["Turbo","Reprogram"],"picked":"Beam Cell","floor":0},{"not_picked":["Compile Driver","Fusion"],"picked":"Leap","floor":1},{"not_picked":["Hologram","Steam"],"picked":"Cold Snap","floor":3},{"not_picked":["FTL","Reprogram"],"picked":"Defragment","floor":6},{"not_picked":["FTL","Tempest","Genetic Algorithm"],"picked":"SKIP","floor":8},{"not_picked":["Redo","Hologram"],"picked":"Beam Cell","floor":10},{"not_picked":["Seek","Redo","Genetic Algorithm"],"picked":"SKIP","floor":11},{"not_picked":["Blizzard","Hologram","Recycle"],"picked":"SKIP","floor":12},{"not_picked":["Steam Power","Sunder","Undo"],"picked":"SKIP","floor":13}],"player_experience":179319,"relics_obtained":[{"floor":6,"key":"Unceasing Top"},{"floor":9,"key":"Pear"},{"floor":11,"key":"Potion Belt"}],"event_choices":[{"damage_healed":0,"gold_gain":0,"player_choice":"Donut","damage_taken":0,"max_hp_gain":5,"max_hp_loss":0,"event_name":"Big Fish","floor":4,"gold_loss":0},{"damage_healed":0,"gold_gain":0,"player_choice":"Entered Light","damage_taken":16,"max_hp_gain":0,"max_hp_loss":0,"event_name":"Shining Light","floor":5,"gold_loss":0,"cards_upgraded":["Defend_B","Strike_B"]},{"cards_removed":["Strike_B"],"damage_healed":0,"gold_gain":0,"player_choice":"Forget","damage_taken":0,"max_hp_gain":0,"max_hp_loss":0,"event_name":"Living Wall","floor":14,"gold_loss":0}],"is_beta":false,"boss_relics":[],"items_purged_floors":[2],"is_endless":false,"potions_floor_spawned":[6,10,13],"killed_by":"Slime Boss","ascension_level":0}