{"gold_per_floor":[110,127,127,49,63,94,107,107,107,133,149,149,159,170,170,273,273,284,284,96,96,107,132,57,57,82,82,117,117,130,130,130,130],"floor_reached":33,"playtime":1255,"items_purged":["Strike_G"],"score":354,"play_id":"debfa58f-23c8-4ba4-8aef-da33f17fdd87","local_time":"20190313103203","is_ascension_mode":true,"campfire_choices":[{"floor":8,"key":"REST"},{"floor":15,"key":"REST"},{"floor":25,"key":"REST"},{"floor":32,"key":"REST"}],"neow_cost":"NONE","seed_source_timestamp":384246748335727,"circlet_count":0,"master_deck":["Defend_G","Defend_G","Defend_G","Defend_G","Defend_G+1","Strike_G+1","Strike_G","Survivor","Neutralize","Deadly Poison+1","Crippling Poison","Noxious Fumes","Dash","Bane","Noxious Fumes+1","Adrenaline","Glass Knife+1","Deadly Poison","Poisoned Stab","Shame","Writhe"],"relics":["Ring of the Snake","Frozen Egg 2","Calipers","Ice Cream","Busted Crown","Snake Skull","Blood Vial","Whetstone","Ginger","War Paint","Girya","Blue Candle"],"potions_floor_usage":[10,16,16,16,23,23,28],"damage_taken":[{"damage":11,"enemies":"Jaw Worm","floor":1,"turns":8},{"damage":0,"enemies":"Cultist","floor":2,"turns":4},{"damage":5,"enemies":"2 Louse","floor":5,"turns":3},{"damage":32,"enemies":"Gremlin Nob","floor":6,"turns":5},{"damage":19,"enemies":"Exordium Thugs","floor":7,"turns":5},{"damage":5,"enemies":"3 Sentries","floor":10,"turns":6},{"damage":5,"enemies":"3 Louse","floor":11,"turns":3},{"damage":8,"enemies":"Large Slime","floor":13,"turns":5},{"damage":3,"enemies":"Looter","floor":14,"turns":3},{"damage":5,"enemies":"Hexaghost","floor":16,"turns":8},{"damage":15,"enemies":"2 Thieves","floor":18,"turns":4},{"damage":3,"enemies":"Chosen","floor":22,"turns":4},{"damage":27,"enemies":"Gremlin Leader","floor":23,"turns":6},{"damage":34,"enemies":"Slavers","floor":28,"turns":4},{"damage":4,"enemies":"3 Cultists","floor":30,"turns":4},{"damage":53,"enemies":"Collector","floor":33,"turns":6}],"seed_played":"263554644796892363","potions_obtained":[{"floor":6,"key":"Strength Potion"},{"floor":7,"key":"EssenceOfSteel"},{"floor":10,"key":"Strength Potion"},{"floor":11,"key":"LiquidBronze"},{"floor":16,"key":"Swift Potion"},{"floor":18,"key":"Energy Potion"},{"floor":23,"key":"LiquidBronze"}],"is_trial":false,"path_per_floor":["M","M","?","$","M","E","M","R","T","E","M","?","M","M","R","B",null,"M","?","$","?","M","E","$","R","T","?","E","?","M","T","R","B"],"character_chosen":"THE_SILENT","items_purchased":["Noxious Fumes","Snake Skull","Deadly Poison"],"campfire_rested":4,"item_purchase_floors":[4,20,20],"current_hp_per_floor":[59,59,70,70,65,33,14,35,35,30,25,25,17,14,35,30,70,55,55,55,70,67,40,40,61,61,61,29,29,27,27,48,0],"gold":130,"neow_bonus":"TRANSFORM_CARD","is_prod":false,"is_daily":false,"chose_seed":false,"campfire_upgraded":0,"win_rate":0,"timestamp":1552487523,"path_taken":["M","M","?","?","?","E","M","R","T","E","M","?","M","M","R","BOSS","M","?","$","?","?","E","$","R","T","?","E","?","M","?","R","BOSS"],"build_version":"2019-01-23","purchased_purges":1,"victory":false,"max_hp_per_floor":[70,70,70,70,70,70,70,70,70,70,70,70,70,70,70,70,70,70,70,70,70,70,70,70,70,70,70,70,70,70,70,70,70],"card_choices":[{"not_picked":["PiercingWail","Dagger Spray"],"picked":"Deadly Poison","floor":1},{"not_picked":["Backstab","Expertise"],"picked":"Crippling Poison","floor":2},{"not_picked":["Dagger Throw","Cloak And Dagger"],"picked":"Dash","floor":5},{"not_picked":["Dagger Throw","Concentrate","Well Laid Plans"],"picked":"SKIP","floor":6},{"not_picked":["Flying Knee","Well Laid Plans+1"],"picked":"Bane","floor":7},{"not_picked":["Slice","Blade Dance","Reflex"],"picked":"SKIP","floor":10},{"not_picked":["Slice","Quick Slash"],"picked":"Noxious Fumes+1","floor":11},{"not_picked":["Bane","Flying Knee"],"picked":"Adrenaline","floor":13},{"not_picked":["Acrobatics","Backflip","Dodge and Roll"],"picked":"SKIP","floor":14},{"not_picked":["Die Die Die","Night Terror"],"picked":"Glass Knife","floor":16},{"not_picked":["Flying Knee"],"picked":"SKIP","floor":18},{"not_picked":[],"picked":"Poisoned Stab","floor":22},{"not_picked":["Dagger Throw"],"picked":"SKIP","floor":23},{"not_picked":["Outmaneuver+1"],"picked":"SKIP","floor":28},{"not_picked":["Quick Slash+1"],"picked":"SKIP","floor":30}],"player_experience":258845,"relics_obtained":[{"floor":6,"key":"Frozen Egg 2"},{"floor":9,"key":"Calipers"},{"floor":10,"key":"Ice Cream"},{"floor":23,"key":"Blood Vial"},{"floor":26,"key":"Whetstone"},{"floor":28,"key":"War Paint"},{"floor":31,"key":"Blue Candle"}],"event_choices":[{"cards_removed":["Eviscerate"],"damage_healed":11,"gold_gain":0,"player_choice":"Offered Uncommon","damage_taken":0,"max_hp_gain":0,"max_hp_loss":0,"event_name":"Bonfire Elementals","floor":3,"gold_loss":0},{"cards_removed":["Strike_G"],"damage_healed":0,"gold_gain":0,"player_choice":"Forget","damage_taken":0,"max_hp_gain":0,"max_hp_loss":0,"event_name":"Living Wall","floor":12,"gold_loss":0},{"damage_healed":0,"gold_gain":0,"player_choice":"Ignored","damage_taken":0,"max_hp_gain":0,"max_hp_loss":0,"event_name":"Vampires","floor":19,"gold_loss":0},{"damage_healed":23,"gold_gain":0,"player_choice":"Heal","damage_taken":0,"max_hp_gain":0,"max_hp_loss":0,"event_name":"The Library","floor":21,"gold_loss":0},{"damage_healed":0,"gold_gain":0,"player_choice":"Stole Relic","damage_taken":0,"relics_obtained":["Ginger"],"max_hp_gain":0,"max_hp_loss":0,"event_name":"Addict","floor":27,"gold_loss":0,"cards_obtained":["Shame"]},{"damage_healed":0,"gold_gain":0,"player_choice":"Opened","damage_taken":0,"relics_obtained":["Girya"],"max_hp_gain":0,"max_hp_loss":0,"event_name":"The Mausoleum","floor":29,"gold_loss":0,"cards_obtained":["Writhe"]}],"is_beta":false,"boss_relics":[{"not_picked":["Ring of the Serpent","Velvet Choker"],"picked":"Busted Crown"}],"items_purged_floors":[24],"is_endless":false,"potions_floor_spawned":[6,7,10,11,16,18,23],"killed_by":"Collector","ascension_level":4}