{"gold_per_floor":[119,18,30,30,5,5,5,5,5,24,24,24,24,43,43,142,142,152,171,171,171,171,171],"floor_reached":23,"playtime":725,"items_purged":["Strike_G"],"score":248,"play_id":"4cda86e9-d0cb-4c0e-9574-3866d81905e6","local_time":"20190528012149","is_ascension_mode":true,"campfire_choices":[{"data":"Sucker Punch","floor":6.0,"key":"SMITH"},{"data":"Deadly Poison","floor":8.0,"key":"SMITH"},{"data":"Quick Slash","floor":12.0,"key":"SMITH"},{"data":"Deadly Poison","floor":15.0,"key":"SMITH"}],"neow_cost":"NONE","seed_source_timestamp":0,"circlet_count":0,"master_deck":["Defend_G","Defend_G","Defend_G","Defend_G","Survivor","Neutralize","Quick Slash+1","Deadly Poison+1","Sucker Punch+1","Deadly Poison+1","Backflip+1","Reflex+1","Distraction+1","Escape Plan+1"],"special_seed":0,"relics":["Ring of the Snake","Regal Pillow","Calipers","Astrolabe","Enchiridion"],"potions_floor_usage":[19],"damage_taken":[{"damage":1.0,"enemies":"Cultist","floor":1.0,"turns":5.0},{"damage":0.0,"enemies":"Small Slimes","floor":3.0,"turns":3.0},{"damage":0.0,"enemies":"Jaw Worm","floor":10.0,"turns":4.0},{"damage":1.0,"enemies":"2 Fungi Beasts","floor":14.0,"turns":3.0},{"damage":49.0,"enemies":"Slime Boss","floor":16.0,"turns":9.0},{"damage":0.0,"enemies":"Chosen","floor":18.0,"turns":4.0},{"damage":3,"enemies":"2 Thieves","floor":19,"turns":4},{"damage":36,"enemies":"Gremlin Leader","floor":23,"turns":4}],"seed_played":"-4673561933623627661","potions_obtained":[{"floor":1.0,"key":"Poison Potion"},{"floor":3.0,"key":"AttackPotion"},{"floor":7.0,"key":"EssenceOfSteel"},{"floor":16.0,"key":"GamblersBrew"},{"floor":18.0,"key":"Dexterity Potion"}],"is_trial":false,"path_per_floor":["M","$","M","?","$","R","?","R","T","M","?","R","$","M","R","B",null,"M","M","?","?","?","E"],"character_chosen":"THE_SILENT","items_purchased":["Quick Slash","Sucker Punch"],"campfire_rested":0,"item_purchase_floors":[2,5],"current_hp_per_floor":[62,62,62,55,55,55,55,55,55,55,55,55,55,54,54,5,54,54,51,51,35,35,0],"gold":171,"neow_bonus":"RANDOM_COMMON_RELIC","is_prod":false,"is_daily":false,"chose_seed":false,"campfire_upgraded":4,"win_rate":0,"timestamp":1559031709,"path_taken":["M","?","M","?","?","R","?","R","T","?","?","R","$","M","R","BOSS","M","M","?","?","?","E"],"build_version":"2019-01-23","purchased_purges":1,"victory":false,"max_hp_per_floor":[70,70,70,70,70,70,70,70,70,70,70,70,70,70,70,70,70,70,70,70,70,70,70],"card_choices":[{"not_picked":["Escape Plan","Underhanded Strike","Sucker Punch"],"picked":"SKIP","floor":1.0},{"not_picked":["Prepared","Sucker Punch"],"picked":"Deadly Poison","floor":3.0},{"not_picked":["Eviscerate","Quick Slash","Prepared"],"picked":"SKIP","floor":10.0},{"not_picked":["Choke","Skewer"],"picked":"Deadly Poison","floor":14.0},{"not_picked":["Leg Sweep","Accuracy","Quick Slash+1"],"picked":"SKIP","floor":18.0},{"not_picked":["Quick Slash","Bane"],"picked":"Escape Plan+1","floor":19}],"player_experience":417537,"relics_obtained":[{"floor":9.0,"key":"Calipers"},{"floor":21,"key":"Enchiridion"}],"event_choices":[{"cards_removed":["Strike_G"],"damage_healed":0.0,"max_hp_gain":0.0,"max_hp_loss":0.0,"gold_gain":0.0,"event_name":"Golden Wing","player_choice":"Card Removal","floor":4.0,"gold_loss":0.0,"damage_taken":7.0},{"damage_healed":0.0,"max_hp_gain":0.0,"max_hp_loss":0.0,"gold_gain":0.0,"event_name":"Lab","player_choice":"Got Potions","floor":7.0,"gold_loss":0.0,"damage_taken":0.0},{"cards_removed":["Strike_G"],"damage_healed":0.0,"max_hp_gain":0.0,"max_hp_loss":0.0,"gold_gain":0.0,"event_name":"Living Wall","player_choice":"Forget","floor":11.0,"gold_loss":0.0,"damage_taken":0.0},{"damage_healed":0,"gold_gain":0,"player_choice":"Obtained Book","damage_taken":16,"max_hp_gain":0,"max_hp_loss":0,"event_name":"Cursed Tome","floor":21,"gold_loss":0},{"damage_healed":0,"gold_gain":0,"player_choice":"Ignored","damage_taken":0,"max_hp_gain":0,"max_hp_loss":0,"event_name":"Vampires","floor":22,"gold_loss":0}],"is_beta":false,"boss_relics":[{"not_picked":["Runic Dome","Black Star"],"picked":"Astrolabe"}],"items_purged_floors":[2],"is_endless":false,"potions_floor_spawned":[1,3,16,18],"killed_by":"Gremlin Leader","ascension_level":8}