{"gold_per_floor":[117,117,128,75,75,107,107,57,57,85,104,134,134,151,151,256,256,275,58,45,45,64,64,64,64,90,106,106,106,137,147,147,250,250,260,260,235,249,66,101,113,113,113,113,123,123,123],"floor_reached":47,"playtime":3137,"items_purged":[],"score":619,"play_id":"0d47f370-5167-4638-8bc7-bfe86505dae9","local_time":"20181103010823","is_ascension_mode":true,"campfire_choices":[{"data":"Bash","floor":7.0,"key":"SMITH"},{"data":"Heavy Blade","floor":13.0,"key":"SMITH"},{"data":"Armaments","floor":15.0,"key":"SMITH"},{"data":"Shrug It Off","floor":23.0,"key":"SMITH"},{"data":"Demon Form","floor":29.0,"key":"SMITH"},{"floor":32.0,"key":"REST"},{"floor":42.0,"key":"REST"},{"data":"Limit Break","floor":44.0,"key":"SMITH"},{"floor":46.0,"key":"REST"}],"neow_cost":"NONE","seed_source_timestamp":1234970810751792,"circlet_count":0,"master_deck":["Strike_R+1","Strike_R+1","Strike_R+1","Defend_R+1","Defend_R+1","Defend_R+1","Bash+1","Flame Barrier+1","Anger","Heavy Blade+1","Iron Wave","Armaments+1","Shrug It Off+1","Demon Form+1","Dropkick","Cleave","Whirlwind+1","Limit Break+1","Flex","Warcry+1","The Bomb","Heavy Blade+1","Headbutt+1","Flex+1"],"special_seed":0,"relics":["Burning Blood","NeowsBlessing","Thread and Needle","Pear","Calipers","Vajra","Eternal Feather","Bag of Marbles","MutagenicStrength","Nilry\u0027s Codex","Art of War","Red Skull","Blue Candle","The Courier"],"potions_floor_usage":[],"damage_taken":[{"damage":0.0,"enemies":"2 Louse","floor":1.0,"turns":1.0},{"damage":0.0,"enemies":"Small Slimes","floor":3.0,"turns":1.0},{"damage":0.0,"enemies":"3 Sentries","floor":6.0,"turns":1.0},{"damage":15.0,"enemies":"Gremlin Nob","floor":10.0,"turns":4.0},{"damage":0.0,"enemies":"Cultist","floor":11.0,"turns":4.0},{"damage":3.0,"enemies":"Lagavulin","floor":12.0,"turns":9.0},{"damage":1.0,"enemies":"Gremlin Gang","floor":14.0,"turns":5.0},{"damage":53.0,"enemies":"Slime Boss","floor":16.0,"turns":16.0},{"damage":3.0,"enemies":"Shell Parasite","floor":18.0,"turns":9.0},{"damage":3.0,"enemies":"2 Thieves","floor":20.0,"turns":4.0},{"damage":13.0,"enemies":"Snake Plant","floor":22.0,"turns":5.0},{"damage":11.0,"enemies":"Chosen and Byrds","floor":27.0,"turns":6.0},{"damage":37.0,"enemies":"Slavers","floor":30.0,"turns":6.0},{"damage":0.0,"enemies":"Snecko","floor":31.0,"turns":4.0},{"damage":45.0,"enemies":"Collector","floor":33.0,"turns":7.0},{"damage":4.0,"enemies":"Orb Walker","floor":35.0,"turns":3.0},{"damage":5.0,"enemies":"3 Darklings","floor":38.0,"turns":2.0},{"damage":85.0,"enemies":"Reptomancer","floor":40.0,"turns":9.0},{"damage":2.0,"enemies":"4 Shapes","floor":41.0,"turns":5.0},{"damage":41.0,"enemies":"Jaw Worm Horde","floor":45.0,"turns":3.0},{"damage":101,"enemies":"Giant Head","floor":47,"turns":6}],"seed_played":"-7098152846345946146","potions_obtained":[{"floor":6.0,"key":"SpeedPotion"},{"floor":10.0,"key":"SkillPotion"},{"floor":11.0,"key":"SkillPotion"},{"floor":12.0,"key":"EssenceOfSteel"},{"floor":14.0,"key":"EssenceOfSteel"},{"floor":27.0,"key":"Weak Potion"},{"floor":30.0,"key":"Explosive Potion"},{"floor":35.0,"key":"SpeedPotion"},{"floor":40.0,"key":"BloodPotion"}],"is_trial":false,"path_per_floor":["M","?","M","$","?","E","R","?","T","E","M","E","R","M","R","B",null,"M","$","M","?","M","R","?","?","T","M","?","R","E","M","R","B",null,"M","?","$","M","$","E","M","R","T","R","M","R"],"character_chosen":"IRONCLAD","items_purchased":["Heavy Blade","Dropkick","Bag of Marbles","Flex","The Bomb"],"campfire_rested":3,"item_purchase_floors":[4,19,19,37,39],"current_hp_per_floor":[80,73,79,79,63,69,69,69,79,70,76,79,79,84,84,37,90,90,90,90,90,83,90,90,74,74,69,69,78,47,53,89,50,90,90,90,90,90,90,11,24,63,63,75,40,79,0],"gold":123,"neow_bonus":"THREE_ENEMY_KILL","is_prod":false,"is_daily":false,"chose_seed":false,"campfire_upgraded":6,"win_rate":0,"timestamp":1541207303,"path_taken":["M","?","M","$","?","E","R","?","T","E","M","E","R","M","R","BOSS","M","$","M","?","?","R","?","?","T","M","?","R","E","M","R","BOSS","M","?","?","M","$","E","M","R","T","R","?","R","E"],"build_version":"2018-10-25v2","purchased_purges":0,"victory":false,"max_hp_per_floor":[80,80,80,80,80,80,80,80,90,90,90,90,90,90,90,90,90,90,90,90,90,90,90,90,90,90,90,90,90,90,90,90,90,90,90,90,90,90,90,90,90,90,90,90,90,90,90],"card_choices":[{"not_picked":["Flex","Sword Boomerang"],"picked":"Flame Barrier","floor":1.0},{"not_picked":["True Grit","Wild Strike"],"picked":"Anger","floor":3.0},{"not_picked":["Twin Strike","Uppercut"],"picked":"Iron Wave","floor":6.0},{"not_picked":["Feed","Rage"],"picked":"Armaments","floor":10.0},{"not_picked":["Pummel","Perfected Strike","Anger"],"picked":"SKIP","floor":11.0},{"not_picked":["Clothesline","Armaments","Sword Boomerang"],"picked":"SKIP","floor":12.0},{"not_picked":["Perfected Strike","Immolate"],"picked":"Shrug It Off","floor":14.0},{"not_picked":["Juggernaut","Immolate"],"picked":"Demon Form","floor":16.0},{"not_picked":["Havoc","Twin Strike","Perfected Strike"],"picked":"SKIP","floor":18.0},{"not_picked":["Wild Strike+1","Heavy Blade"],"picked":"Cleave","floor":20.0},{"not_picked":["Armaments","Bloodletting","Blood for Blood+1"],"picked":"SKIP","floor":22.0},{"not_picked":["Armaments","Perfected Strike","Thunderclap"],"picked":"SKIP","floor":27.0},{"not_picked":["Searing Blow","Berserk","Armaments"],"picked":"SKIP","floor":30.0},{"not_picked":["Pommel Strike","Iron Wave"],"picked":"Whirlwind+1","floor":31.0},{"not_picked":["Brutality","Dark Embrace"],"picked":"Limit Break","floor":33.0},{"not_picked":["Headbutt","Pummel+1","Twin Strike"],"picked":"SKIP","floor":35.0},{"not_picked":["Wild Strike+1","True Grit"],"picked":"Warcry+1","floor":38.0},{"not_picked":["Corruption","Dark Embrace"],"picked":"Heavy Blade+1","floor":40.0},{"not_picked":["Perfected Strike","Fire Breathing"],"picked":"Headbutt+1","floor":41.0},{"not_picked":["Uppercut","Sword Boomerang"],"picked":"Flex+1","floor":45.0}],"player_experience":777575,"relics_obtained":[{"floor":6.0,"key":"Thread and Needle"},{"floor":9.0,"key":"Pear"},{"floor":10.0,"key":"Calipers"},{"floor":12.0,"key":"Vajra"},{"floor":25.0,"key":"Nilry\u0027s Codex"},{"floor":26.0,"key":"Art of War"},{"floor":30.0,"key":"Red Skull"},{"floor":40.0,"key":"Blue Candle"},{"floor":43.0,"key":"The Courier"}],"event_choices":[{"cards_removed":["Strike_R"],"damage_healed":0.0,"max_hp_gain":0.0,"max_hp_loss":0.0,"gold_gain":0.0,"event_name":"Golden Wing","player_choice":"Card Removal","floor":2.0,"gold_loss":0.0,"damage_taken":7.0},{"damage_healed":0.0,"max_hp_gain":0.0,"max_hp_loss":0.0,"gold_gain":0.0,"event_name":"Shining Light","player_choice":"Entered Light","floor":5.0,"gold_loss":0.0,"damage_taken":16.0,"cards_upgraded":["Flame Barrier","Defend_R"]},{"cards_removed":["Strike_R"],"damage_healed":0.0,"max_hp_gain":0.0,"max_hp_loss":0.0,"gold_gain":0.0,"event_name":"The Cleric","player_choice":"Card Removal","floor":8.0,"gold_loss":50.0,"damage_taken":0.0},{"damage_healed":0.0,"max_hp_gain":0.0,"max_hp_loss":0.0,"gold_gain":0.0,"event_name":"Ghosts","player_choice":"Ignored","floor":21.0,"gold_loss":0.0,"damage_taken":0.0},{"damage_healed":0.0,"max_hp_gain":0.0,"max_hp_loss":0.0,"gold_gain":0.0,"event_name":"Drug Dealer","player_choice":"Inject Mutagens","floor":24.0,"gold_loss":0.0,"damage_taken":0.0,"relics_obtained":["MutagenicStrength"]},{"damage_healed":0.0,"max_hp_gain":0.0,"max_hp_loss":0.0,"gold_gain":0.0,"event_name":"Cursed Tome","player_choice":"Obtained Book","floor":25.0,"gold_loss":0.0,"damage_taken":16.0},{"damage_healed":0.0,"max_hp_gain":0.0,"max_hp_loss":0.0,"gold_gain":0.0,"event_name":"Back to Basics","player_choice":"Simplicity","floor":28.0,"gold_loss":0.0,"damage_taken":0.0,"cards_upgraded":["Strike_R","Strike_R","Strike_R","Defend_R","Defend_R","Defend_R"]},{"cards_removed":["Defend_R"],"damage_healed":0.0,"max_hp_gain":0.0,"max_hp_loss":0.0,"gold_gain":0.0,"event_name":"Falling","player_choice":"Removed Skill","floor":36.0,"gold_loss":0.0,"damage_taken":0.0}],"is_beta":false,"boss_relics":[{"not_picked":["Empty Cage","White Beast Statue"],"picked":"Eternal Feather"},{"not_picked":["Runic Pyramid","Runic Cube","Tiny House"]}],"items_purged_floors":[],"is_endless":false,"potions_floor_spawned":[6,10,11,12,14,27,30,35,40],"killed_by":"Giant Head","ascension_level":4}