{"gold_per_floor":[109,109,184,198,98,123,123,136,160,160,64,98,116,116,116,219,219,233,244,277,377,377,377,395,395,395,395,406,406,47,47,47,148,148,161,261,483,169,119,119,119,119,119,40,40,40,54,85,85,85],"floor_reached":50,"playtime":5131,"items_purged":["Strike_G","Strike_G","Strike_G","Strike_G","Defend_G"],"score":545,"play_id":"f50e7173-c54f-435a-914c-f5a4aa6eaaf2","local_time":"20190219034211","is_ascension_mode":true,"campfire_choices":[{"data":"Footwork","floor":7,"key":"SMITH"},{"data":"Poisoned Stab","floor":10,"key":"SMITH"},{"floor":15,"key":"REST"},{"floor":23,"key":"REST"},{"floor":25,"key":"REST"},{"floor":27,"key":"REST"},{"floor":29,"key":"REST"},{"floor":32,"key":"REST"},{"floor":40,"key":"REST"},{"floor":42,"key":"REST"},{"floor":49,"key":"REST"}],"neow_cost":"NONE","seed_source_timestamp":104175707692900,"circlet_count":0,"master_deck":["Defend_G","Defend_G","Defend_G","Defend_G","Survivor","Neutralize","Poisoned Stab+1","Footwork+1","Deadly Poison","Poisoned Stab","Deadly Poison+1","PiercingWail","Crippling Poison+1","Bane","A Thousand Cuts","Poisoned Stab+1","Bouncing Flask","Enlightenment","Finesse","Finesse","Noxious Fumes","Deadly Poison","Catalyst","Skewer+1"],"relics":["Ring of the Snake","NeowsBlessing","Ancient Tea Set","Smiling Mask","Du-Vu Doll","Philosopher\u0027s Stone","Red Mask","Tingsha","Gremlin Horn","Shuriken","Thread and Needle","Fusion Hammer","WingedGreaves","TwistedFunnel","Paper Crane","Dream Catcher"],"potions_floor_usage":[13,16,20,20,28,33,35,50,50,50],"damage_taken":[{"damage":0,"enemies":"2 Louse","floor":1,"turns":1},{"damage":0,"enemies":"Jaw Worm","floor":4,"turns":1},{"damage":0,"enemies":"Lagavulin","floor":6,"turns":1},{"damage":0,"enemies":"Small Slimes","floor":8,"turns":4},{"damage":12,"enemies":"3 Sentries","floor":12,"turns":10},{"damage":0,"enemies":"Blue Slaver","floor":13,"turns":3},{"damage":26,"enemies":"Hexaghost","floor":16,"turns":9},{"damage":5,"enemies":"Shell Parasite","floor":18,"turns":6},{"damage":7,"enemies":"Spheric Guardian","floor":19,"turns":4},{"damage":23,"enemies":"Masked Bandits","floor":20,"turns":7},{"damage":13,"enemies":"Colosseum Slavers","floor":21,"turns":6},{"damage":24,"enemies":"Colosseum Nobs","floor":21,"turns":6},{"damage":22,"enemies":"Centurion and Healer","floor":24,"turns":7},{"damage":18,"enemies":"Snake Plant","floor":28,"turns":3},{"damage":50,"enemies":"Champ","floor":33,"turns":13},{"damage":11,"enemies":"3 Darklings","floor":35,"turns":5},{"damage":0,"enemies":"Mind Bloom Boss Battle","floor":36,"turns":7},{"damage":0,"enemies":"Orb Walker","floor":47,"turns":3},{"damage":1,"enemies":"Nemesis","floor":48,"turns":7},{"damage":88,"enemies":"Awakened One","floor":50,"turns":9}],"seed_played":"-5168110113993730987","potions_obtained":[{"floor":1,"key":"Dexterity Potion"},{"floor":12,"key":"Fire Potion"},{"floor":13,"key":"Fruit Juice"},{"floor":19,"key":"Dexterity Potion"},{"floor":24,"key":"SteroidPotion"},{"floor":28,"key":"GhostInAJar"},{"floor":33,"key":"Swift Potion"},{"floor":35,"key":"Strength Potion"},{"floor":47,"key":"Fire Potion"},{"floor":48,"key":"PowerPotion"}],"is_trial":false,"path_per_floor":["M","?","?","M","$","E","R","M","T","R","$","E","M","?","R","B",null,"M","M","?","?","?","R","M","R","T","R","M","R","$","$","R","B",null,"M","?","?","$","$","R","?","R","T","$","?","?","M","E","R","B"],"character_chosen":"THE_SILENT","items_purchased":["Poisoned Stab","Poisoned Stab","Thread and Needle","Bouncing Flask","TwistedFunnel","Noxious Fumes"],"campfire_rested":9,"item_purchase_floors":[5,11,30,38,38,44],"current_hp_per_floor":[70,70,59,59,59,59,59,59,59,59,59,47,52,52,74,48,75,70,63,40,3,3,25,3,25,25,47,29,51,51,51,73,23,75,64,64,64,64,64,75,65,75,75,75,75,71,71,70,71,0],"gold":85,"neow_bonus":"THREE_ENEMY_KILL","is_prod":false,"is_daily":false,"chose_seed":false,"campfire_upgraded":2,"win_rate":0,"timestamp":1550576531,"path_taken":["M","?","?","M","$","E","R","M","T","R","$","E","M","?","R","BOSS","M","M","?","?","?","R","M","R","T","R","?","R","?","$","R","BOSS","M","?","?","$","$","R","?","R","T","$","?","?","M","E","R","BOSS"],"build_version":"2019-01-23","purchased_purges":5,"victory":false,"max_hp_per_floor":[70,70,70,70,70,70,70,70,70,70,70,70,75,75,75,75,75,75,75,75,75,75,75,75,75,75,75,75,75,75,75,75,75,75,75,75,75,75,75,75,75,75,75,75,75,71,71,71,71,71],"card_choices":[{"not_picked":["Expertise","Tactician","Skewer"],"picked":"SKIP","floor":1},{"not_picked":["Backflip","Sucker Punch","Outmaneuver"],"picked":"SKIP","floor":4},{"not_picked":["Backflip","Setup"],"picked":"Footwork","floor":6},{"not_picked":["Sucker Punch","Backflip"],"picked":"Deadly Poison","floor":8},{"not_picked":["All Out Attack","Reflex"],"picked":"Poisoned Stab","floor":12},{"not_picked":["Acrobatics","Prepared","Dagger Throw"],"picked":"SKIP","floor":13},{"not_picked":["Cloak And Dagger","Sucker Punch","Infinite Blades"],"picked":"SKIP","floor":18},{"not_picked":["Dagger Throw+1","Finisher","Flying Knee"],"picked":"SKIP","floor":19},{"not_picked":["Reflex","Endless Agony"],"picked":"Deadly Poison+1","floor":20},{"not_picked":["Blade Dance","Backflip"],"picked":"PiercingWail","floor":21},{"not_picked":["Cloak And Dagger","PiercingWail"],"picked":"Crippling Poison+1","floor":24},{"not_picked":["Sucker Punch","Dagger Throw"],"picked":"Bane","floor":28},{"not_picked":["Corpse Explosion","Doppelganger"],"picked":"A Thousand Cuts","floor":33},{"not_picked":["Blade Dance+1","Underhanded Strike+1","Dagger Throw+1"],"picked":"SKIP","floor":35},{"not_picked":["Flying Knee","Sucker Punch+1"],"picked":"Poisoned Stab+1","floor":36},{"not_picked":["Madness","Swift Strike"],"picked":"Enlightenment","floor":41},{"not_picked":["Madness","PanicButton"],"picked":"Finesse","floor":41},{"not_picked":["Impatience","Metamorphosis"],"picked":"Finesse","floor":41},{"not_picked":["Dagger Spray+1","Underhanded Strike+1"],"picked":"Deadly Poison","floor":47},{"not_picked":["Dash","Blade Dance+1"],"picked":"Catalyst","floor":48},{"not_picked":["Cloak And Dagger","Dodge and Roll+1"],"picked":"Skewer+1","floor":49}],"player_experience":204522,"relics_obtained":[{"floor":6,"key":"Ancient Tea Set"},{"floor":9,"key":"Smiling Mask"},{"floor":12,"key":"Du-Vu Doll"},{"floor":20,"key":"Red Mask"},{"floor":21,"key":"Tingsha"},{"floor":21,"key":"Gremlin Horn"},{"floor":26,"key":"Shuriken"},{"floor":36,"key":"WingedGreaves"},{"floor":43,"key":"Paper Crane"},{"floor":48,"key":"Dream Catcher"}],"event_choices":[{"damage_healed":0,"gold_gain":0,"player_choice":"Ignored","damage_taken":0,"max_hp_gain":0,"max_hp_loss":0,"event_name":"Golden Wing","floor":2,"gold_loss":0},{"damage_healed":0,"gold_gain":75,"player_choice":"Gather Gold","damage_taken":11,"max_hp_gain":0,"max_hp_loss":0,"event_name":"World of Goop","floor":3,"gold_loss":0},{"cards_removed":["Strike_G"],"damage_healed":0,"gold_gain":0,"player_choice":"Forget","damage_taken":0,"max_hp_gain":0,"max_hp_loss":0,"event_name":"Living Wall","floor":14,"gold_loss":0},{"damage_healed":0,"gold_gain":0,"player_choice":"Fought Bandits","damage_taken":0,"max_hp_gain":0,"max_hp_loss":0,"event_name":"Masked Bandits","floor":20,"gold_loss":0},{"damage_healed":0,"gold_gain":0,"player_choice":"Fight","damage_taken":0,"max_hp_gain":0,"max_hp_loss":0,"event_name":"Colosseum","floor":21,"gold_loss":0},{"damage_healed":0,"gold_gain":0,"player_choice":"Fought Nobs","damage_taken":0,"max_hp_gain":0,"max_hp_loss":0,"event_name":"Colosseum","floor":21,"gold_loss":0},{"damage_healed":0,"gold_gain":0,"player_choice":"Ignored","damage_taken":0,"max_hp_gain":0,"max_hp_loss":0,"event_name":"The Mausoleum","floor":22,"gold_loss":0},{"damage_healed":0,"gold_gain":0,"player_choice":"Fight","damage_taken":0,"max_hp_gain":0,"max_hp_loss":0,"event_name":"MindBloom","floor":36,"gold_loss":0},{"damage_healed":0,"gold_gain":222,"player_choice":"Wore Mask","damage_taken":0,"max_hp_gain":0,"max_hp_loss":0,"event_name":"Tomb of Lord Red Mask","floor":37,"gold_loss":0},{"damage_healed":0,"gold_gain":0,"player_choice":"Memory 3","damage_taken":10,"max_hp_gain":0,"max_hp_loss":0,"event_name":"SensoryStone","floor":41,"gold_loss":0},{"cards_removed":["Poisoned Stab"],"damage_healed":0,"gold_gain":0,"player_choice":"Removed Attack","damage_taken":0,"max_hp_gain":0,"max_hp_loss":0,"event_name":"Falling","floor":45,"gold_loss":0},{"damage_healed":0,"gold_gain":0,"player_choice":"Max HP","damage_taken":0,"max_hp_gain":0,"max_hp_loss":4,"event_name":"Winding Halls","floor":46,"gold_loss":0}],"is_beta":false,"boss_relics":[{"not_picked":["Lizard Tail","Astrolabe"],"picked":"Philosopher\u0027s Stone"},{"not_picked":["Coffee Dripper","Snecko Eye"],"picked":"Fusion Hammer"}],"items_purged_floors":[5,11,30,38,39],"is_endless":false,"potions_floor_spawned":[1,12,13,19,24,28,33,35,47,48],"killed_by":"Awakened One","ascension_level":2}