{"path_per_floor":["M","?","M","?","M","E","M","?","T","R","?","M","M","$","R","B",null,"M","?","?","?","$"],"character_chosen":"THE_SILENT","items_purchased":["Tools of the Trade"],"gold_per_floor":[113,113,130,130,149,174,191,156,156,156,213,232,248,121,121,220,220,237,237,237,152,102,102],"floor_reached":23,"campfire_rested":1,"playtime":2301,"item_purchase_floors":[14],"current_hp_per_floor":[70,56,56,56,56,50,46,63,63,63,42,38,31,31,52,19,70,45,35,35,35,35,27],"items_purged":["Strike_G","Strike_G"],"gold":102,"score":214,"play_id":"1b9c7f01-b7dd-400a-a2f3-e4835bbea182","local_time":"20180528181754","is_prod":false,"is_daily":false,"chose_seed":false,"is_ascension_mode":false,"campfire_upgraded":1,"win_rate":0,"timestamp":1527527874,"campfire_choices":[{"data":"Infinite Blades","floor":10,"key":"SMITH"},{"floor":15,"key":"REST"}],"path_taken":["M","?","M","?","?","E","M","?","T","R","?","M","?","$","R","BOSS","M","?","?","?","$","E"],"build_version":"2018-05-24","seed_source_timestamp":8955533731563,"purchased_purges":2,"victory":false,"master_deck":["Defend_G+1","Defend_G","Defend_G","Defend_G","Defend_G","Strike_G","Strike_G+1","Survivor","Neutralize","Dagger Throw","Flying Knee","Dagger Throw","Backflip","Infinite Blades+1","Infinite Blades","Skewer","Deflect","Tools of the Trade","Bullet Time","Deadly Poison","Ghostly","Ghostly","Ghostly","Ghostly","Ghostly"],"max_hp_per_floor":[70,70,70,70,70,70,70,70,70,70,70,70,70,70,70,70,70,70,35,35,35,35,35],"relics":["Ring of the Snake","NeowsBlessing","Pen Nib","Smiling Mask","Bottled Flame","Velvet Choker","Tough Bandages"],"card_choices":[{"not_picked":["Sucker Punch","Slice"],"picked":"Dagger Throw","floor":1},{"not_picked":["Dagger Spray","Masterful Stab"],"picked":"Flying Knee","floor":3},{"not_picked":["Leg Sweep","PiercingWail"],"picked":"Dagger Throw","floor":5},{"not_picked":["Quick Slash","Expertise"],"picked":"Backflip","floor":6},{"not_picked":["Escape Plan","Flying Knee"],"picked":"Infinite Blades","floor":7},{"not_picked":["Cloak And Dagger","Blur"],"picked":"Infinite Blades","floor":11},{"not_picked":["Caltrops","Acrobatics"],"picked":"Skewer","floor":12},{"not_picked":["Masterful Stab","Dagger Spray"],"picked":"Deflect","floor":13},{"not_picked":["Burst","Doppelganger"],"picked":"Bullet Time","floor":16},{"not_picked":["Concentrate","All Out Attack+1"],"picked":"Deadly Poison","floor":18}],"player_experience":222866,"potions_floor_usage":[6,16],"damage_taken":[{"damage":0,"enemies":"Jaw Worm","floor":1,"turns":1},{"damage":0,"enemies":"Small Slimes","floor":3,"turns":1},{"damage":0,"enemies":"Cultist","floor":5,"turns":1},{"damage":6,"enemies":"Lagavulin","floor":6,"turns":7},{"damage":4,"enemies":"Large Slime","floor":7,"turns":6},{"damage":21,"enemies":"Lagavulin Event","floor":11,"turns":8},{"damage":4,"enemies":"Blue Slaver","floor":12,"turns":3},{"damage":7,"enemies":"Gremlin Gang","floor":13,"turns":5},{"damage":33,"enemies":"The Guardian","floor":16,"turns":17},{"damage":25,"enemies":"Spheric Guardian","floor":18,"turns":6},{"damage":8,"enemies":"Gremlin Leader","floor":23,"turns":4}],"relics_obtained":[{"floor":6,"key":"Pen Nib"},{"floor":9,"key":"Smiling Mask"},{"floor":11,"key":"Bottled Flame"}],"event_choices":[{"event_name":"Shining Light","player_choice":"Entered Light","floor":2,"damage_taken":0},{"event_name":"Living Wall","player_choice":"Forget","floor":4,"damage_taken":0},{"event_name":"The Cleric","player_choice":"Healed","floor":8,"damage_taken":0},{"event_name":"Dead Adventurer","player_choice":"Searched \u00273\u0027 times","floor":11,"damage_taken":0},{"event_name":"Ghosts","player_choice":"Became a Ghost","floor":19,"damage_taken":0},{"event_name":"Drug Dealer","player_choice":"Ignored","floor":20,"damage_taken":0},{"event_name":"Addict","player_choice":"Obtained Relic","floor":21,"damage_taken":0}],"boss_relics":[{"not_picked":["Lizard Tail","Runic Dome"],"picked":"Velvet Choker"}],"items_purged_floors":[14,22],"potions_floor_spawned":[3,6,12,18],"seed_played":"3153463147938286950","killed_by":"Gremlin Leader","ascension_level":0,"potions_obtained":[{"floor":3,"key":"GhostInAJar"},{"floor":6,"key":"GamblersBrew"},{"floor":12,"key":"Dexterity Potion"},{"floor":18,"key":"Block Potion"}],"is_trial":false}