{"gold_per_floor":[112,127,138,138,151,151,76,76,76,90,107,7,7,27,27,128,128,143,243,263,21,38,69,69,6,6,6,6,6,6,24,24,125,125,137,137,151,163,65,65,65,100,124,143,154,166,180,208,208,208],"floor_reached":50,"playtime":2116,"items_purged":["Strike_G","Strike_G","Survivor","Poisoned Stab+1"],"score":829,"play_id":"c9bfd898-9868-4129-b777-9366eda16429","local_time":"20190524131517","is_ascension_mode":true,"campfire_choices":[{"data":"Deadly Poison","floor":6.0,"key":"SMITH"},{"data":"Blur","floor":13.0,"key":"SMITH"},{"data":"Neutralize","floor":15.0,"key":"SMITH"},{"data":"Blur","floor":24,"key":"SMITH"},{"data":"Backflip","floor":27,"key":"SMITH"},{"data":"All Out Attack","floor":29,"key":"SMITH"},{"floor":32,"key":"REST"},{"data":"Grand Finale","floor":40,"key":"SMITH"},{"data":"Bane","floor":41,"key":"SMITH"},{"floor":49,"key":"REST"}],"neow_cost":"NONE","seed_source_timestamp":0,"circlet_count":0,"master_deck":["Neutralize+1","Deadly Poison+1","All Out Attack+1","Backflip+1","Blur+1","Backstab","Blur+1","Grand Finale+1","Bane+1","Escape Plan+1","Burst","Terror+1"],"special_seed":0,"relics":["Ring of the Snake","GremlinMask","FossilizedHelix","Odd Mushroom","Pandora\u0027s Box","Membership Card","WingedGreaves","Dodecahedron","Philosopher\u0027s Stone","Dream Catcher","Blood Vial","War Paint"],"potions_floor_usage":[23,23,42,50,50,50],"damage_taken":[{"damage":11.0,"enemies":"Jaw Worm","floor":1.0,"turns":4.0},{"damage":0.0,"enemies":"Cultist","floor":2.0,"turns":3.0},{"damage":0.0,"enemies":"2 Louse","floor":3.0,"turns":2.0},{"damage":6.0,"enemies":"Large Slime","floor":5.0,"turns":7.0},{"damage":0.0,"enemies":"2 Fungi Beasts","floor":10.0,"turns":4.0},{"damage":0.0,"enemies":"Exordium Thugs","floor":11.0,"turns":4.0},{"damage":2.0,"enemies":"The Mushroom Lair","floor":14.0,"turns":5.0},{"damage":0.0,"enemies":"The Guardian","floor":16.0,"turns":12.0},{"damage":0.0,"enemies":"Chosen","floor":18.0,"turns":4.0},{"damage":0.0,"enemies":"Spheric Guardian","floor":20.0,"turns":3.0},{"damage":0.0,"enemies":"Snake Plant","floor":22.0,"turns":4.0},{"damage":7,"enemies":"Gremlin Leader","floor":23,"turns":6},{"damage":0,"enemies":"Snecko","floor":31,"turns":5},{"damage":0,"enemies":"Champ","floor":33,"turns":12},{"damage":0,"enemies":"Orb Walker","floor":35,"turns":2},{"damage":0,"enemies":"3 Darklings","floor":37,"turns":2},{"damage":0,"enemies":"Writhing Mass","floor":38,"turns":5},{"damage":63,"enemies":"Reptomancer","floor":42,"turns":8},{"damage":6,"enemies":"4 Shapes","floor":44,"turns":7},{"damage":0,"enemies":"Sphere and 2 Shapes","floor":45,"turns":3},{"damage":0,"enemies":"Maw","floor":46,"turns":7},{"damage":0,"enemies":"Transient","floor":47,"turns":5},{"damage":13,"enemies":"Giant Head","floor":48,"turns":9},{"damage":35,"enemies":"Donu and Deca","floor":50,"turns":6}],"seed_played":"-2464058656393735831","potions_obtained":[{"floor":1.0,"key":"FearPotion"},{"floor":2.0,"key":"SpeedPotion"},{"floor":3.0,"key":"Strength Potion"},{"floor":18.0,"key":"GamblersBrew"},{"floor":33,"key":"PowerPotion"},{"floor":36,"key":"Energy Potion"},{"floor":36,"key":"FairyPotion"},{"floor":37,"key":"EssenceOfSteel"},{"floor":42,"key":"Weak Potion"},{"floor":48,"key":"Swift Potion"}],"is_trial":false,"path_per_floor":["M","M","M","?","M","R","$","?","T","M","M","$","R","?","R","B",null,"M","?","M","$","M","E","R","$","T","R","$","R","?","M","R","B",null,"M","?","M","M","$","R","R","E","T","M","M","M","M","E","R","B"],"character_chosen":"THE_SILENT","items_purchased":["Membership Card","Blur","Bane"],"campfire_rested":2,"item_purchase_floors":[21,21,39],"current_hp_per_floor":[52,52,52,52,46,46,46,69,69,69,69,69,69,67,67,67,69,69,69,69,69,69,62,62,62,62,62,62,62,62,62,70,70,70,70,70,70,70,70,70,70,7,7,3,5,7,9,7,28,0],"gold":208,"neow_bonus":"THREE_CARDS","is_prod":false,"is_daily":false,"chose_seed":false,"campfire_upgraded":8,"win_rate":0,"timestamp":1558728917,"path_taken":["M","M","M","?","?","R","$","?","T","M","M","$","R","?","R","BOSS","M","?","M","?","?","E","R","$","T","R","$","R","?","M","R","BOSS","M","?","?","?","$","R","R","E","T","M","M","M","M","E","R","BOSS"],"build_version":"2019-01-23","purchased_purges":4,"victory":false,"max_hp_per_floor":[70,70,70,70,70,70,70,70,70,70,70,70,70,70,70,70,70,70,70,70,70,70,70,70,70,70,70,70,70,70,70,70,70,70,70,70,70,70,70,70,70,70,70,70,70,70,70,70,70,70],"card_choices":[{"not_picked":["Expertise","Blur"],"picked":"Poisoned Stab","floor":0.0},{"not_picked":["Concentrate","Flying Knee"],"picked":"Deadly Poison","floor":1.0},{"not_picked":["Slice","Prepared"],"picked":"All Out Attack","floor":2.0},{"not_picked":["Crippling Poison","Deflect"],"picked":"Backflip","floor":3.0},{"not_picked":["Crippling Poison","Phantasmal Killer","PiercingWail"],"picked":"SKIP","floor":5.0},{"not_picked":["Quick Slash","PiercingWail"],"picked":"Blur","floor":10.0},{"not_picked":["A Thousand Cuts","Poisoned Stab","Deflect"],"picked":"SKIP","floor":11.0},{"not_picked":["Slice","PiercingWail"],"picked":"Backstab","floor":14.0},{"not_picked":["Outmaneuver","All Out Attack","Tactician"],"picked":"SKIP","floor":18.0},{"not_picked":["Crippling Poison+1","Blade Dance+1","Accuracy"],"picked":"SKIP","floor":20.0},{"not_picked":["Sucker Punch+1","Concentrate+1","Setup"],"picked":"SKIP","floor":22.0},{"not_picked":["Deadly Poison","Skewer","Prepared+1"],"picked":"SKIP","floor":23},{"not_picked":["PiercingWail","Slice","All Out Attack"],"picked":"SKIP","floor":31},{"not_picked":["Storm of Steel","A Thousand Cuts"],"picked":"Grand Finale","floor":33},{"not_picked":["Acrobatics","Dagger Throw","Noxious Fumes"],"picked":"SKIP","floor":35},{"not_picked":["Blade Dance+1","Flying Knee+1","Dagger Throw+1"],"picked":"SKIP","floor":37},{"not_picked":["Flying Knee+1","Dash","Noxious Fumes"],"picked":"SKIP","floor":38},{"not_picked":["Bane","Caltrops+1","Noxious Fumes"],"picked":"SKIP","floor":42},{"not_picked":["Bane+1","Flying Knee+1","Bullet Time"],"picked":"SKIP","floor":44},{"not_picked":["Backflip+1","Acrobatics+1","Cloak And Dagger"],"picked":"SKIP","floor":45},{"not_picked":["Prepared","PiercingWail"],"picked":"Escape Plan+1","floor":46},{"not_picked":["Infinite Blades","Backstab+1","Quick Slash"],"picked":"SKIP","floor":47},{"not_picked":["Deflect","Calculated Gamble"],"picked":"Burst","floor":48},{"not_picked":["Quick Slash","Flechettes"],"picked":"Terror+1","floor":49}],"player_experience":412114,"relics_obtained":[{"floor":9.0,"key":"FossilizedHelix"},{"floor":14.0,"key":"Odd Mushroom"},{"floor":23,"key":"WingedGreaves"},{"floor":26,"key":"Dodecahedron"},{"floor":42,"key":"Dream Catcher"},{"floor":43,"key":"Blood Vial"},{"floor":48,"key":"War Paint"}],"event_choices":[{"damage_healed":0.0,"max_hp_gain":0.0,"max_hp_loss":0.0,"gold_gain":0.0,"event_name":"FaceTrader","player_choice":"Trade","floor":4.0,"gold_loss":0.0,"damage_taken":0.0,"relics_obtained":["GremlinMask"]},{"damage_healed":23.0,"max_hp_gain":0.0,"max_hp_loss":0.0,"gold_gain":0.0,"event_name":"Big Fish","player_choice":"Banana","floor":8.0,"gold_loss":0.0,"damage_taken":0.0},{"damage_healed":0.0,"max_hp_gain":0.0,"max_hp_loss":0.0,"gold_gain":0.0,"event_name":"Mushrooms","player_choice":"Fought Mushrooms","floor":14.0,"gold_loss":0.0,"damage_taken":0.0},{"damage_healed":0.0,"max_hp_gain":0.0,"max_hp_loss":0.0,"gold_gain":100.0,"event_name":"Golden Shrine","player_choice":"Pray","floor":19.0,"gold_loss":0.0,"damage_taken":0.0},{"damage_healed":0,"gold_gain":0,"player_choice":"Upgraded","damage_taken":0,"max_hp_gain":0,"max_hp_loss":0,"event_name":"Upgrade Shrine","floor":30,"gold_loss":0,"cards_upgraded":["Poisoned Stab"]},{"damage_healed":0,"gold_gain":0,"player_choice":"Got Potions","damage_taken":0,"max_hp_gain":0,"max_hp_loss":0,"event_name":"Lab","floor":36,"gold_loss":0}],"is_beta":false,"boss_relics":[{"not_picked":["Runic Pyramid","Coffee Dripper"],"picked":"Pandora\u0027s Box"},{"not_picked":["Cursed Key","Runic Dome"],"picked":"Philosopher\u0027s Stone"}],"items_purged_floors":[7,12,25,39],"is_endless":false,"potions_floor_spawned":[1,2,3,18,33,37,38,42,46,48],"killed_by":"Donu and Deca","ascension_level":7}