{"gold_per_floor":[119,119,68,78,28,28,43,43,70,70,82,96,17,17,17,121,121,140,160,53,53],"floor_reached":21,"playtime":449,"items_purged":[],"score":228,"play_id":"00d0020c-938a-4cff-b941-b56a7ca3311d","local_time":"20190614012059","is_ascension_mode":true,"campfire_choices":[{"data":"Gash","floor":6,"key":"SMITH"},{"data":"Defragment","floor":8,"key":"SMITH"},{"floor":15,"key":"REST"}],"neow_cost":"NONE","seed_source_timestamp":102047513327800,"circlet_count":0,"master_deck":["Strike_B","Strike_B","Strike_B","Defend_B","Defend_B","Defend_B","Defend_B","Zap+1","Dualcast","Gash+1","Defragment+1","Beam Cell","Static Discharge","Buffer","Loop","Gash","Heatsinks"],"relics":["Cracked Core","Pen Nib","Boot","Turnip","Inserter"],"potions_floor_usage":[16],"damage_taken":[{"damage":7,"enemies":"Jaw Worm","floor":1,"turns":4},{"damage":0,"enemies":"2 Louse","floor":4,"turns":2},{"damage":0,"enemies":"Cultist","floor":7,"turns":4},{"damage":6,"enemies":"2 Fungi Beasts","floor":11,"turns":3},{"damage":21,"enemies":"Lots of Slimes","floor":12,"turns":5},{"damage":27,"enemies":"Hexaghost","floor":16,"turns":6},{"damage":28,"enemies":"2 Thieves","floor":18,"turns":4},{"damage":30,"enemies":"Spheric Guardian","floor":19,"turns":6},{"damage":3,"enemies":"Snake Plant","floor":21,"turns":1}],"seed_played":"-3020451200614325990","potions_obtained":[{"floor":7,"key":"FearPotion"},{"floor":12,"key":"Swift Potion"},{"floor":16,"key":"Explosive Potion"}],"is_trial":false,"path_per_floor":["M","?","$","M","?","R","M","R","T","?","M","M","$","?","R","B",null,"M","M","$","M"],"character_chosen":"DEFECT","items_purchased":["Gash","Beam Cell","Static Discharge","Gash","Heatsinks"],"campfire_rested":1,"item_purchase_floors":[3,13,13,20,20],"current_hp_per_floor":[61,61,61,61,61,61,61,61,61,49,43,22,22,22,44,17,61,33,3,3,0],"gold":53,"neow_bonus":"RANDOM_COMMON_RELIC","is_prod":false,"is_daily":false,"chose_seed":false,"campfire_upgraded":2,"win_rate":0,"timestamp":1560500459,"path_taken":["M","?","$","M","?","R","M","R","T","?","?","M","?","?","R","BOSS","M","M","$","M"],"build_version":"2019-01-23","purchased_purges":0,"victory":false,"max_hp_per_floor":[75,75,75,75,75,75,75,75,75,75,75,75,75,75,75,75,75,75,75,75,75],"card_choices":[{"not_picked":["Redo","Barrage","Fusion"],"picked":"SKIP","floor":1},{"not_picked":["Leap","Hello World"],"picked":"Defragment","floor":4},{"not_picked":["Sunder","Darkness","Chaos"],"picked":"SKIP","floor":7},{"not_picked":["Steam","Tempest","Aggregate"],"picked":"SKIP","floor":11},{"not_picked":["Rebound","Undo","Capacitor"],"picked":"SKIP","floor":12},{"not_picked":["Amplify","Rainbow"],"picked":"Buffer","floor":16},{"not_picked":["Coolheaded","Conserve Battery","Doom and Gloom+1"],"picked":"SKIP","floor":18},{"not_picked":["Leap","Capacitor"],"picked":"Loop","floor":19}],"player_experience":464233,"relics_obtained":[{"floor":9,"key":"Boot"}],"event_choices":[{"damage_healed":0,"gold_gain":0,"player_choice":"Grow","damage_taken":0,"max_hp_gain":0,"max_hp_loss":0,"event_name":"Living Wall","floor":2,"gold_loss":0,"cards_upgraded":["Zap"]},{"cards_removed":["Strike_B"],"damage_healed":0,"gold_gain":0,"player_choice":"Card Removal","damage_taken":0,"max_hp_gain":0,"max_hp_loss":0,"event_name":"The Cleric","floor":5,"gold_loss":50},{"damage_healed":0,"gold_gain":0,"player_choice":"Success","damage_taken":12,"relics_obtained":["Turnip"],"max_hp_gain":0,"max_hp_loss":0,"event_name":"Scrap Ooze","floor":10,"gold_loss":0},{"damage_healed":0,"gold_gain":0,"player_choice":"Searched \u00271\u0027 times","damage_taken":0,"max_hp_gain":0,"max_hp_loss":0,"event_name":"Dead Adventurer","floor":14,"gold_loss":0}],"is_beta":false,"boss_relics":[{"not_picked":["Lizard Tail","Astrolabe"],"picked":"Inserter"}],"items_purged_floors":[],"is_endless":false,"potions_floor_spawned":[7,12,16],"killed_by":"Snake Plant","ascension_level":7}