{"gold_per_floor":[117,37,37,137,150,178,178,178,178,178,253,56,56,70,70,167,167,177,177,197,197,209,243,243,271,271,271,284,297,69,81,81,81],"floor_reached":33,"playtime":1142,"items_purged":[],"score":308,"play_id":"391c003e-3ba1-4593-91a0-1c6c8b2e684e","local_time":"20190619120024","is_ascension_mode":false,"campfire_choices":[{"floor":7,"key":"REST"},{"data":"Caltrops","floor":10,"key":"SMITH"},{"data":"Deadly Poison","floor":13,"key":"SMITH"},{"floor":15,"key":"REST"},{"floor":24,"key":"REST"},{"floor":27,"key":"REST"},{"floor":32,"key":"REST"}],"neow_cost":"NONE","seed_source_timestamp":469623585876955,"circlet_count":0,"master_deck":["Defend_G","Defend_G","Defend_G","Defend_G","Defend_G","Strike_G","Strike_G","Strike_G","Strike_G","Strike_G","Survivor","Neutralize","Bane","Caltrops+1","Deadly Poison+1","Bane+1","Escape Plan","Crippling Poison+1","Malaise","Deadly Poison"],"relics":["Busted Crown","Orichalcum","Snake Skull","Runic Pyramid","Nloth\u0027s Gift","Prayer Wheel","Sundial","Mummified Hand","Strawberry"],"potions_floor_usage":[6,18,22,23,31,31,33],"damage_taken":[{"damage":1,"enemies":"Cultist","floor":1,"turns":5},{"damage":1,"enemies":"Jaw Worm","floor":5,"turns":3},{"damage":20,"enemies":"Lagavulin","floor":6,"turns":10},{"damage":5,"enemies":"Small Slimes","floor":14,"turns":3},{"damage":38,"enemies":"Hexaghost","floor":16,"turns":9},{"damage":18,"enemies":"Spheric Guardian","floor":18,"turns":6},{"damage":9,"enemies":"Shell Parasite","floor":20,"turns":6},{"damage":1,"enemies":"Cultist and Chosen","floor":22,"turns":7},{"damage":14,"enemies":"Book of Stabbing","floor":23,"turns":5},{"damage":51,"enemies":"Gremlin Leader","floor":25,"turns":5},{"damage":31,"enemies":"Sentry and Sphere","floor":28,"turns":7},{"damage":7,"enemies":"Centurion and Healer","floor":29,"turns":6},{"damage":5,"enemies":"Snake Plant","floor":31,"turns":3},{"damage":50,"enemies":"Champ","floor":33,"turns":11}],"seed_played":"1673812856009714196","potions_obtained":[{"floor":6,"key":"Fruit Juice"},{"floor":14,"key":"EssenceOfSteel"},{"floor":16,"key":"GhostInAJar"},{"floor":20,"key":"PowerPotion"},{"floor":28,"key":"Ancient Potion"},{"floor":29,"key":"SkillPotion"}],"is_trial":false,"path_per_floor":["M","$","$","?","M","E","R","?","T","R","?","$","R","M","R","B",null,"M","?","M","$","M","E","R","E","T","R","M","M","$","M","R","B"],"character_chosen":"THE_SILENT","items_purchased":["Caltrops","Snake Skull","Deadly Poison","Strawberry","Regen Potion"],"campfire_rested":5,"item_purchase_floors":[2,12,12,30,30],"current_hp_per_floor":[69,69,69,69,68,63,85,78,78,78,67,67,67,62,85,47,85,67,67,58,58,57,43,68,17,17,42,11,4,11,18,45,0],"gold":81,"neow_bonus":"BOSS_RELIC","is_prod":false,"is_daily":false,"chose_seed":false,"campfire_upgraded":2,"win_rate":0,"timestamp":1560960024,"path_taken":["M","?","$","?","?","E","R","?","T","R","?","$","R","M","R","BOSS","M","?","?","$","M","E","R","E","T","R","M","?","$","M","R","BOSS"],"build_version":"2019-01-23","purchased_purges":0,"victory":false,"max_hp_per_floor":[70,70,70,70,70,85,85,85,85,85,85,85,85,85,85,85,85,85,85,85,85,85,85,85,85,85,85,85,85,92,92,92,92],"card_choices":[{"not_picked":[],"picked":"Bane","floor":1},{"not_picked":[],"picked":"Reflex","floor":5},{"not_picked":["Flechettes"],"picked":"SKIP","floor":6},{"not_picked":["Slice"],"picked":"SKIP","floor":14},{"not_picked":["Slice"],"picked":"SKIP","floor":18},{"not_picked":["Dodge and Roll"],"picked":"SKIP","floor":20},{"not_picked":[],"picked":"Bane+1","floor":22},{"not_picked":[],"picked":"Escape Plan","floor":23},{"not_picked":["Dodge and Roll"],"picked":"SKIP","floor":25},{"not_picked":[],"picked":"Crippling Poison+1","floor":28},{"not_picked":["Slice"],"picked":"SKIP","floor":28},{"not_picked":[],"picked":"Malaise","floor":29},{"not_picked":[],"picked":"Deadly Poison","floor":29},{"not_picked":["Bane"],"picked":"SKIP","floor":31},{"not_picked":["Deflect"],"picked":"SKIP","floor":31}],"player_experience":471472,"relics_obtained":[{"floor":6,"key":"Pear"},{"floor":9,"key":"Orichalcum"},{"floor":23,"key":"Prayer Wheel"},{"floor":25,"key":"Sundial"},{"floor":26,"key":"Mummified Hand"}],"event_choices":[{"damage_healed":0,"gold_gain":100,"player_choice":"Pray","damage_taken":0,"max_hp_gain":0,"max_hp_loss":0,"event_name":"Golden Shrine","floor":4,"gold_loss":0},{"cards_removed":["Reflex"],"damage_healed":0,"gold_gain":0,"player_choice":"Card Removal","damage_taken":7,"max_hp_gain":0,"max_hp_loss":0,"event_name":"Golden Wing","floor":8,"gold_loss":0},{"damage_healed":0,"gold_gain":75,"player_choice":"Gather Gold","damage_taken":11,"max_hp_gain":0,"max_hp_loss":0,"event_name":"World of Goop","floor":11,"gold_loss":0},{"damage_healed":0,"gold_gain":0,"player_choice":"Traded Relic","damage_taken":0,"relics_obtained":["Nloth\u0027s Gift"],"max_hp_gain":0,"max_hp_loss":0,"event_name":"N\u0027loth","floor":19,"relics_lost":["Pear"],"gold_loss":0}],"is_beta":false,"boss_relics":[{"not_picked":["HoveringKite","Empty Cage"],"picked":"Runic Pyramid"}],"items_purged_floors":[],"is_endless":false,"potions_floor_spawned":[6,14,16,20,28,29],"killed_by":"Champ","ascension_level":0}