{"path_per_floor":["M","?","?","$","M","R","?","M","T","$","?","R","M","M","R","B",null,"M","M","?"],"character_chosen":"IRONCLAD","items_purchased":["Iron Wave","Dramatic Entrance"],"gold_per_floor":[114,114,114,67,81,81,81,91,114,9,9,9,28,38,38,136,136,149,165,165,165],"floor_reached":21,"campfire_rested":0,"playtime":1948,"current_hp_per_floor":[80,85,85,85,85,85,85,82,82,82,75,75,77,73,73,20,85,83,55,55,0],"items_purged":[],"gold":165,"score":169,"play_id":"05e31ce0-e4fc-4940-ab44-1e47204b7b07","local_time":"20180513144411","is_prod":false,"is_daily":false,"chose_seed":false,"is_ascension_mode":false,"campfire_upgraded":3,"timestamp":1526219051,"path_taken":["M","?","?","$","M","R","?","?","T","$","?","R","?","M","R","BOSS","M","M","?","?"],"build_version":"2018-05-10","seed_source_timestamp":349965753950382,"purchased_purges":0,"victory":false,"master_deck":["Strike_R","Strike_R","Strike_R","Strike_R","Defend_R","Defend_R","Defend_R","Defend_R","Bash","Iron Wave+1","Rampage+1","Dramatic Entrance+1","Shrug It Off","Double Tap","Rage","Shrug It Off+1","Blind"],"max_hp_per_floor":[80,85,85,85,85,85,85,85,85,85,85,85,85,85,85,85,85,85,85,85,85],"relics":["Black Blood","Omamori"],"card_choices":[{"not_picked":["Shrug It Off","Carnage"],"picked":"Rampage","floor":5},{"not_picked":["Pommel Strike","Wild Strike"],"picked":"Shrug It Off","floor":13},{"not_picked":["Berserk","Impervious"],"picked":"Double Tap","floor":16},{"not_picked":["Inflame","Wild Strike"],"picked":"Rage","floor":18},{"not_picked":["Cleave","True Grit"],"picked":"Shrug It Off","floor":19}],"player_experience":126281,"potions_floor_usage":[],"damage_taken":[{"damage":6,"enemies":"Cultist","floor":1,"turns":4},{"damage":5,"enemies":"Small Slimes","floor":5,"turns":5},{"damage":9,"enemies":"2 Louse","floor":8,"turns":3},{"damage":4,"enemies":"Lots of Slimes","floor":13,"turns":4},{"damage":10,"enemies":"2 Fungi Beasts","floor":14,"turns":3},{"damage":59,"enemies":"Hexaghost","floor":16,"turns":11},{"damage":12,"enemies":"Chosen","floor":18,"turns":5},{"damage":38,"enemies":"3 Byrds","floor":19,"turns":8},{"damage":63,"enemies":"3 Cultists","floor":21,"turns":7}],"event_choices":[{"event_name":"Big Fish","player_choice":"Donut","floor":2,"damage_taken":0},{"event_name":"The Cleric","player_choice":"Leave","floor":3,"damage_taken":0},{"event_name":"The Woman in Blue","player_choice":"Bought 0 Potions","floor":7,"damage_taken":0},{"event_name":"Golden Wing","player_choice":"Card Removal","floor":11,"damage_taken":0},{"event_name":"Match and Keep!","player_choice":"1 cards matched","floor":20,"damage_taken":0}],"boss_relics":[{"not_picked":["Sozu","Snecko Eye"],"picked":"Black Blood"}],"potions_floor_spawned":[16,18,19],"seed_played":"8811172526561556220","killed_by":"3 Cultists","ascension_level":0,"is_trial":false}