{"gold_per_floor":[111,111,36,36,36,36,66,66,90,104,4,30,30,30,30,126,126,144,178,29,29,29],"floor_reached":22,"playtime":457,"items_purged":["Strike_R","Strike_R"],"score":339,"play_id":"96339668-e52b-4e0d-af02-dd0ce3137454","local_time":"20190303130600","is_ascension_mode":true,"campfire_choices":[{"data":"Whirlwind","floor":6,"key":"SMITH"},{"data":"Combust","floor":8,"key":"SMITH"},{"data":"1","floor":13,"key":"LIFT"},{"data":"2","floor":15,"key":"LIFT"}],"neow_cost":"NONE","seed_source_timestamp":59458517847100,"circlet_count":0,"master_deck":["Defend_R","Defend_R","Defend_R","Defend_R","Bash","Whirlwind+1","Combust+1","Metallicize","True Grit","Flex","Barricade","Flame Barrier","Battle Trance"],"relics":["Burning Blood","NeowsBlessing","Ornamental Fan","Centennial Puzzle","Girya","Philosopher\u0027s Stone","Red Mask","Regal Pillow","Enchiridion"],"potions_floor_usage":[16],"damage_taken":[{"damage":0,"enemies":"Jaw Worm","floor":1,"turns":1},{"damage":0,"enemies":"Gremlin Nob","floor":7,"turns":1},{"damage":0,"enemies":"Cultist","floor":10,"turns":1},{"damage":17,"enemies":"3 Sentries","floor":12,"turns":3},{"damage":9,"enemies":"Slime Boss","floor":16,"turns":6},{"damage":38,"enemies":"Shell Parasite","floor":18,"turns":3},{"damage":25,"enemies":"Masked Bandits","floor":19,"turns":3},{"damage":22,"enemies":"Colosseum Slavers","floor":22,"turns":1}],"seed_played":"-7491244788003841025","potions_obtained":[{"floor":7,"key":"FairyPotion"},{"floor":12,"key":"AttackPotion"},{"floor":18,"key":"SpeedPotion"}],"is_trial":false,"path_per_floor":["M","?","$","$","?","R","E","R","T","M","$","E","R","?","R","B",null,"M","?","$","?","?"],"character_chosen":"IRONCLAD","items_purchased":["Regal Pillow"],"campfire_rested":0,"item_purchase_floors":[20],"current_hp_per_floor":[78,78,78,78,71,71,77,77,77,80,80,69,69,69,69,66,77,45,26,26,10,0],"gold":29,"neow_bonus":"THREE_ENEMY_KILL","is_prod":false,"is_daily":false,"chose_seed":false,"campfire_upgraded":2,"win_rate":0,"timestamp":1551647160,"path_taken":["M","?","?","$","?","R","E","R","T","M","$","E","R","?","R","BOSS","M","?","$","?","?"],"build_version":"2019-01-23","purchased_purges":2,"victory":false,"max_hp_per_floor":[80,80,80,80,80,80,80,80,80,80,80,80,80,80,80,80,80,80,80,80,80,80],"card_choices":[{"not_picked":["Shrug It Off","Wild Strike"],"picked":"Whirlwind","floor":1},{"not_picked":["Sever Soul","True Grit"],"picked":"Metallicize","floor":7},{"not_picked":["Perfected Strike","Clash"],"picked":"True Grit","floor":10},{"not_picked":["Body Slam","Clothesline"],"picked":"Flex","floor":12},{"not_picked":["Exhume","Juggernaut"],"picked":"Barricade","floor":16},{"not_picked":["Warcry","Pommel Strike"],"picked":"Flame Barrier","floor":18},{"not_picked":["Blood for Blood+1","Anger+1"],"picked":"Battle Trance","floor":19}],"player_experience":240373,"relics_obtained":[{"floor":7,"key":"Ornamental Fan"},{"floor":9,"key":"Centennial Puzzle"},{"floor":12,"key":"Girya"},{"floor":19,"key":"Red Mask"},{"floor":21,"key":"Enchiridion"}],"event_choices":[{"damage_healed":0,"gold_gain":0,"cards_transformed":["Strike_R"],"player_choice":"Transformed","damage_taken":0,"max_hp_gain":0,"max_hp_loss":0,"event_name":"Transmorgrifier","floor":2,"gold_loss":0,"cards_obtained":["Combust"]},{"cards_removed":["Strike_R"],"damage_healed":0,"gold_gain":0,"player_choice":"Card Removal","damage_taken":7,"max_hp_gain":0,"max_hp_loss":0,"event_name":"Golden Wing","floor":5,"gold_loss":0},{"cards_removed":["Strike_R"],"damage_healed":0,"gold_gain":0,"player_choice":"Forget","damage_taken":0,"max_hp_gain":0,"max_hp_loss":0,"event_name":"Living Wall","floor":14,"gold_loss":0},{"damage_healed":0,"gold_gain":0,"player_choice":"Fought Bandits","damage_taken":0,"max_hp_gain":0,"max_hp_loss":0,"event_name":"Masked Bandits","floor":19,"gold_loss":0},{"damage_healed":0,"gold_gain":0,"player_choice":"Obtained Book","damage_taken":16,"max_hp_gain":0,"max_hp_loss":0,"event_name":"Cursed Tome","floor":21,"gold_loss":0},{"damage_healed":0,"gold_gain":0,"player_choice":"Fight","damage_taken":0,"max_hp_gain":0,"max_hp_loss":0,"event_name":"Colosseum","floor":22,"gold_loss":0}],"is_beta":false,"boss_relics":[{"not_picked":["Cursed Key","Orrery"],"picked":"Philosopher\u0027s Stone"}],"items_purged_floors":[3,11],"is_endless":false,"potions_floor_spawned":[7,12,18],"killed_by":"Colosseum Slavers","ascension_level":6}