{"path_per_floor":["M","$","?","M","$","R","T","M","T","R","$","?","M","$","R","B",null,"M","?","M","$","?","R","E","M","T","$","M","M","R","?","R","B",null,"M","M","M","?","$","R","M","E","T","$","M","?","R","M","R","B"],"character_chosen":"IRONCLAD","items_purchased":["Happy Flower","Cleave","Metallicize"],"gold_per_floor":[219,144,144,160,4,4,28,42,42,42,42,42,67,21,21,145,145,161,161,185,85,85,85,123,138,163,95,109,130,130,130,130,250,288,302,326,342,342,217,217,237,281,281,131,154,0,0,14,14,14],"floor_reached":51,"campfire_rested":2,"playtime":3815,"current_hp_per_floor":[80,80,80,80,80,80,80,80,80,80,80,80,74,74,74,34,80,80,80,67,67,67,67,38,33,33,33,33,41,65,65,65,29,85,78,81,76,76,76,76,84,51,51,51,54,54,79,85,85,53],"items_purged":["Strike_R","Writhe","Injury","Injury"],"gold":14,"score":735,"play_id":"fc4256e9-bafa-49e2-90de-0521b2266713","local_time":"20180520124859","is_prod":false,"is_daily":false,"chose_seed":false,"is_ascension_mode":false,"campfire_upgraded":6,"timestamp":1526816939,"campfire_choices":[{"data":"Thunderclap","floor":6.0,"key":"SMITH"},{"data":"Shrug It Off","floor":10.0,"key":"SMITH"},{"data":"Cleave","floor":15.0,"key":"SMITH"},{"data":"Barricade","floor":23,"key":"SMITH"},{"floor":30,"key":"REST"},{"data":"Injury","floor":32,"key":"PURGE"},{"data":"Whirlwind","floor":40,"key":"SMITH"},{"floor":47,"key":"REST"},{"data":"Demon Form","floor":49,"key":"SMITH"}],"path_taken":["M","$","?","M","?","R","?","M","T","R","$","?","M","?","R","BOSS","M","?","M","$","?","R","E","M","T","?","?","M","R","?","R","BOSS","M","M","M","?","$","R","M","E","T","$","M","?","R","M","R","BOSS"],"build_version":"2018-05-17","seed_source_timestamp":0,"purchased_purges":4,"victory":true,"master_deck":["Strike_R","Strike_R","Strike_R","Defend_R+1","Defend_R+1","Defend_R","Defend_R","Bash","Thunderclap+1","Shrug It Off+1","Cleave+1","Barricade+1","Power Through+1","Whirlwind+1","Rage","Iron Wave","Metallicize","Clash","Demon Form+1","Dropkick","Armaments+1","True Grit+1","Body Slam"],"max_hp_per_floor":[80,80,80,80,80,80,80,80,80,80,80,80,80,80,80,80,80,80,80,80,80,80,80,80,80,80,80,80,80,80,80,80,80,85,85,85,85,85,85,85,85,85,85,85,85,85,85,85,85,85],"relics":["Burning Blood","Golden Idol","Happy Flower","War Paint","Toolbox","Cursed Key","Blood Vial","Peace Pipe","Pen Nib","Tiny House","Mercury Hourglass","Ice Cream","Red Mask"],"card_choices":[{"not_picked":["Sword Boomerang","Flex"],"picked":"Thunderclap","floor":1.0},{"not_picked":["Uppercut","Body Slam","Thunderclap"],"picked":"SKIP","floor":4.0},{"not_picked":["Thunderclap","Heavy Blade"],"picked":"Shrug It Off","floor":8.0},{"not_picked":["Shrug It Off","Entrench","Intimidate"],"picked":"SKIP","floor":13.0},{"not_picked":["Demon Form","Dark Embrace"],"picked":"Barricade","floor":16.0},{"not_picked":["Corruption+1","Thunderclap"],"picked":"Power Through","floor":18.0},{"not_picked":["Warcry","Twin Strike+1"],"picked":"Whirlwind","floor":20.0},{"not_picked":["Clothesline","Brutality"],"picked":"Rage","floor":24},{"not_picked":["Clash+1","Fire Breathing"],"picked":"Iron Wave","floor":25},{"not_picked":["Feel No Pain","Thunderclap"],"picked":"Clash","floor":28},{"not_picked":["Dual Wield+1","Sword Boomerang","Headbutt"],"picked":"SKIP","floor":29},{"not_picked":["Juggernaut","Feed"],"picked":"Demon Form","floor":33},{"not_picked":["Metallicize","Armaments"],"picked":"Dropkick","floor":34},{"not_picked":["Bloodletting+1","Iron Wave+1","Clothesline+1"],"picked":"SKIP","floor":35},{"not_picked":["Fire Breathing","Disarm"],"picked":"Armaments+1","floor":36},{"not_picked":["Armaments","Juggernaut"],"picked":"True Grit+1","floor":37},{"not_picked":["Sword Boomerang+1","Wild Strike+1"],"picked":"Body Slam","floor":41},{"not_picked":["Body Slam","Sword Boomerang","Hemokinesis+1"],"picked":"SKIP","floor":42},{"not_picked":["Blood for Blood","Shrug It Off","Pommel Strike"],"picked":"SKIP","floor":45},{"not_picked":["Wild Strike","Havoc+1","Heavy Blade"],"picked":"SKIP","floor":48}],"player_experience":199461,"potions_floor_usage":[33,33,42,45,48,50,50],"damage_taken":[{"damage":5.0,"enemies":"Jaw Worm","floor":1.0,"turns":5.0},{"damage":0.0,"enemies":"Small Slimes","floor":4.0,"turns":3.0},{"damage":0.0,"enemies":"Cultist","floor":8.0,"turns":4.0},{"damage":12.0,"enemies":"Exordium Thugs","floor":13.0,"turns":4.0},{"damage":46.0,"enemies":"Slime Boss","floor":16.0,"turns":11.0},{"damage":3.0,"enemies":"Shell Parasite","floor":18.0,"turns":7.0},{"damage":19.0,"enemies":"3 Byrds","floor":20.0,"turns":7.0},{"damage":37,"enemies":"Gremlin Leader","floor":24,"turns":10},{"damage":13,"enemies":"Snake Plant","floor":25,"turns":7},{"damage":8,"enemies":"Centurion and Healer","floor":28,"turns":11},{"damage":0,"enemies":"Snecko","floor":29,"turns":5},{"damage":44,"enemies":"Collector","floor":33,"turns":15},{"damage":13,"enemies":"Orb Walker","floor":35,"turns":4},{"damage":5,"enemies":"3 Darklings","floor":36,"turns":4},{"damage":13,"enemies":"4 Shapes","floor":37,"turns":6},{"damage":0,"enemies":"Maw","floor":41,"turns":10},{"damage":40,"enemies":"2 Orb Walkers","floor":42,"turns":5},{"damage":5,"enemies":"Sphere and 2 Shapes","floor":45,"turns":3},{"damage":0,"enemies":"3 Darklings","floor":48,"turns":5},{"damage":53,"enemies":"Awakened One","floor":50,"turns":12}],"relics_obtained":[{"floor":7.0,"key":"War Paint"},{"floor":9.0,"key":"Toolbox"},{"floor":24,"key":"Peace Pipe"},{"floor":26,"key":"Pen Nib"},{"floor":42,"key":"Mercury Hourglass"},{"floor":43,"key":"Ice Cream"}],"event_choices":[{"event_name":"Golden Idol","player_choice":"Take Wound","floor":3.0,"damage_taken":0.0},{"event_name":"The Cleric","player_choice":"Leave","floor":12.0,"damage_taken":0.0},{"event_name":"The Mausoleum","player_choice":"Yes","floor":19.0,"damage_taken":0.0},{"event_name":"Purifier","player_choice":"One Purge","floor":22,"damage_taken":0},{"event_name":"Ghosts","player_choice":"Ignored","floor":31,"damage_taken":0},{"event_name":"Accursed Blacksmith","player_choice":"Ignore","floor":38,"damage_taken":0},{"event_name":"Tomb of Lord Red Mask","player_choice":"Paid","floor":46,"damage_taken":0}],"boss_relics":[{"not_picked":["Orrery","Philosopher\u0027s Stone"],"picked":"Tiny House"}],"potions_floor_spawned":[8,13,16,28,35,36,41,42,48],"seed_played":"-5306859227939012559","ascension_level":0,"potions_obtained":[{"floor":8.0,"key":"Strength Potion"},{"floor":13.0,"key":"Swift Potion"},{"floor":16.0,"key":"Explosive Potion"},{"floor":28,"key":"SteroidPotion"},{"floor":34,"key":"Explosive Potion"},{"floor":35,"key":"FearPotion"},{"floor":36,"key":"Explosive Potion"},{"floor":42,"key":"Block Potion"},{"floor":48,"key":"Regen Potion"}],"is_trial":false}