{"gold_per_floor":[114,129,144,159,174,174,57,72,97,112,112,112,127,138,138,238,238,253,268,283,283,298,298,313,313,313,313,413,428,428,278,278,378,378,393,408,423,423],"floor_reached":38,"playtime":2415,"items_purged":[],"score":424,"play_id":"9db1368e-e800-4e53-a0e8-c5fe8934c183","local_time":"20190714094514","daily_mods":["Specialized","Vintage","Binary"],"is_ascension_mode":false,"campfire_choices":[{"floor":6,"key":"REST"},{"floor":11,"key":"REST"},{"floor":15,"key":"REST"},{"data":"1","floor":23,"key":"LIFT"},{"floor":25,"key":"REST"},{"data":"Multi-Cast","floor":27,"key":"SMITH"},{"data":"2","floor":30,"key":"LIFT"},{"floor":32,"key":"REST"}],"neow_cost":"","seed_source_timestamp":225016564621895,"circlet_count":0,"master_deck":["Strike_B","Strike_B","Strike_B","Defend_B","Defend_B","Defend_B","Defend_B","Zap","Dualcast","Static Discharge","Static Discharge","Static Discharge","Static Discharge","Static Discharge","Loop+1","Conserve Battery","Leap","Echo Form+1","Multi-Cast+1","Melter","Loop+1","Loop+1","Echo Form+1"],"special_seed":18091,"relics":["Cracked Core","Centennial Puzzle","FossilizedHelix","Pen Nib","Symbiotic Virus","Frozen Egg 2","PreservedInsect","Smiling Mask","Question Card","The Courier","Odd Mushroom","Snecko Eye","Girya","Happy Flower","Regal Pillow","Kunai","Blue Candle","Unceasing Top","Ancient Tea Set","Eternal Feather","Orichalcum","Matryoshka","Cables"],"potions_floor_usage":[],"damage_taken":[{"damage":5,"enemies":"Cultist","floor":1,"turns":3},{"damage":10,"enemies":"Small Slimes","floor":2,"turns":3},{"damage":11,"enemies":"Jaw Worm","floor":3,"turns":4},{"damage":11,"enemies":"Gremlin Gang","floor":4,"turns":2},{"damage":7,"enemies":"Exordium Wildlife","floor":5,"turns":2},{"damage":0,"enemies":"Looter","floor":8,"turns":4},{"damage":8,"enemies":"Red Slaver","floor":10,"turns":3},{"damage":11,"enemies":"3 Louse","floor":13,"turns":2},{"damage":14,"enemies":"The Mushroom Lair","floor":14,"turns":3},{"damage":37,"enemies":"Hexaghost","floor":16,"turns":4},{"damage":10,"enemies":"Spheric Guardian","floor":18,"turns":4},{"damage":5,"enemies":"Chosen","floor":19,"turns":4},{"damage":1,"enemies":"Snecko","floor":20,"turns":5},{"damage":1,"enemies":"Centurion and Healer","floor":22,"turns":6},{"damage":5,"enemies":"Cultist and Chosen","floor":24,"turns":3},{"damage":20,"enemies":"Shelled Parasite and Fungi","floor":29,"turns":3},{"damage":9,"enemies":"Champ","floor":33,"turns":5},{"damage":21,"enemies":"Orb Walker","floor":35,"turns":4},{"damage":25,"enemies":"3 Darklings","floor":36,"turns":4},{"damage":32,"enemies":"Jaw Worm Horde","floor":37,"turns":3},{"damage":4,"enemies":"Spire Growth","floor":38,"turns":3}],"seed_played":"-4607552387354997456","potions_obtained":[{"floor":1,"key":"FearPotion"},{"floor":3,"key":"SteroidPotion"},{"floor":10,"key":"SteroidPotion"},{"floor":16,"key":"Dexterity Potion"},{"floor":24,"key":"Swift Potion"},{"floor":33,"key":"Explosive Potion"}],"is_trial":false,"path_per_floor":["M","M","M","M","M","R","$","M","T","M","R","?","M","?","R","B",null,"M","M","M","?","M","R","M","R","T","R","?","M","R","$","R","B",null,"M","M","M","M"],"character_chosen":"DEFECT","items_purchased":["Loop+1","Conserve Battery","Melter","Loop+1","Loop+1"],"campfire_rested":5,"item_purchase_floors":[7,7,31,31,31],"current_hp_per_floor":[70,60,49,38,31,53,53,53,53,45,67,72,61,47,71,34,80,70,65,64,64,63,63,58,80,80,80,80,60,60,60,80,71,80,59,34,2,0],"gold":423,"neow_bonus":"","is_prod":false,"is_daily":true,"chose_seed":false,"campfire_upgraded":1,"win_rate":0,"timestamp":1563119114,"path_taken":["M","M","M","M","M","R","$","M","T","M","R","?","M","?","R","BOSS","M","M","M","?","M","R","?","R","T","R","?","?","R","$","R","BOSS","M","M","?","M"],"build_version":"2019-07-05","purchased_purges":0,"victory":false,"max_hp_per_floor":[75,75,75,75,75,75,75,75,75,75,75,80,80,80,80,80,80,80,80,80,80,80,80,80,80,80,80,80,80,80,80,80,80,80,80,80,80,80],"card_choices":[{"not_picked":["Sweeping Beam","Redo"],"picked":"Leap","floor":14},{"not_picked":["Fission","Meteor Strike"],"picked":"Echo Form+1","floor":16},{"not_picked":["Seek","Rainbow"],"picked":"Echo Form+1","floor":33}],"player_experience":53815,"relics_obtained":[{"floor":1,"key":"Centennial Puzzle"},{"floor":2,"key":"FossilizedHelix"},{"floor":3,"key":"Pen Nib"},{"floor":4,"key":"Symbiotic Virus"},{"floor":5,"key":"Frozen Egg 2"},{"floor":8,"key":"PreservedInsect"},{"floor":9,"key":"Smiling Mask"},{"floor":10,"key":"Question Card"},{"floor":13,"key":"The Courier"},{"floor":14,"key":"Odd Mushroom"},{"floor":18,"key":"Girya"},{"floor":19,"key":"Happy Flower"},{"floor":20,"key":"Regal Pillow"},{"floor":22,"key":"Kunai"},{"floor":24,"key":"Blue Candle"},{"floor":26,"key":"Unceasing Top"},{"floor":29,"key":"Ancient Tea Set"},{"floor":35,"key":"Orichalcum"},{"floor":36,"key":"Matryoshka"},{"floor":37,"key":"Cables"}],"event_choices":[{"damage_healed":0,"gold_gain":0,"player_choice":"Donut","damage_taken":0,"max_hp_gain":5,"max_hp_loss":0,"event_name":"Big Fish","floor":12,"gold_loss":0},{"damage_healed":0,"gold_gain":0,"player_choice":"Fought Mushrooms","damage_taken":0,"max_hp_gain":0,"max_hp_loss":0,"event_name":"Mushrooms","floor":14,"gold_loss":0},{"damage_healed":0,"gold_gain":0,"cards_transformed":["Strike_B"],"player_choice":"Transformed","damage_taken":0,"max_hp_gain":0,"max_hp_loss":0,"event_name":"Transmorgrifier","floor":21,"gold_loss":0,"cards_obtained":["Multi-Cast"]},{"damage_healed":0,"gold_gain":100,"player_choice":"Pray","damage_taken":0,"max_hp_gain":0,"max_hp_loss":0,"event_name":"Golden Shrine","floor":28,"gold_loss":0}],"is_beta":false,"boss_relics":[{"not_picked":["Nuclear Battery","Coffee Dripper"],"picked":"Snecko Eye"},{"not_picked":["Empty Cage","Pandora\u0027s Box"],"picked":"Eternal Feather"}],"items_purged_floors":[],"is_endless":false,"potions_floor_spawned":[1,3,10,13,16,20,24,33,35,37],"killed_by":"Spire Growth","ascension_level":0}