{"path_per_floor":["M","$","?","M","?","R","M","R","T","M","$","M","?","M","R","B",null,"M","?","?","T","$","R"],"character_chosen":"IRONCLAD","items_purchased":["Armaments","Dramatic Entrance","Battle Trance"],"gold_per_floor":[118,94,94,112,112,112,125,125,182,202,38,53,53,68,68,163,163,174,89,89,113,45,45,45],"floor_reached":24,"campfire_rested":0,"playtime":2011,"current_hp_per_floor":[80,80,80,80,62,62,65,65,65,71,71,77,80,80,80,20,80,74,74,74,74,74,80,0],"items_purged":["Defend_R"],"gold":45,"score":184,"play_id":"1db09b70-f542-4383-9513-6bdf30eab7ae","local_time":"20180513223011","is_prod":false,"is_daily":false,"chose_seed":false,"is_ascension_mode":false,"campfire_upgraded":4,"timestamp":1526247011,"path_taken":["M","$","?","M","?","R","?","R","T","M","$","M","?","M","R","BOSS","M","?","?","?","?","R","E"],"build_version":"2018-05-10","seed_source_timestamp":1394796027790,"purchased_purges":2,"victory":false,"master_deck":["Strike_R","Strike_R","Strike_R","Strike_R","Defend_R","Defend_R","Defend_R+1","Bash","Iron Wave+1","Armaments+1","Clash","Shrug It Off+1","Shrug It Off","Dramatic Entrance","Cleave","Flex+1","Limit Break+1","Battle Trance"],"max_hp_per_floor":[80,80,80,80,80,80,80,80,80,80,80,80,80,80,80,80,80,80,80,80,80,80,80,80],"relics":["Burning Blood","War Paint","Tiny Chest","Eternal Feather","Bag of Marbles","Oddly Smooth Stone"],"card_choices":[{"not_picked":["Rage","Whirlwind"],"picked":"Iron Wave","floor":1},{"not_picked":["Warcry","Combust"],"picked":"Clash","floor":4},{"not_picked":["Twin Strike","Perfected Strike"],"picked":"Shrug It Off","floor":7},{"not_picked":["Cleave","Intimidate"],"picked":"Shrug It Off","floor":10},{"not_picked":["Iron Wave","Entrench"],"picked":"Cleave","floor":12},{"not_picked":["Armaments","Shrug It Off"],"picked":"Flex","floor":14},{"not_picked":["Juggernaut","Offering"],"picked":"Limit Break","floor":16}],"player_experience":129233,"potions_floor_usage":[16,24,24],"damage_taken":[{"damage":1,"enemies":"Cultist","floor":1,"turns":3},{"damage":3,"enemies":"Jaw Worm","floor":4,"turns":3},{"damage":3,"enemies":"Small Slimes","floor":7,"turns":3},{"damage":0,"enemies":"Exordium Thugs","floor":10,"turns":5},{"damage":0,"enemies":"3 Louse","floor":12,"turns":3},{"damage":4,"enemies":"Gremlin Gang","floor":14,"turns":4},{"damage":66,"enemies":"Hexaghost","floor":16,"turns":10},{"damage":12,"enemies":"Shell Parasite","floor":18,"turns":9},{"damage":80,"enemies":"Gremlin Leader","floor":24,"turns":8}],"event_choices":[{"event_name":"Transmorgrifier","player_choice":"Transform","floor":3,"damage_taken":0},{"event_name":"Scrap Ooze","player_choice":"success","floor":5,"damage_taken":18},{"event_name":"Bonfire Elementals","player_choice":"UNCOMMON","floor":13,"damage_taken":0},{"event_name":"Addict","player_choice":"Obtained Relic","floor":19,"damage_taken":0},{"event_name":"Drug Dealer","player_choice":"Ignored","floor":20,"damage_taken":0}],"boss_relics":[{"not_picked":["Runic Dome","Philosopher\u0027s Stone"],"picked":"Eternal Feather"}],"potions_floor_spawned":[4,7,14,18],"seed_played":"7552159969798452427","killed_by":"Gremlin Leader","ascension_level":0,"is_trial":false}