{"gold_per_floor":[115,130,147,27,27,52,52,87,87,7,18,18,18,33,33,129,129,143,143,143,161,180,200,200,217,217,68,80,94,25,39,39,135,135,148,0,0,16,16,28,28,46,71,71,71,85,105,30,30,30],"floor_reached":50,"playtime":5201,"items_purged":["Normality"],"score":483,"play_id":"7d864ee0-018c-4793-873a-90e2b6cf13c3","local_time":"20180803232358","is_ascension_mode":false,"campfire_choices":[{"floor":7,"key":"REST"},{"floor":13,"key":"REST"},{"data":"Malaise","floor":15,"key":"SMITH"},{"floor":24,"key":"REST"},{"floor":32,"key":"REST"},{"floor":41,"key":"REST"},{"floor":45,"key":"REST"},{"floor":49,"key":"REST"}],"neow_cost":"","seed_source_timestamp":0,"circlet_count":0,"master_deck":["Defend_G","Defend_G","Defend_G+1","Defend_G","Defend_G","Strike_G","Strike_G","Strike_G","Survivor","Neutralize","Flying Knee","Dagger Spray","Backflip","Footwork","Quick Slash","Malaise+1","Dash","Backstab","Terror","Die Die Die","Calculated Gamble","Concentrate","Skewer","Blur","Accuracy","Noxious Fumes","Glass Knife","Bane","Tools of the Trade","Noxious Fumes","Prepared+1","Bullet Time+1","Blade Dance+1","Blade Dance+1","All Out Attack+1","Cloak And Dagger+1","Blur+1","After Image"],"relics":["Ring of the Snake","Bag of Marbles","Bottled Tornado","Kunai","Lizard Tail","Meat on the Bone","Cursed Key","Red Mask","War Paint"],"potions_floor_usage":[8,16,18,25,33,38,40,46],"damage_taken":[{"damage":1,"enemies":"Cultist","floor":1,"turns":4},{"damage":0,"enemies":"2 Louse","floor":2,"turns":4},{"damage":0,"enemies":"Jaw Worm","floor":3,"turns":3},{"damage":41,"enemies":"Gremlin Nob","floor":6,"turns":6},{"damage":13,"enemies":"Lagavulin","floor":8,"turns":8},{"damage":0,"enemies":"Blue Slaver","floor":11,"turns":4},{"damage":0,"enemies":"Looter","floor":14,"turns":2},{"damage":39,"enemies":"Slime Boss","floor":16,"turns":19},{"damage":10,"enemies":"2 Thieves","floor":18,"turns":4},{"damage":1,"enemies":"Shell Parasite","floor":21,"turns":9},{"damage":6,"enemies":"Snake Plant","floor":22,"turns":6},{"damage":4,"enemies":"Chosen and Byrds","floor":23,"turns":6},{"damage":44,"enemies":"Cultist and Chosen","floor":25,"turns":12},{"damage":24,"enemies":"Snake Plant","floor":28,"turns":6},{"damage":13,"enemies":"Centurion and Healer","floor":29,"turns":12},{"damage":9,"enemies":"Chosen and Byrds","floor":31,"turns":5},{"damage":73,"enemies":"Automaton","floor":33,"turns":13},{"damage":10,"enemies":"Orb Walker","floor":35,"turns":2},{"damage":10,"enemies":"Flame Bruiser 1 Orb","floor":38,"turns":8},{"damage":18,"enemies":"Transient","floor":40,"turns":5},{"damage":26,"enemies":"3 Darklings","floor":42,"turns":3},{"damage":12,"enemies":"4 Shapes","floor":46,"turns":6},{"damage":38,"enemies":"Sphere and 2 Shapes","floor":47,"turns":8},{"damage":44,"enemies":"Time Eater","floor":50,"turns":4}],"seed_played":"-7159379668132318405","potions_obtained":[{"floor":6,"key":"SkillPotion"},{"floor":8,"key":"Block Potion"},{"floor":16,"key":"Fire Potion"},{"floor":22,"key":"Ancient Potion"},{"floor":23,"key":"SkillPotion"},{"floor":31,"key":"Swift Potion"},{"floor":33,"key":"GhostInAJar"},{"floor":35,"key":"SneckoOil"},{"floor":40,"key":"Weak Potion"}],"is_trial":true,"path_per_floor":["M","M","M","$","?","E","R","E","T","$","M","?","R","M","R","B",null,"M","$","?","M","M","M","R","M","T","$","M","M","$","M","R","B",null,"M","?","?","M","$","M","R","M","T","$","R","M","M","$","R"],"character_chosen":"THE_SILENT","items_purchased":["Footwork","Quick Slash","Backstab","Noxious Fumes","Glass Knife","Noxious Fumes"],"campfire_rested":7,"item_purchase_floors":[4,4,10,27,27,30],"current_hp_per_floor":[69,69,69,69,62,21,42,29,29,29,29,29,50,50,50,11,70,60,60,60,59,53,49,70,26,26,26,14,13,13,16,37,24,70,60,60,60,50,50,44,65,39,39,39,60,48,22,22,43,0],"gold":30,"neow_bonus":"","is_prod":false,"is_daily":false,"chose_seed":false,"campfire_upgraded":1,"win_rate":0,"timestamp":1533335038,"path_taken":["M","M","M","$","?","E","R","E","T","$","M","?","R","M","R","BOSS","M","$","?","M","?","M","R","?","T","$","?","M","$","M","R","BOSS","M","?","?","M","$","M","R","M","T","?","R","?","M","$","R","BOSS"],"build_version":"2018-08-02","purchased_purges":1,"victory":false,"max_hp_per_floor":[70,70,70,70,70,70,70,70,70,70,70,70,70,70,70,70,70,70,70,70,70,70,70,70,70,70,70,70,70,70,70,70,70,70,70,70,70,70,70,70,70,70,70,70,70,70,70,70,70,70],"card_choices":[{"not_picked":["Prepared","Dagger Throw"],"picked":"Flying Knee","floor":1},{"not_picked":["Deflect","Well Laid Plans"],"picked":"Dagger Spray","floor":2},{"not_picked":["Finisher","Bouncing Flask"],"picked":"Backflip","floor":3},{"not_picked":["Wraith Form v2","Quick Slash"],"picked":"Malaise","floor":6},{"not_picked":["Outmaneuver","Catalyst"],"picked":"Dash","floor":8},{"not_picked":["Underhanded Strike","Backstab"],"picked":"Terror","floor":11},{"not_picked":["Dagger Throw","Slice","PiercingWail"],"picked":"SKIP","floor":14},{"not_picked":["Bullet Time","Storm of Steel"],"picked":"Die Die Die","floor":16},{"not_picked":["Terror+1","Underhanded Strike+1"],"picked":"Calculated Gamble","floor":18},{"not_picked":["Dodge and Roll","Deflect"],"picked":"Deadly Poison","floor":21},{"not_picked":["Deadly Poison+1","Poisoned Stab"],"picked":"Skewer","floor":22},{"not_picked":["Cloak And Dagger","Infinite Blades"],"picked":"Blur","floor":23},{"not_picked":["Acrobatics","Bouncing Flask"],"picked":"Accuracy","floor":25},{"not_picked":["Bouncing Flask","Dodge and Roll"],"picked":"Bane","floor":28},{"not_picked":["Tactician","Dagger Throw"],"picked":"Tools of the Trade","floor":29},{"not_picked":["Deadly Poison","Dagger Spray"],"picked":"Prepared+1","floor":31},{"not_picked":["Corpse Explosion","Grand Finale"],"picked":"Bullet Time","floor":33},{"not_picked":["Setup","Backstab"],"picked":"Blade Dance+1","floor":35},{"not_picked":["Deflect","Dagger Spray"],"picked":"Blade Dance+1","floor":38},{"not_picked":["Acrobatics+1","Dagger Spray"],"picked":"All Out Attack+1","floor":40},{"not_picked":["Slice","Tactician+1"],"picked":"Cloak And Dagger+1","floor":42},{"not_picked":["Riddle With Holes+1","Backflip"],"picked":"Blur+1","floor":46},{"not_picked":["Riddle With Holes","Deflect"],"picked":"After Image","floor":47}],"player_experience":529153,"relics_obtained":[{"floor":6,"key":"Bag of Marbles"},{"floor":8,"key":"Bottled Tornado"},{"floor":9,"key":"Kunai"},{"floor":26,"key":"Meat on the Bone"},{"floor":43,"key":"War Paint"}],"event_choices":[{"event_name":"Golden Wing","player_choice":"Card Removal","floor":5,"damage_taken":0},{"event_name":"The Cleric","player_choice":"Leave","floor":12,"damage_taken":0},{"event_name":"Transmorgrifier","player_choice":"Transform","floor":20,"damage_taken":0},{"event_name":"Tomb of Lord Red Mask","player_choice":"Paid","floor":36,"damage_taken":0},{"event_name":"Falling","player_choice":"Removed Skill","floor":37,"damage_taken":0}],"is_beta":false,"boss_relics":[{"not_picked":["Velvet Choker","Runic Dome"],"picked":"Lizard Tail"},{"not_picked":["Busted Crown","Runic Pyramid"],"picked":"Cursed Key"}],"items_purged_floors":[48],"is_endless":true,"potions_floor_spawned":[6,8,16,22,23,31,33,35,40],"killed_by":"Time Eater","ascension_level":0}