{"gold_per_floor":[113,125,50,64,75,75,89,89,89,105,117,129,29,44,44,44],"floor_reached":16,"playtime":540,"items_purged":["Parasite","Strike_R"],"score":118,"play_id":"2db193ec-1c3f-4532-9dd4-67a373f36b27","local_time":"20190211155008","is_ascension_mode":true,"campfire_choices":[{"data":"Bash","floor":6,"key":"SMITH"},{"floor":8,"key":"REST"},{"floor":15,"key":"REST"}],"neow_cost":"CURSE","seed_source_timestamp":197759152584600,"circlet_count":0,"master_deck":["Strike_R","Strike_R","Strike_R","Strike_R","Defend_R","Defend_R","Defend_R","Defend_R","Bash+1","Disarm","Battle Trance","Barricade"],"relics":["Burning Blood","Unceasing Top","Regal Pillow"],"potions_floor_usage":[7,16,16],"damage_taken":[{"damage":7,"enemies":"Jaw Worm","floor":1,"turns":3},{"damage":10,"enemies":"2 Louse","floor":2,"turns":4},{"damage":12,"enemies":"Cultist","floor":4,"turns":5},{"damage":38,"enemies":"Exordium Thugs","floor":5,"turns":6},{"damage":16,"enemies":"3 Louse","floor":7,"turns":2},{"damage":15,"enemies":"Gremlin Gang","floor":10,"turns":6},{"damage":17,"enemies":"Looter","floor":11,"turns":3},{"damage":21,"enemies":"Blue Slaver","floor":12,"turns":3},{"damage":7,"enemies":"2 Fungi Beasts","floor":14,"turns":4},{"damage":54,"enemies":"Slime Boss","floor":16,"turns":7}],"seed_played":"-2368359056628927447","potions_obtained":[{"floor":1,"key":"Weak Potion"},{"floor":2,"key":"Explosive Potion"},{"floor":11,"key":"SneckoOil"},{"floor":12,"key":"Weak Potion"}],"is_trial":false,"path_per_floor":["M","M","$","M","M","R","M","R","T","M","M","M","$","M","R","B"],"character_chosen":"IRONCLAD","items_purchased":[],"campfire_rested":2,"item_purchase_floors":[],"current_hp_per_floor":[79,75,75,69,37,37,27,50,50,41,30,15,15,14,52,0],"gold":44,"neow_bonus":"ONE_RARE_RELIC","is_prod":false,"is_daily":false,"chose_seed":false,"campfire_upgraded":1,"win_rate":0,"timestamp":1549929008,"path_taken":["M","M","$","M","M","R","M","R","T","M","M","M","$","M","R","BOSS"],"build_version":"2019-01-23","purchased_purges":2,"victory":false,"max_hp_per_floor":[80,80,77,77,77,77,77,77,77,77,77,77,77,77,77,77],"card_choices":[{"not_picked":["Perfected Strike","Carnage"],"picked":"Disarm","floor":1},{"not_picked":["Anger","Combust","True Grit"],"picked":"SKIP","floor":2},{"not_picked":["Seeing Red","Blood for Blood","Bloodletting"],"picked":"SKIP","floor":4},{"not_picked":["Shrug It Off","Pommel Strike","Rampage"],"picked":"SKIP","floor":5},{"not_picked":["Havoc","Blood for Blood"],"picked":"Battle Trance","floor":7},{"not_picked":["Havoc","Seeing Red","Pummel"],"picked":"SKIP","floor":10},{"not_picked":["True Grit","Shrug It Off","Wild Strike"],"picked":"SKIP","floor":11},{"not_picked":["Rampage","Heavy Blade"],"picked":"Barricade","floor":12},{"not_picked":["True Grit","Shockwave","Twin Strike"],"picked":"SKIP","floor":14}],"player_experience":144235,"relics_obtained":[{"floor":9,"key":"Regal Pillow"}],"event_choices":[],"is_beta":false,"boss_relics":[],"items_purged_floors":[3,13],"is_endless":false,"potions_floor_spawned":[1,2,11,12],"killed_by":"Slime Boss","ascension_level":4}