{"gold_per_floor":[116,66,81,81,94,119,99,113,113,113,128,128,46,65,65,164,164,174,99,113,113,363,363,393,112,194,204,224,224,251,266,266,266],"floor_reached":33,"playtime":2689,"items_purged":["Strike_R","Regret"],"score":372,"play_id":"7c852172-1e57-463e-871f-e249e479d1aa","local_time":"20180725233719","is_ascension_mode":true,"campfire_choices":[{"data":"Whirlwind","floor":12,"key":"SMITH"},{"data":"True Grit","floor":15,"key":"SMITH"},{"floor":23,"key":"REST"},{"floor":32,"key":"REST"}],"neow_cost":"NONE","seed_source_timestamp":1287291602499325,"circlet_count":0,"master_deck":["Defend_R+1","Defend_R+1","Defend_R+1","Defend_R+1","Bash+1","Shrug It Off+1","Rampage+1","Shrug It Off","Whirlwind+1","Reaper","Pommel Strike","Inflame","True Grit+1","Impervious","Sentinel","Twin Strike","Reaper","Panache","Flex+1","Flame Barrier","Bite","Bite","Bite","Bite","Bite","Disarm+1"],"relics":["Burning Blood","Ancient Tea Set","War Paint","Fusion Hammer","Omamori","Singing Bowl","Toxic Egg 2"],"potions_floor_usage":[7,18,18,24,31],"damage_taken":[{"damage":2,"enemies":"2 Louse","floor":1,"turns":3},{"damage":2,"enemies":"Jaw Worm","floor":3,"turns":3},{"damage":0,"enemies":"Small Slimes","floor":5,"turns":3},{"damage":22,"enemies":"Gremlin Nob","floor":6,"turns":4},{"damage":19,"enemies":"Exordium Thugs","floor":7,"turns":9},{"damage":11,"enemies":"Looter","floor":8,"turns":3},{"damage":1,"enemies":"Large Slime","floor":11,"turns":7},{"damage":0,"enemies":"Lots of Slimes","floor":14,"turns":1},{"damage":51,"enemies":"The Guardian","floor":16,"turns":14},{"damage":19,"enemies":"2 Thieves","floor":18,"turns":4},{"damage":19,"enemies":"Spheric Guardian","floor":20,"turns":6},{"damage":38,"enemies":"Book of Stabbing","floor":24,"turns":7},{"damage":21,"enemies":"Snake Plant","floor":27,"turns":6},{"damage":0,"enemies":"Centurion and Healer","floor":28,"turns":7},{"damage":28,"enemies":"Slavers","floor":30,"turns":10},{"damage":10,"enemies":"Snecko","floor":31,"turns":7},{"damage":108,"enemies":"Collector","floor":33,"turns":7}],"seed_played":"-1480527881985869695","potions_obtained":[{"floor":1,"key":"Regen Potion"},{"floor":5,"key":"SpeedPotion"},{"floor":7,"key":"Swift Potion"},{"floor":8,"key":"Poison Potion"},{"floor":24,"key":"FearPotion"},{"floor":28,"key":"Explosive Potion"},{"floor":31,"key":"FearPotion"}],"is_trial":false,"path_per_floor":["M","?","M","?","M","E","M","M","T","?","M","R","$","M","R","B",null,"M","$","M","?","?","R","E","$","T","M","M","?","E","M","R"],"character_chosen":"IRONCLAD","items_purchased":["Inflame","Panache"],"campfire_rested":2,"item_purchase_floors":[13,25],"current_hp_per_floor":[88,88,88,70,76,60,62,57,57,57,70,70,70,88,88,52,88,75,75,62,62,62,88,62,62,62,53,71,61,61,63,63,0],"gold":266,"neow_bonus":"TEN_PERCENT_HP_BONUS","is_prod":false,"is_daily":false,"chose_seed":false,"campfire_upgraded":2,"win_rate":0,"timestamp":1532558239,"path_taken":["M","?","M","?","M","E","M","M","T","?","M","R","$","M","R","BOSS","M","$","M","?","?","R","E","$","T","M","M","?","E","M","R","BOSS"],"build_version":"2018-07-19v2","purchased_purges":2,"victory":false,"max_hp_per_floor":[88,88,88,88,88,88,88,88,88,88,88,88,88,88,88,88,88,88,88,88,88,88,88,88,88,88,88,88,61,61,63,63,63],"card_choices":[{"not_picked":["Infernal Blade","Wild Strike","Sword Boomerang"],"picked":"SKIP","floor":1},{"not_picked":["Armaments","Second Wind"],"picked":"Shrug It Off","floor":3},{"not_picked":["Havoc","Iron Wave"],"picked":"Rampage","floor":5},{"not_picked":["Iron Wave","Twin Strike"],"picked":"Shrug It Off","floor":6},{"not_picked":["Evolve","Entrench"],"picked":"Whirlwind","floor":7},{"not_picked":["Anger","Second Wind"],"picked":"Reaper","floor":8},{"not_picked":["Sentinel","Wild Strike"],"picked":"Pommel Strike","floor":11},{"not_picked":["Hemokinesis","Pommel Strike"],"picked":"True Grit","floor":14},{"not_picked":["Reaper","Berserk"],"picked":"Impervious","floor":16},{"not_picked":["Dropkick+1","Seeing Red"],"picked":"Sentinel","floor":18},{"not_picked":["Clothesline","Warcry"],"picked":"Twin Strike","floor":20},{"not_picked":["Anger","Blood for Blood"],"picked":"Reaper","floor":24},{"not_picked":["Headbutt+1","Anger+1"],"picked":"Flex+1","floor":27},{"not_picked":["True Grit","Shrug It Off"],"picked":"Flame Barrier","floor":28},{"not_picked":["Body Slam+1","Reaper"],"picked":"Disarm","floor":30},{"not_picked":["Rampage","Thunderclap","Armaments+1"],"picked":"Singing Bowl","floor":31}],"player_experience":506977,"relics_obtained":[{"floor":6,"key":"Ancient Tea Set"},{"floor":9,"key":"War Paint"},{"floor":24,"key":"Omamori"},{"floor":26,"key":"Singing Bowl"},{"floor":30,"key":"Toxic Egg 2"}],"event_choices":[{"event_name":"The Cleric","player_choice":"Card Removal","floor":2,"damage_taken":0},{"event_name":"Shining Light","player_choice":"Entered Light","floor":4,"damage_taken":0},{"event_name":"Living Wall","player_choice":"Grow","floor":10,"damage_taken":0},{"event_name":"Back to Basics","player_choice":"Simplicity","floor":21,"damage_taken":0},{"event_name":"Golden Shrine","player_choice":"Desecrate","floor":22,"damage_taken":0},{"event_name":"Vampires","player_choice":"Became a vampire","floor":29,"damage_taken":0}],"is_beta":false,"boss_relics":[{"not_picked":["Runic Dome","Coffee Dripper"],"picked":"Fusion Hammer"}],"items_purged_floors":[19,25],"is_endless":false,"potions_floor_spawned":[1,5,7,8,24,28,31],"killed_by":"Collector","ascension_level":4}