{"path_per_floor":["M","?","T","?","$","M","R","M","T","M","?","M","M","M","R","B",null,"M","M","M","?","M","R","M","E","T","M","M","M","?","?","R","B",null,"M","M","?","M","$","R","M","?","T","R","?","M","E","$","R"],"character_chosen":"IRONCLAD","items_purchased":["Armaments","Metallicize","Apotheosis","Strawberry"],"gold_per_floor":[211,211,235,235,33,58,58,78,101,121,121,139,163,179,179,308,308,333,348,372,372,393,393,411,450,450,464,482,495,495,495,495,623,623,647,672,672,697,241,241,261,261,261,261,261,284,318,193,193,193],"floor_reached":50,"campfire_rested":0,"playtime":9265,"current_hp_per_floor":[80,80,80,60,60,65,65,71,71,77,82,85,85,85,85,42,85,85,78,84,59,59,59,59,45,45,59,7,59,59,59,59,26,59,59,59,59,59,66,66,66,66,66,66,58,66,66,66,66,0],"items_purged":["Strike_R","Defend_R","Madness"],"gold":193,"score":540,"play_id":"6386433d-5ab2-48e0-8440-9d475e027639","local_time":"20180511225731","is_prod":false,"is_daily":false,"chose_seed":false,"is_ascension_mode":false,"campfire_upgraded":7,"timestamp":1526075851,"path_taken":["M","?","?","?","?","M","R","?","T","M","?","M","M","M","R","BOSS","M","M","M","?","?","R","?","E","T","M","M","?","?","?","R","BOSS","M","M","?","M","$","R","M","?","T","R","?","?","E","$","R","BOSS"],"build_version":"2018-05-03","seed_source_timestamp":0,"purchased_purges":3,"victory":false,"master_deck":["Defend_R","Defend_R","Defend_R","Bash","Armaments+1","Metallicize+1","Battle Trance","Iron Wave","Shrug It Off","Dropkick+1","Headbutt+1","Pommel Strike+1","Barricade+1","Shrug It Off+1","Fire Breathing+1","Bite","Bite","Bite","Bite","Bite","Cleave+1","Cleave+1","Anger+1","Rage","Apotheosis+1","Ghostly Armor","Good Instincts","Madness+1"],"max_hp_per_floor":[80,80,80,80,80,80,80,80,80,80,85,85,85,85,85,85,85,85,85,85,59,59,59,59,59,59,59,59,59,59,59,59,59,59,59,59,59,59,66,66,66,66,66,66,66,66,66,66,66,66],"relics":["Burning Blood","Anchor","Golden Idol","Bag of Marbles","Cursed Key","Molten Egg 2","Velvet Choker","Strawberry","Whetstone"],"card_choices":[{"not_picked":["Perfected Strike","Sever Soul"],"picked":"Battle Trance","floor":6.0},{"not_picked":["Infernal Blade","Warcry"],"picked":"Iron Wave","floor":8.0},{"not_picked":["Dual Wield","True Grit"],"picked":"Shrug It Off","floor":10.0},{"not_picked":["Anger","Rupture"],"picked":"Dropkick","floor":12.0},{"not_picked":["Reaper","Body Slam"],"picked":"Headbutt","floor":13.0},{"not_picked":["Headbutt","Entrench"],"picked":"Pommel Strike","floor":14.0},{"not_picked":["Double Tap","Juggernaut"],"picked":"Barricade","floor":16.0},{"not_picked":["Perfected Strike","Clothesline"],"picked":"Shrug It Off","floor":18.0},{"not_picked":["Corruption","Disarm"],"picked":"Fire Breathing","floor":20.0},{"not_picked":["Wild Strike","Perfected Strike"],"picked":"Second Wind","floor":24.0},{"not_picked":["Pommel Strike","Armaments"],"picked":"Cleave","floor":27.0},{"not_picked":["Wild Strike","Sword Boomerang"],"picked":"Cleave","floor":29.0},{"not_picked":["Intimidate","Cleave"],"picked":"Anger","floor":35},{"not_picked":["True Grit","Wild Strike"],"picked":"Ghostly Armor","floor":41},{"not_picked":["Swift Strike","Secret Technique"],"picked":"Good Instincts","floor":42}],"player_experience":100244,"potions_floor_usage":[50,50,50],"damage_taken":[{"damage":0.0,"enemies":"2 Louse","floor":1.0,"turns":4.0},{"damage":1.0,"enemies":"Jaw Worm","floor":6.0,"turns":5.0},{"damage":0.0,"enemies":"Small Slimes","floor":8.0,"turns":4.0},{"damage":0.0,"enemies":"Blue Slaver","floor":10.0,"turns":4.0},{"damage":0.0,"enemies":"2 Fungi Beasts","floor":12.0,"turns":5.0},{"damage":1.0,"enemies":"Looter","floor":13.0,"turns":4.0},{"damage":0.0,"enemies":"Red Slaver","floor":14.0,"turns":4.0},{"damage":49.0,"enemies":"Slime Boss","floor":16.0,"turns":15.0},{"damage":3.0,"enemies":"Spheric Guardian","floor":18.0,"turns":10.0},{"damage":13.0,"enemies":"Chosen","floor":19.0,"turns":5.0},{"damage":0.0,"enemies":"Snecko","floor":20.0,"turns":7.0},{"damage":8.0,"enemies":"Slaver and Parasite","floor":22.0,"turns":9.0},{"damage":0.0,"enemies":"Snake Plant","floor":24.0,"turns":8.0},{"damage":34.0,"enemies":"Book of Stabbing","floor":25.0,"turns":9.0},{"damage":20.0,"enemies":"Sentry and Sphere","floor":27.0,"turns":11.0},{"damage":71.0,"enemies":"Cultist and Chosen","floor":28.0,"turns":9.0},{"damage":0.0,"enemies":"Centurion and Healer","floor":29.0,"turns":14.0},{"damage":75.0,"enemies":"Automaton","floor":33.0,"turns":21.0},{"damage":0.0,"enemies":"3 Shapes","floor":35.0,"turns":6.0},{"damage":23,"enemies":"Sphere and 2 Shapes","floor":36,"turns":8},{"damage":3,"enemies":"Maw","floor":38,"turns":10},{"damage":3,"enemies":"4 Shapes","floor":41,"turns":7},{"damage":18,"enemies":"Sphere and 2 Shapes","floor":46,"turns":10},{"damage":6,"enemies":"Nemesis","floor":47,"turns":9},{"damage":118,"enemies":"Time Eater","floor":50,"turns":18}],"event_choices":[{"event_name":"Liars Game","player_choice":"disagreed","floor":2.0,"damage_taken":0.0},{"event_name":"Golden Idol","player_choice":"Take Damage","floor":4.0,"damage_taken":0.0},{"event_name":"Big Fish","player_choice":"Donut","floor":11.0,"damage_taken":0.0},{"event_name":"Vampires","player_choice":"Became a vampire","floor":21.0,"damage_taken":0.0},{"event_name":"Back to Basics","player_choice":"Elegance","floor":30.0,"damage_taken":0.0},{"event_name":"Ghosts","player_choice":"Ignored","floor":31.0,"damage_taken":0.0},{"event_name":"Match and Keep!","player_choice":"1 cards matched","floor":37,"damage_taken":0},{"event_name":"SensoryStone","player_choice":"Memory 1","floor":42,"damage_taken":0},{"event_name":"Winding Halls","player_choice":"Embrace Madness","floor":45,"damage_taken":0}],"boss_relics":[],"potions_floor_spawned":[6,8,13,16,18,19,24,28,29,36,38,41,47],"seed_played":"2887526803622371682","killed_by":"Time Eater","ascension_level":0,"is_trial":false}