{"path_per_floor":["M","?","?","M","M","M","M","R","T","R","$","R","?","?","R","B",null,"M","?","?","?","M","R","?","M","T","$","E","T","R","M","R"],"character_chosen":"THE_SILENT","items_purchased":["Accuracy","Flash of Steel","Infinite Blades"],"gold_per_floor":[118,118,118,137,155,168,184,184,230,230,63,63,21,21,21,121,151,170,0,0,0,20,20,20,34,89,18,43,43,43,56,56,56],"floor_reached":33,"campfire_rested":3,"playtime":3082,"current_hp_per_floor":[70,70,70,70,70,70,68,68,68,68,68,68,68,68,68,13,75,59,59,59,59,39,61,61,38,38,38,2,2,24,9,31,0],"items_purged":[],"gold":56,"score":253,"play_id":"b30c9c8a-7fec-4642-aca9-7e000a71bc17","local_time":"20180517205146","is_prod":false,"is_daily":false,"chose_seed":false,"is_ascension_mode":false,"campfire_upgraded":4,"timestamp":1526586706,"path_taken":["M","?","?","M","M","M","?","R","T","R","$","R","?","?","R","BOSS","M","?","?","?","?","R","?","M","T","?","E","?","R","M","R","BOSS"],"build_version":"2018-05-10","seed_source_timestamp":0,"purchased_purges":0,"victory":false,"master_deck":["Defend_G","Defend_G","Defend_G","Defend_G","Defend_G","Strike_G","Strike_G","Survivor","Neutralize","Outmaneuver+1","Blade Dance+1","Poisoned Stab","Accuracy+1","Bane","Masterful Stab+1","Accuracy+1","Flash of Steel","Tools of the Trade","Backflip","Cloak And Dagger","All Out Attack","Backstab","Infinite Blades","Storm of Steel"],"max_hp_per_floor":[70,70,70,70,70,70,70,70,70,70,70,70,70,70,70,70,75,75,75,75,75,75,75,75,75,75,75,75,75,75,75,75,75],"relics":["Ring of the Snake","Bag of Marbles","Tiny House","Oddly Smooth Stone","Bottled Tornado","Ninja Scroll"],"card_choices":[{"not_picked":["Reflex","Crippling Poison"],"picked":"Outmaneuver","floor":1.0},{"not_picked":["Escape Plan","Distraction"],"picked":"Poisoned Stab","floor":4.0},{"not_picked":["Predator","Slice"],"picked":"Accuracy","floor":5.0},{"not_picked":["Dodge and Roll","Crippling Poison"],"picked":"Bane","floor":6.0},{"not_picked":["Dagger Throw","Malaise"],"picked":"Masterful Stab","floor":7.0},{"not_picked":["Corpse Explosion","Night Terror"],"picked":"Tools of the Trade","floor":16.0},{"not_picked":["Flechettes","Calculated Gamble"],"picked":"Backflip","floor":17.0},{"not_picked":["PiercingWail","Dash"],"picked":"Cloak And Dagger","floor":18},{"not_picked":["Riddle With Holes","PiercingWail"],"picked":"Backstab","floor":22},{"not_picked":["Escape Plan","Dodge and Roll"],"picked":"Storm of Steel","floor":28}],"player_experience":173191,"potions_floor_usage":[28,31],"damage_taken":[{"damage":0.0,"enemies":"2 Louse","floor":1.0,"turns":3.0},{"damage":0.0,"enemies":"Cultist","floor":4.0,"turns":4.0},{"damage":0.0,"enemies":"Small Slimes","floor":5.0,"turns":2.0},{"damage":0.0,"enemies":"Looter","floor":6.0,"turns":4.0},{"damage":2.0,"enemies":"Exordium Thugs","floor":7.0,"turns":4.0},{"damage":70.0,"enemies":"Hexaghost","floor":16.0,"turns":12.0},{"damage":16.0,"enemies":"Shell Parasite","floor":18.0,"turns":6.0},{"damage":20,"enemies":"3 Cultists","floor":22,"turns":5},{"damage":23,"enemies":"Snecko","floor":25,"turns":6},{"damage":36,"enemies":"Slavers","floor":28,"turns":7},{"damage":15,"enemies":"Slaver and Parasite","floor":31,"turns":5},{"damage":50,"enemies":"Automaton","floor":33,"turns":6}],"event_choices":[{"event_name":"Transmorgrifier","player_choice":"Transform","floor":2.0,"damage_taken":0.0},{"event_name":"Golden Wing","player_choice":"Ignored","floor":3.0,"damage_taken":0.0},{"event_name":"World of Goop","player_choice":"Left","floor":13.0,"damage_taken":0.0},{"event_name":"Purifier","player_choice":"One Purge","floor":14.0,"damage_taken":0.0},{"event_name":"Masked Bandits","player_choice":"Paid Bandits 170 gold","floor":19,"damage_taken":0},{"event_name":"Transmorgrifier","player_choice":"Transform","floor":20,"damage_taken":0},{"event_name":"Beggar","player_choice":"Ignored","floor":21,"damage_taken":0},{"event_name":"The Mausoleum","player_choice":"No","floor":24,"damage_taken":0}],"boss_relics":[],"potions_floor_spawned":[1,5,6,18],"seed_played":"-8780752071590474983","killed_by":"Automaton","ascension_level":0,"is_trial":false}