{"gold_per_floor":[109,109,34,109,123,185,185,197,244,144,144,158,176,12,12,12],"floor_reached":16,"playtime":656,"items_purged":["Strike_R","Strike_R"],"score":190,"play_id":"3a9e09fc-1f9b-4e82-94b5-1930b3e2cc05","local_time":"20190730130530","is_ascension_mode":true,"campfire_choices":[{"floor":7,"key":"REST"},{"data":"Bash","floor":11,"key":"SMITH"},{"floor":15,"key":"REST"}],"neow_cost":"NONE","seed_source_timestamp":420361280584200,"circlet_count":0,"master_deck":["AscendersBane","Strike_R","Strike_R","Defend_R","Defend_R","Defend_R","Defend_R","Bash+1","Dramatic Entrance","Pommel Strike","Cleave","Flex"],"relics":["Burning Blood","Tiny Chest","Happy Flower"],"potions_floor_usage":[6,13,16],"damage_taken":[{"damage":12,"enemies":"Small Slimes","floor":1,"turns":3},{"damage":7,"enemies":"Jaw Worm","floor":5,"turns":4},{"damage":40,"enemies":"Lagavulin","floor":6,"turns":4},{"damage":6,"enemies":"2 Louse","floor":8,"turns":3},{"damage":14,"enemies":"Blue Slaver","floor":12,"turns":4},{"damage":20,"enemies":"Exordium Thugs","floor":13,"turns":7},{"damage":43,"enemies":"The Guardian","floor":16,"turns":9}],"seed_played":"715690268568026991","potions_obtained":[{"floor":1,"key":"AttackPotion"},{"floor":6,"key":"Swift Potion"},{"floor":12,"key":"LiquidBronze"}],"is_trial":false,"path_per_floor":["M","?","$","?","M","E","R","M","T","$","R","M","M","$","R","B"],"character_chosen":"IRONCLAD","items_purchased":["Flex","FairyPotion"],"campfire_rested":2,"item_purchase_floors":[14,14],"current_hp_per_floor":[62,55,55,44,43,9,31,31,31,31,31,23,9,9,31,0],"gold":12,"neow_bonus":"RANDOM_COLORLESS","is_prod":false,"is_daily":false,"chose_seed":false,"campfire_upgraded":1,"win_rate":0,"timestamp":1564517130,"path_taken":["M","?","$","?","M","E","R","M","T","$","R","M","M","$","R","BOSS"],"build_version":"2019-07-17","purchased_purges":2,"victory":false,"max_hp_per_floor":[75,75,75,75,75,75,75,75,75,75,75,75,75,75,75,75],"card_choices":[{"not_picked":["Anger","Hemokinesis"],"picked":"Pommel Strike","floor":1},{"not_picked":["Carnage","Burning Pact","Dropkick"],"picked":"SKIP","floor":5},{"not_picked":["Shrug It Off","Headbutt","Demon Form"],"picked":"SKIP","floor":6},{"not_picked":["Havoc","Anger","Sever Soul"],"picked":"SKIP","floor":8},{"not_picked":["Pommel Strike","Second Wind","Burning Pact"],"picked":"SKIP","floor":12},{"not_picked":["Iron Wave","Infernal Blade"],"picked":"Cleave","floor":13}],"player_experience":473175,"relics_obtained":[{"floor":6,"key":"Tiny Chest"},{"floor":9,"key":"Happy Flower"}],"event_choices":[{"cards_removed":["Strike_R"],"damage_healed":0,"gold_gain":0,"player_choice":"Card Removal","damage_taken":7,"max_hp_gain":0,"max_hp_loss":0,"event_name":"Golden Wing","floor":2,"gold_loss":0},{"damage_healed":0,"gold_gain":75,"player_choice":"Gather Gold","damage_taken":11,"max_hp_gain":0,"max_hp_loss":0,"event_name":"World of Goop","floor":4,"gold_loss":0}],"is_beta":false,"boss_relics":[],"items_purged_floors":[3,10],"is_endless":false,"potions_floor_spawned":[1,6,12],"killed_by":"The Guardian","ascension_level":18}