{"gold_per_floor":[118,43,43,43,57,82,157,171,171,171,171,171,201,213,213,313,313,326,340,57,77,77,106,106,205,205,205,217,11,11,11],"floor_reached":31,"playtime":705,"items_purged":["Strike_B","Strike_B","Strike_B"],"score":373,"play_id":"0f142df8-dadb-47a8-b71a-9397b1e4af37","local_time":"20190614154344","is_ascension_mode":true,"campfire_choices":[{"data":"Dualcast","floor":10,"key":"SMITH"},{"data":"Gash","floor":11,"key":"SMITH"},{"floor":12,"key":"REST"},{"floor":15,"key":"REST"},{"floor":24,"key":"REST"}],"neow_cost":"NONE","seed_source_timestamp":153562017087100,"circlet_count":0,"master_deck":["Defend_B","Defend_B","Defend_B","Defend_B","Zap","Dualcast+1","Gash+1","Core Surge","Beam Cell+1","Reboot","Go for the Eyes+1","Steam+1","Self Repair+1","Scrape+1"],"relics":["Cracked Core","NeowsBlessing","Torii","Blue Candle","WingedGreaves","Molten Egg 2","Philosopher\u0027s Stone","Omamori","Bag of Preparation","Du-Vu Doll"],"potions_floor_usage":[19,31],"damage_taken":[{"damage":0,"enemies":"Cultist","floor":1,"turns":1},{"damage":0,"enemies":"Jaw Worm","floor":5,"turns":1},{"damage":0,"enemies":"Gremlin Nob","floor":6,"turns":1},{"damage":1,"enemies":"Small Slimes","floor":8,"turns":3},{"damage":9,"enemies":"Exordium Wildlife","floor":14,"turns":3},{"damage":8,"enemies":"Hexaghost","floor":16,"turns":9},{"damage":1,"enemies":"Chosen","floor":18,"turns":3},{"damage":20,"enemies":"2 Thieves","floor":19,"turns":3},{"damage":22,"enemies":"Snecko","floor":21,"turns":5},{"damage":51,"enemies":"Slavers","floor":23,"turns":9},{"damage":14,"enemies":"Cultist and Chosen","floor":28,"turns":7},{"damage":27,"enemies":"Colosseum Slavers","floor":31,"turns":3}],"seed_played":"-4613606341562088776","potions_obtained":[{"floor":1,"key":"FairyPotion"},{"floor":18,"key":"SteroidPotion"},{"floor":21,"key":"EssenceOfSteel"},{"floor":23,"key":"FocusPotion"},{"floor":27,"key":"SkillPotion"}],"is_trial":false,"path_per_floor":["M","$","?","?","M","E","?","M","T","R","R","R","?","M","R","B",null,"M","M","$","M","?","E","R","?","T","?","M","$","?","?"],"character_chosen":"DEFECT","items_purchased":["Go for the Eyes+1","Omamori","Scrape+1"],"campfire_rested":3,"item_purchase_floors":[20,20,29],"current_hp_per_floor":[68,68,35,28,28,28,17,16,16,16,16,38,38,29,51,43,67,66,46,46,24,49,6,28,28,28,28,24,24,24,0],"gold":11,"neow_bonus":"THREE_ENEMY_KILL","is_prod":false,"is_daily":false,"chose_seed":false,"campfire_upgraded":2,"win_rate":0,"timestamp":1560552224,"path_taken":["M","$","?","?","M","E","?","M","T","R","R","R","?","?","R","BOSS","M","M","$","M","?","E","R","?","T","?","?","?","?","?"],"build_version":"2019-01-23","purchased_purges":3,"victory":false,"max_hp_per_floor":[75,75,75,75,75,75,75,75,75,75,75,75,75,75,75,75,75,75,75,75,75,75,75,75,75,75,75,75,75,75,75],"card_choices":[{"not_picked":["Compile Driver","Hologram"],"picked":"Gash","floor":1},{"not_picked":["Steam","Defragment","Stack"],"picked":"SKIP","floor":5},{"not_picked":["Defragment","Static Discharge"],"picked":"Core Surge","floor":6},{"not_picked":["Reprogram","Turbo","Tempest"],"picked":"SKIP","floor":8},{"not_picked":["Barrage+1","Hologram"],"picked":"Beam Cell+1","floor":14},{"not_picked":["Meteor Strike+1","Rainbow"],"picked":"Reboot","floor":16},{"not_picked":["Streamline+1","Sunder+1","Redo"],"picked":"SKIP","floor":18},{"not_picked":["Static Discharge+1","Streamline+1","Loop"],"picked":"SKIP","floor":19},{"not_picked":["Defragment+1","Rebound+1"],"picked":"Steam+1","floor":21},{"not_picked":["Recycle+1","Rebound+1"],"picked":"Self Repair+1","floor":23},{"not_picked":["Go for the Eyes+1","Melter+1","Leap"],"picked":"SKIP","floor":28}],"player_experience":466585,"relics_obtained":[{"floor":6,"key":"Blue Candle"},{"floor":9,"key":"WingedGreaves"},{"floor":23,"key":"Bag of Preparation"},{"floor":26,"key":"Du-Vu Doll"}],"event_choices":[{"damage_healed":0,"gold_gain":0,"player_choice":"Success","damage_taken":33,"relics_obtained":["Torii"],"max_hp_gain":0,"max_hp_loss":0,"event_name":"Scrap Ooze","floor":3,"gold_loss":0},{"cards_removed":["Strike_B"],"damage_healed":0,"gold_gain":0,"player_choice":"Card Removal","damage_taken":7,"max_hp_gain":0,"max_hp_loss":0,"event_name":"Golden Wing","floor":4,"gold_loss":0},{"damage_healed":0,"gold_gain":75,"player_choice":"Gather Gold","damage_taken":11,"max_hp_gain":0,"max_hp_loss":0,"event_name":"World of Goop","floor":7,"gold_loss":0},{"damage_healed":0,"gold_gain":30,"player_choice":"Searched \u00272\u0027 times","damage_taken":0,"relics_obtained":["Molten Egg 2"],"max_hp_gain":0,"max_hp_loss":0,"event_name":"Dead Adventurer","floor":13,"gold_loss":0},{"damage_healed":25,"gold_gain":0,"player_choice":"Heal","damage_taken":0,"max_hp_gain":0,"max_hp_loss":0,"event_name":"The Library","floor":22,"gold_loss":0},{"damage_healed":0,"gold_gain":99,"player_choice":"Stole From Cult","damage_taken":0,"max_hp_gain":0,"max_hp_loss":0,"event_name":"Nest","floor":25,"gold_loss":0},{"damage_healed":0,"gold_gain":0,"player_choice":"Got Potions","damage_taken":0,"max_hp_gain":0,"max_hp_loss":0,"event_name":"Lab","floor":27,"gold_loss":0},{"damage_healed":0,"gold_gain":0,"player_choice":"Smashed Altar","damage_taken":0,"max_hp_gain":0,"max_hp_loss":0,"event_name":"Forgotten Altar","floor":30,"gold_loss":0,"cards_obtained":["Decay"]},{"damage_healed":0,"gold_gain":0,"player_choice":"Fight","damage_taken":0,"max_hp_gain":0,"max_hp_loss":0,"event_name":"Colosseum","floor":31,"gold_loss":0}],"is_beta":false,"boss_relics":[{"not_picked":["Coffee Dripper","Inserter"],"picked":"Philosopher\u0027s Stone"}],"items_purged_floors":[2,20,29],"is_endless":false,"potions_floor_spawned":[1,18,21,23],"killed_by":"Colosseum Slavers","ascension_level":7}