{"gold_per_floor":[114,114,114,114,289,289,214,214,214,75,89,89,107,120,120,220,220,231,245,93,193,193,193,207,219,219,144,144,107,122,154,154,255,255,275,327,341,139,0,0,0,10,10,10,23,41,68,100,112,124],"floor_reached":50,"playtime":1588,"items_purged":["Doubt","Defend_G","Bane"],"score":757,"play_id":"06257ff1-6d08-40f4-8433-67867f97c219","local_time":"20190528153854","is_ascension_mode":true,"campfire_choices":[{"data":"Poisoned Stab","floor":6.0,"key":"SMITH"},{"data":"Neutralize","floor":8.0,"key":"SMITH"},{"data":"Well Laid Plans","floor":12.0,"key":"SMITH"},{"data":"Poisoned Stab","floor":15.0,"key":"SMITH"},{"data":"Corpse Explosion","floor":23.0,"key":"SMITH"},{"floor":28.0,"key":"REST"},{"floor":32.0,"key":"REST"},{"data":"Catalyst","floor":41.0,"key":"SMITH"},{"floor":49.0,"key":"REST"}],"neow_cost":"NONE","seed_source_timestamp":0,"circlet_count":0,"master_deck":["Neutralize+1","Poisoned Stab+1","Backflip","Well Laid Plans+1","Poisoned Stab+1","Corpse Explosion+1","Blur","Catalyst+1","Deadly Poison","Escape Plan"],"special_seed":0,"relics":["Ring of the Snake","Ninja Scroll","Tingsha","Pandora\u0027s Box","Tiny Chest","Girya","Meat on the Bone","Bottled Lightning","Letter Opener","Sundial","Busted Crown","Peace Pipe","Red Mask","Shuriken","MawBank"],"potions_floor_usage":[50,50,50],"damage_taken":[{"damage":0.0,"enemies":"Cultist","floor":1.0,"turns":3.0},{"damage":0.0,"enemies":"Small Slimes","floor":11.0,"turns":2.0},{"damage":0.0,"enemies":"2 Louse","floor":13.0,"turns":2.0},{"damage":0.0,"enemies":"Large Slime","floor":14.0,"turns":4.0},{"damage":14.0,"enemies":"The Guardian","floor":16.0,"turns":9.0},{"damage":0.0,"enemies":"3 Byrds","floor":18.0,"turns":2.0},{"damage":11.0,"enemies":"2 Thieves","floor":19.0,"turns":2.0},{"damage":0.0,"enemies":"Colosseum Slavers","floor":21.0,"turns":1.0},{"damage":7.0,"enemies":"Colosseum Nobs","floor":21.0,"turns":3.0},{"damage":8.0,"enemies":"Chosen and Byrds","floor":24.0,"turns":3.0},{"damage":0.0,"enemies":"Centurion and Healer","floor":25.0,"turns":3.0},{"damage":18.0,"enemies":"Snake Plant","floor":30.0,"turns":3.0},{"damage":30.0,"enemies":"Slavers","floor":31.0,"turns":2.0},{"damage":49.0,"enemies":"Collector","floor":33.0,"turns":6.0},{"damage":3.0,"enemies":"Orb Walker","floor":35.0,"turns":2.0},{"damage":2.0,"enemies":"2 Orb Walkers","floor":36.0,"turns":2.0},{"damage":0.0,"enemies":"3 Shapes","floor":37.0,"turns":2.0},{"damage":25.0,"enemies":"Spire Growth","floor":42.0,"turns":3.0},{"damage":20.0,"enemies":"Maw","floor":45.0,"turns":4.0},{"damage":0.0,"enemies":"Jaw Worm Horde","floor":46.0,"turns":1.0},{"damage":1.0,"enemies":"Giant Head","floor":47.0,"turns":5.0},{"damage":26.0,"enemies":"Spire Growth","floor":48.0,"turns":3.0},{"damage":69,"enemies":"Awakened One","floor":50,"turns":6}],"seed_played":"7793154553309521507","potions_obtained":[{"floor":11.0,"key":"Poison Potion"},{"floor":16.0,"key":"Weak Potion"},{"floor":19.0,"key":"AttackPotion"},{"floor":21.0,"key":"Energy Potion"},{"floor":25.0,"key":"LiquidBronze"},{"floor":30.0,"key":"LiquidBronze"},{"floor":31.0,"key":"GhostInAJar"},{"floor":35.0,"key":"Weak Potion"},{"floor":46.0,"key":"Regen Potion"},{"floor":47.0,"key":"SteroidPotion"}],"is_trial":false,"path_per_floor":["M","T","?","?","?","R","$","R","T","$","M","R","M","M","R","B",null,"M","M","$","?","T","R","M","M","T","?","R","$","M","E","R","B",null,"M","?","M","$","?","?","R","M","T","?","M","M","E","M","R","B"],"character_chosen":"THE_SILENT","items_purchased":["Well Laid Plans","Tiny Chest","Bane","Blur","Escape Plan"],"campfire_rested":3,"item_purchase_floors":[10,20,20,29,38],"current_hp_per_floor":[63,63,68,61,61,61,61,61,61,61,61,61,61,61,61,47,68,68,57,57,50,50,50,42,42,42,42,64,64,46,28,50,13,60,57,55,55,55,55,55,55,42,42,42,34,46,59,45,66,0],"gold":124,"neow_bonus":"THREE_CARDS","is_prod":false,"is_daily":false,"chose_seed":false,"campfire_upgraded":6,"win_rate":0,"timestamp":1559083134,"path_taken":["M","?","?","?","?","R","$","R","T","?","M","R","M","M","R","BOSS","M","M","$","?","?","R","M","M","T","?","R","?","?","E","R","BOSS","M","?","M","$","?","?","R","M","T","?","M","?","E","M","R","BOSS"],"build_version":"2019-01-23","purchased_purges":3,"victory":false,"max_hp_per_floor":[70,70,75,75,75,75,75,75,75,75,75,75,75,75,75,75,75,75,75,75,75,75,75,75,75,75,75,75,75,75,75,75,75,75,75,75,75,75,75,71,71,71,71,71,71,71,71,71,71,71],"card_choices":[{"not_picked":["Blade Dance","Infinite Blades"],"picked":"Poisoned Stab","floor":0.0},{"not_picked":["Sucker Punch","Blade Dance"],"picked":"Backflip","floor":1.0},{"not_picked":["Flechettes","Dagger Throw","Eviscerate"],"picked":"SKIP","floor":11.0},{"not_picked":["Terror","Noxious Fumes"],"picked":"Poisoned Stab","floor":13.0},{"not_picked":["Acrobatics","Dagger Throw","Dagger Spray"],"picked":"SKIP","floor":14.0},{"not_picked":["Unload","Tools of the Trade"],"picked":"Corpse Explosion","floor":16.0},{"not_picked":["Infinite Blades+1","Poisoned Stab","Blade Dance+1"],"picked":"SKIP","floor":18.0},{"not_picked":["Outmaneuver","Deflect","Dagger Throw+1"],"picked":"SKIP","floor":19.0},{"not_picked":["Acrobatics","Noxious Fumes","Skewer"],"picked":"SKIP","floor":24.0},{"not_picked":["Skewer","Acrobatics+1","Flying Knee+1"],"picked":"SKIP","floor":25.0},{"not_picked":["Heel Hook","Endless Agony"],"picked":"Catalyst","floor":30.0},{"not_picked":["Wraith Form v2","Terror+1","Calculated Gamble+1"],"picked":"SKIP","floor":31.0},{"not_picked":["Outmaneuver+1"],"picked":"SKIP","floor":35.0},{"not_picked":[],"picked":"Deadly Poison","floor":37.0},{"not_picked":["Riddle With Holes"],"picked":"SKIP","floor":42.0},{"not_picked":["Cloak And Dagger"],"picked":"SKIP","floor":45.0},{"not_picked":["Well Laid Plans"],"picked":"SKIP","floor":46.0},{"not_picked":["Underhanded Strike"],"picked":"SKIP","floor":47.0},{"not_picked":["Eviscerate"],"picked":"SKIP","floor":48.0}],"player_experience":422471,"relics_obtained":[{"floor":2.0,"key":"Ninja Scroll"},{"floor":9.0,"key":"Tingsha"},{"floor":21.0,"key":"Girya"},{"floor":21.0,"key":"Meat on the Bone"},{"floor":22.0,"key":"Bottled Lightning"},{"floor":26.0,"key":"Letter Opener"},{"floor":31.0,"key":"Sundial"},{"floor":36.0,"key":"Peace Pipe"},{"floor":43.0,"key":"Shuriken"},{"floor":47.0,"key":"MawBank"}],"event_choices":[{"damage_healed":0.0,"max_hp_gain":5.0,"max_hp_loss":0.0,"gold_gain":0.0,"event_name":"Big Fish","player_choice":"Donut","floor":3.0,"gold_loss":0.0,"damage_taken":0.0},{"cards_removed":["Strike_G"],"damage_healed":0.0,"max_hp_gain":0.0,"max_hp_loss":0.0,"gold_gain":0.0,"event_name":"Golden Wing","player_choice":"Card Removal","floor":4.0,"gold_loss":0.0,"damage_taken":7.0},{"damage_healed":0.0,"max_hp_gain":0.0,"max_hp_loss":0.0,"gold_gain":175.0,"event_name":"Liars Game","player_choice":"AGREE","floor":5.0,"gold_loss":0.0,"damage_taken":0.0,"cards_obtained":["Doubt"]},{"damage_healed":0.0,"max_hp_gain":0.0,"max_hp_loss":0.0,"gold_gain":0.0,"event_name":"Colosseum","player_choice":"Fight","floor":21.0,"gold_loss":0.0,"damage_taken":0.0},{"damage_healed":0.0,"max_hp_gain":0.0,"max_hp_loss":0.0,"gold_gain":0.0,"event_name":"Colosseum","player_choice":"Fought Nobs","floor":21.0,"gold_loss":0.0,"damage_taken":0.0},{"cards_removed":["Survivor"],"damage_healed":0.0,"max_hp_gain":0.0,"max_hp_loss":0.0,"gold_gain":0.0,"event_name":"Beggar","player_choice":"Gave Gold","floor":27.0,"gold_loss":75.0,"damage_taken":0.0},{"damage_healed":0.0,"max_hp_gain":0.0,"max_hp_loss":0.0,"gold_gain":0.0,"event_name":"Mysterious Sphere","player_choice":"Fight","floor":36.0,"gold_loss":0.0,"damage_taken":0.0},{"damage_healed":0.0,"max_hp_gain":0.0,"max_hp_loss":0.0,"gold_gain":0.0,"event_name":"Tomb of Lord Red Mask","player_choice":"Paid","floor":39.0,"gold_loss":139.0,"damage_taken":0.0,"relics_obtained":["Red Mask"]},{"damage_healed":0.0,"max_hp_gain":0.0,"max_hp_loss":4.0,"gold_gain":0.0,"event_name":"Winding Halls","player_choice":"Max HP","floor":40.0,"gold_loss":0.0,"damage_taken":0.0},{"damage_healed":0.0,"max_hp_gain":0.0,"max_hp_loss":0.0,"gold_gain":0.0,"event_name":"SensoryStone","player_choice":"Memory 1","floor":44.0,"gold_loss":0.0,"damage_taken":0.0}],"is_beta":false,"boss_relics":[{"not_picked":["Velvet Choker","Philosopher\u0027s Stone"],"picked":"Pandora\u0027s Box"},{"not_picked":["Eternal Feather","Lizard Tail"],"picked":"Busted Crown"}],"items_purged_floors":[7,10,38],"is_endless":false,"potions_floor_spawned":[11,16,19,21,25,30,31,35,46,47],"killed_by":"Awakened One","ascension_level":9}