{"gold_per_floor":[119,119,136,136,37,37,56,96,96,136,55,5,43,57,57,188,188,207,257,272,90,90,90,90,65,65,65,83,106,106,140,140,259,259,283,283,308,308,333,373,391,410,410,410,19,19],"floor_reached":46,"playtime":1765,"items_purged":["Injury","Strike_G"],"score":633,"play_id":"2244510b-375f-4b19-9c62-37e9e31c1f3e","local_time":"20190323204026","is_ascension_mode":true,"campfire_choices":[{"floor":6,"key":"REST"},{"floor":15,"key":"REST"},{"data":"Noxious Fumes","floor":23,"key":"SMITH"},{"data":"Neutralize","floor":32,"key":"SMITH"},{"data":"Catalyst","floor":44,"key":"SMITH"}],"neow_cost":"NONE","seed_source_timestamp":216222063038324,"circlet_count":0,"master_deck":["Defend_G","Defend_G","Defend_G","Defend_G","Defend_G","Strike_G","Strike_G","Strike_G","Strike_G+1","Survivor","Neutralize+1","Deadly Poison+1","Bouncing Flask","Cloak And Dagger","Backstab","PiercingWail","Catalyst+1","Noxious Fumes+1","Bane","Burst","Leg Sweep","PiercingWail","Panache","Deadly Poison","Footwork+1","Cloak And Dagger+1","Unload","Poisoned Stab","Dash"],"relics":["Ring of the Snake","Golden Idol","Mercury Hourglass","Mummified Hand","Strawberry","Torii","Coffee Dripper","MutagenicStrength","Peace Pipe","Singing Bowl","Bottled Flame","Lizard Tail","Regal Pillow","Sundial","Meat on the Bone","StoneCalendar"],"potions_floor_usage":[16,16,37,39],"damage_taken":[{"damage":0,"enemies":"Small Slimes","floor":1,"turns":3},{"damage":7,"enemies":"2 Louse","floor":3,"turns":3},{"damage":0,"enemies":"Jaw Worm","floor":7,"turns":3},{"damage":17,"enemies":"Gremlin Nob","floor":8,"turns":4},{"damage":15,"enemies":"3 Sentries","floor":10,"turns":7},{"damage":33,"enemies":"Gremlin Nob","floor":13,"turns":4},{"damage":1,"enemies":"3 Louse","floor":14,"turns":3},{"damage":12,"enemies":"Hexaghost","floor":16,"turns":5},{"damage":1,"enemies":"2 Thieves","floor":18,"turns":4},{"damage":7,"enemies":"Chosen","floor":20,"turns":4},{"damage":1,"enemies":"Colosseum Slavers","floor":24,"turns":3},{"damage":0,"enemies":"3 Cultists","floor":28,"turns":3},{"damage":1,"enemies":"Snecko","floor":29,"turns":4},{"damage":18,"enemies":"Gremlin Leader","floor":31,"turns":6},{"damage":36,"enemies":"Automaton","floor":33,"turns":12},{"damage":0,"enemies":"3 Shapes","floor":35,"turns":4},{"damage":1,"enemies":"3 Darklings","floor":37,"turns":7},{"damage":40,"enemies":"Transient","floor":39,"turns":5},{"damage":49,"enemies":"Nemesis","floor":40,"turns":7},{"damage":21,"enemies":"Jaw Worm Horde","floor":41,"turns":5},{"damage":22,"enemies":"Writhing Mass","floor":42,"turns":5},{"damage":18,"enemies":"3 Darklings","floor":46,"turns":2}],"seed_played":"-7473370448648946033","potions_obtained":[{"floor":8,"key":"LiquidBronze"},{"floor":14,"key":"SkillPotion"},{"floor":28,"key":"Weak Potion"},{"floor":29,"key":"EssenceOfSteel"},{"floor":33,"key":"Block Potion"},{"floor":41,"key":"Poison Potion"}],"is_trial":false,"path_per_floor":["M","?","M","?","$","R","M","E","T","E","$","?","E","M","R","B",null,"M","?","M","$","?","R","?","$","T","?","M","M","T","E","R","B",null,"M","?","M","?","M","E","M","M","T","R","$","M"],"character_chosen":"THE_SILENT","items_purchased":["Cloak And Dagger","Catalyst","Panache","Deadly Poison","StoneCalendar"],"campfire_rested":2,"item_purchase_floors":[5,11,21,25,45],"current_hp_per_floor":[77,62,55,55,55,77,77,60,60,52,52,52,19,18,43,31,84,83,83,76,76,76,76,75,75,75,75,75,74,74,58,58,22,86,88,90,89,89,51,4,34,14,14,14,14,0],"gold":19,"neow_bonus":"TEN_PERCENT_HP_BONUS","is_prod":false,"is_daily":false,"chose_seed":false,"campfire_upgraded":3,"win_rate":0,"timestamp":1553388026,"path_taken":["M","?","M","?","$","R","M","E","T","E","$","?","E","M","R","BOSS","M","?","?","$","?","R","?","?","T","?","?","?","?","E","R","BOSS","M","?","M","?","?","E","?","M","T","R","?","M"],"build_version":"2019-01-23","purchased_purges":2,"victory":false,"max_hp_per_floor":[77,77,77,77,77,77,77,77,77,84,84,84,84,84,84,84,84,84,84,84,84,84,84,84,84,84,84,84,84,84,86,86,86,86,88,90,90,90,92,94,94,96,96,96,96,96],"card_choices":[{"not_picked":["Sucker Punch","Underhanded Strike"],"picked":"Deadly Poison","floor":1},{"not_picked":["Cloak And Dagger","Infinite Blades"],"picked":"Bouncing Flask","floor":3},{"not_picked":["Dodge and Roll","Dagger Throw"],"picked":"Backstab","floor":7},{"not_picked":["Underhanded Strike","Backflip","Dodge and Roll"],"picked":"SKIP","floor":8},{"not_picked":["Outmaneuver","Calculated Gamble"],"picked":"PiercingWail","floor":10},{"not_picked":["Outmaneuver","All Out Attack"],"picked":"Noxious Fumes","floor":13},{"not_picked":["Cloak And Dagger","Catalyst"],"picked":"Bane","floor":14},{"not_picked":["Doppelganger","Die Die Die"],"picked":"Burst","floor":16},{"not_picked":["Outmaneuver","Skewer"],"picked":"Leg Sweep","floor":18},{"not_picked":["Dagger Spray","Prepared"],"picked":"PiercingWail","floor":20},{"not_picked":["Flying Knee","Masterful Stab"],"picked":"Footwork+1","floor":28},{"not_picked":["Skewer","Slice"],"picked":"Cloak And Dagger+1","floor":29},{"not_picked":["Backflip","Cloak And Dagger","Night Terror"],"picked":"Singing Bowl","floor":31},{"not_picked":["A Thousand Cuts","Envenom"],"picked":"Unload","floor":33},{"not_picked":["Tactician","Underhanded Strike","Dagger Throw+1"],"picked":"Singing Bowl","floor":35},{"not_picked":["Dramatic Entrance","Enlightenment","Impatience"],"picked":"Singing Bowl","floor":36},{"not_picked":["Dodge and Roll","PiercingWail+1"],"picked":"Poisoned Stab","floor":37},{"not_picked":["Cloak And Dagger","Underhanded Strike","Flying Knee+1"],"picked":"Singing Bowl","floor":39},{"not_picked":["Quick Slash+1","Setup","Dagger Spray+1"],"picked":"Singing Bowl","floor":40},{"not_picked":["Dodge and Roll+1","Outmaneuver"],"picked":"Dash","floor":41},{"not_picked":["Blade Dance","Dodge and Roll+1","Dagger Throw+1"],"picked":"Singing Bowl","floor":42}],"player_experience":272715,"relics_obtained":[{"floor":8,"key":"Mercury Hourglass"},{"floor":9,"key":"Mummified Hand"},{"floor":10,"key":"Strawberry"},{"floor":13,"key":"Torii"},{"floor":26,"key":"Peace Pipe"},{"floor":30,"key":"Singing Bowl"},{"floor":31,"key":"Bottled Flame"},{"floor":40,"key":"Sundial"},{"floor":43,"key":"Meat on the Bone"}],"event_choices":[{"damage_healed":0,"gold_gain":0,"player_choice":"Entered Light","damage_taken":15,"max_hp_gain":0,"max_hp_loss":0,"event_name":"Shining Light","floor":2,"gold_loss":0,"cards_upgraded":["Deadly Poison","Strike_G"]},{"damage_healed":0,"gold_gain":0,"player_choice":"Take Wound","damage_taken":0,"relics_obtained":["Golden Idol"],"max_hp_gain":0,"max_hp_loss":0,"event_name":"Golden Idol","floor":4,"gold_loss":0,"cards_obtained":["Injury"]},{"damage_healed":0,"gold_gain":0,"player_choice":"Left Gold","damage_taken":0,"max_hp_gain":0,"max_hp_loss":0,"event_name":"World of Goop","floor":12,"gold_loss":50},{"damage_healed":0,"gold_gain":100,"player_choice":"Bet on Murderer","damage_taken":0,"max_hp_gain":0,"max_hp_loss":0,"event_name":"The Joust","floor":19,"gold_loss":50},{"damage_healed":0,"gold_gain":0,"player_choice":"Inject Mutagens","damage_taken":0,"relics_obtained":["MutagenicStrength"],"max_hp_gain":0,"max_hp_loss":0,"event_name":"Drug Dealer","floor":22,"gold_loss":0},{"damage_healed":0,"gold_gain":0,"player_choice":"Fight","damage_taken":0,"max_hp_gain":0,"max_hp_loss":0,"event_name":"Colosseum","floor":24,"gold_loss":0},{"damage_healed":0,"gold_gain":0,"player_choice":"Fled From Nobs","damage_taken":0,"max_hp_gain":0,"max_hp_loss":0,"event_name":"Colosseum","floor":24,"gold_loss":0},{"damage_healed":0,"gold_gain":0,"player_choice":"Ignored","damage_taken":0,"max_hp_gain":0,"max_hp_loss":0,"event_name":"Beggar","floor":27,"gold_loss":0},{"damage_healed":0,"gold_gain":0,"player_choice":"Memory 1","damage_taken":0,"max_hp_gain":0,"max_hp_loss":0,"event_name":"SensoryStone","floor":36,"gold_loss":0},{"damage_healed":0,"gold_gain":0,"player_choice":"Gave Potion","damage_taken":0,"relics_obtained":["Regal Pillow"],"max_hp_gain":0,"max_hp_loss":0,"event_name":"WeMeetAgain","floor":38,"gold_loss":0}],"is_beta":false,"boss_relics":[{"not_picked":["Runic Pyramid","Empty Cage"],"picked":"Coffee Dripper"},{"not_picked":["Astrolabe","Tiny House"],"picked":"Lizard Tail"}],"items_purged_floors":[5,45],"is_endless":false,"potions_floor_spawned":[8,14,28,29,33,41],"killed_by":"3 Darklings","ascension_level":4}