{"gold_per_floor":[115,130,147,147,222,222,237,237,237,277,295,316,66,87,87,215,215,199,174,194,194,213,245,245,31,57,57,74,103,3,18,18,121,121,135,150,150,150,250,250,250,250,273,273,11,11,11,25,25,25],"floor_reached":50,"playtime":3882,"items_purged":["Strike_G","Decay","Regret"],"score":790,"play_id":"067037c7-5a82-4fbf-9fec-32a31f176667","local_time":"20181113182742","is_ascension_mode":true,"campfire_choices":[{"floor":6.0,"key":"REST"},{"floor":15.0,"key":"REST"},{"floor":24.0,"key":"REST"},{"floor":32.0,"key":"REST"},{"floor":41,"key":"REST"},{"floor":46,"key":"REST"},{"floor":49,"key":"REST"}],"neow_cost":"NONE","seed_source_timestamp":259243842744095,"circlet_count":0,"master_deck":["Defend_G","Defend_G","Defend_G","Defend_G","Defend_G","Strike_G+1","Strike_G","Strike_G","Strike_G+1","Survivor","Neutralize","Leg Sweep","Backstab","Terror","Blur","Caltrops+1","Dash","Quick Slash","Bandage Up","Caltrops+1","Dagger Spray","A Thousand Cuts+1","Noxious Fumes+1","Cloak And Dagger","Blade Dance+1","PiercingWail","Accuracy+1","Noxious Fumes+1","Blade Dance","Enlightenment","Writhe","Masterful Stab+1","Cloak And Dagger","Footwork+1","Corpse Explosion","Caltrops+1","Blade Dance+1","Parasite","Trip","Envenom+1"],"special_seed":0,"relics":["Ring of the Snake","Whetstone","Bloody Idol","Strawberry","Frozen Egg 2","Cursed Key","Bottled Lightning","Bag of Marbles","Vajra","Mango","Busted Crown","Unceasing Top","Letter Opener","Omamori"],"potions_floor_usage":[33,33,40,40,50],"damage_taken":[{"damage":1.0,"enemies":"Jaw Worm","floor":1.0,"turns":5.0},{"damage":0.0,"enemies":"Small Slimes","floor":2.0,"turns":3.0},{"damage":0.0,"enemies":"Cultist","floor":3.0,"turns":3.0},{"damage":6.0,"enemies":"2 Fungi Beasts","floor":7.0,"turns":4.0},{"damage":17.0,"enemies":"Lagavulin","floor":10.0,"turns":9.0},{"damage":0.0,"enemies":"3 Louse","floor":11.0,"turns":4.0},{"damage":2.0,"enemies":"Exordium Wildlife","floor":12.0,"turns":6.0},{"damage":0.0,"enemies":"2 Fungi Beasts","floor":14.0,"turns":4.0},{"damage":25.0,"enemies":"The Guardian","floor":16.0,"turns":11.0},{"damage":14.0,"enemies":"2 Thieves","floor":18.0,"turns":5.0},{"damage":8.0,"enemies":"Chosen","floor":20.0,"turns":5.0},{"damage":8.0,"enemies":"Centurion and Healer","floor":22.0,"turns":7.0},{"damage":19.0,"enemies":"Book of Stabbing","floor":23.0,"turns":5.0},{"damage":11.0,"enemies":"3 Cultists","floor":28.0,"turns":4.0},{"damage":56.0,"enemies":"Gremlin Leader","floor":29.0,"turns":6.0},{"damage":4.0,"enemies":"Cultist and Chosen","floor":31.0,"turns":6.0},{"damage":73,"enemies":"Automaton","floor":33,"turns":11},{"damage":11,"enemies":"Orb Walker","floor":35,"turns":3},{"damage":15,"enemies":"3 Darklings","floor":36,"turns":2},{"damage":13,"enemies":"Mind Bloom Boss Battle","floor":39,"turns":7},{"damage":25,"enemies":"Giant Head","floor":40,"turns":8},{"damage":30,"enemies":"Maw","floor":48,"turns":7},{"damage":93,"enemies":"Time Eater","floor":50,"turns":6}],"seed_played":"-6188937098419751940","potions_obtained":[{"floor":2.0,"key":"Weak Potion"},{"floor":10.0,"key":"SmokeBomb"},{"floor":11.0,"key":"FearPotion"},{"floor":23.0,"key":"Energy Potion"},{"floor":33,"key":"SpeedPotion"},{"floor":35,"key":"GamblersBrew"},{"floor":39,"key":"Block Potion"},{"floor":48,"key":"Weak Potion"}],"is_trial":false,"path_per_floor":["M","M","M","?","?","R","M","?","T","E","M","M","$","M","R","B",null,"M","$","M","?","M","E","R","$","T","?","M","E","$","M","R","B",null,"M","M","?","?","?","E","R","T","T","?","$","R","$","M","R","B"],"character_chosen":"THE_SILENT","items_purchased":["Bandage Up","Caltrops+1","Cloak And Dagger","Noxious Fumes+1","Blade Dance","Enlightenment","Envenom+1"],"campfire_rested":7,"item_purchase_floors":[13,13,19,25,25,25,45],"current_hp_per_floor":[62,62,62,62,51,70,64,64,71,54,54,52,52,56,77,56,72,62,62,58,58,59,49,72,72,77,77,75,40,40,45,72,8,70,68,58,58,58,54,33,58,58,63,63,63,86,86,61,86,0],"gold":25,"neow_bonus":"RANDOM_COMMON_RELIC","is_prod":false,"is_daily":false,"chose_seed":false,"campfire_upgraded":0,"win_rate":0,"timestamp":1542133662,"path_taken":["M","M","M","?","?","R","M","?","T","E","M","M","$","M","R","BOSS","M","$","M","?","M","E","R","$","T","?","M","E","$","M","R","BOSS","M","M","?","?","?","E","R","?","T","?","$","R","$","?","R","BOSS"],"build_version":"2018-11-08","purchased_purges":3,"victory":false,"max_hp_per_floor":[70,70,70,70,70,70,70,70,77,77,77,77,77,77,77,77,77,77,77,77,77,77,77,77,77,77,77,77,91,91,91,91,91,91,91,91,91,86,86,86,86,86,86,86,86,86,86,86,86,86],"card_choices":[{"not_picked":["Poisoned Stab","Escape Plan"],"picked":"Leg Sweep","floor":1.0},{"not_picked":["Dagger Throw","Slice"],"picked":"Backstab","floor":2.0},{"not_picked":["Deadly Poison","Poisoned Stab"],"picked":"Terror","floor":3.0},{"not_picked":["Bane","Choke"],"picked":"Blur","floor":7.0},{"not_picked":["Escape Plan","Outmaneuver"],"picked":"Caltrops","floor":10.0},{"not_picked":["Dagger Throw","Wraith Form v2+1"],"picked":"Dash","floor":11.0},{"not_picked":["Bane","Dagger Throw"],"picked":"Quick Slash","floor":12.0},{"not_picked":["Poisoned Stab","Flying Knee"],"picked":"Dagger Spray","floor":14.0},{"not_picked":["Corpse Explosion","Burst"],"picked":"A Thousand Cuts+1","floor":16.0},{"not_picked":["Flying Knee","Terror"],"picked":"Noxious Fumes+1","floor":18.0},{"not_picked":["Prepared","PiercingWail+1"],"picked":"Blade Dance+1","floor":20.0},{"not_picked":["Deadly Poison","Flechettes"],"picked":"PiercingWail","floor":22.0},{"not_picked":["Poisoned Stab","Acrobatics"],"picked":"Accuracy+1","floor":23.0},{"not_picked":["Dagger Spray","Acrobatics+1"],"picked":"Masterful Stab+1","floor":28.0},{"not_picked":["Grand Finale","All Out Attack"],"picked":"Cloak And Dagger","floor":29.0},{"not_picked":["Dodge and Roll","Slice"],"picked":"Footwork+1","floor":31.0},{"not_picked":["Tools of the Trade+1","Wraith Form v2+1"],"picked":"Corpse Explosion","floor":33},{"not_picked":[],"picked":"Caltrops+1","floor":35},{"not_picked":[],"picked":"Blade Dance+1","floor":36},{"not_picked":[],"picked":"Trip","floor":44},{"not_picked":["Deadly Poison+1"],"picked":"SKIP","floor":48}],"player_experience":822685,"relics_obtained":[{"floor":9.0,"key":"Strawberry"},{"floor":10.0,"key":"Frozen Egg 2"},{"floor":23.0,"key":"Bottled Lightning"},{"floor":26.0,"key":"Bag of Marbles"},{"floor":29.0,"key":"Mango"},{"floor":39,"key":"Unceasing Top"},{"floor":42,"key":"Letter Opener"},{"floor":43,"key":"Omamori"}],"event_choices":[{"damage_healed":0.0,"max_hp_gain":0.0,"max_hp_loss":0.0,"gold_gain":0.0,"event_name":"Golden Idol","player_choice":"Take Wound","floor":4.0,"gold_loss":0.0,"damage_taken":0.0,"relics_obtained":["Golden Idol"],"cards_obtained":["Injury"]},{"damage_healed":0.0,"max_hp_gain":0.0,"max_hp_loss":0.0,"gold_gain":75.0,"event_name":"World of Goop","player_choice":"Gather Gold","floor":5.0,"gold_loss":0.0,"damage_taken":11.0},{"cards_removed":["Injury"],"damage_healed":0.0,"max_hp_gain":0.0,"max_hp_loss":0.0,"gold_gain":0.0,"event_name":"Fountain of Cleansing","player_choice":"Removed Curses","floor":8.0,"gold_loss":0.0,"damage_taken":0.0},{"damage_healed":0.0,"max_hp_gain":0.0,"max_hp_loss":0.0,"gold_gain":0.0,"event_name":"Forgotten Altar","player_choice":"Gave Idol","floor":21.0,"relics_lost":["Golden Idol"],"gold_loss":0.0,"damage_taken":0.0,"relics_obtained":["Bloody Idol"]},{"damage_healed":0.0,"max_hp_gain":0.0,"max_hp_loss":0.0,"gold_gain":0.0,"event_name":"The Mausoleum","player_choice":"Opened","floor":27.0,"gold_loss":0.0,"damage_taken":0.0,"relics_obtained":["Vajra"],"cards_obtained":["Writhe"]},{"damage_healed":0,"gold_gain":0,"player_choice":"Ignored","damage_taken":0,"max_hp_gain":0,"max_hp_loss":0,"event_name":"Mysterious Sphere","floor":37,"gold_loss":0},{"damage_healed":0,"gold_gain":0,"player_choice":"Max HP","damage_taken":0,"max_hp_gain":0,"max_hp_loss":5,"event_name":"Winding Halls","floor":38,"gold_loss":0},{"damage_healed":0,"gold_gain":0,"player_choice":"Fight","damage_taken":0,"max_hp_gain":0,"max_hp_loss":0,"event_name":"MindBloom","floor":39,"gold_loss":0},{"damage_healed":0,"gold_gain":0,"player_choice":"Memory 1","damage_taken":0,"max_hp_gain":0,"max_hp_loss":0,"event_name":"SensoryStone","floor":44,"gold_loss":0}],"is_beta":false,"boss_relics":[{"not_picked":["Astrolabe","Lizard Tail"],"picked":"Cursed Key"},{"not_picked":["Runic Pyramid","Runic Dome"],"picked":"Busted Crown"}],"items_purged_floors":[13,30,45],"is_endless":false,"potions_floor_spawned":[2,10,11,12,16,18,23,33,35,39,48],"killed_by":"Time Eater","ascension_level":9}