{"gold_per_floor":[115,80,98,113,113,147,147,175,244,254,264,281,293,310,310,415,415,425,101,51,67,77,77,108,23,35,23,23,23,23,37,37,37],"floor_reached":33,"playtime":2986,"items_purged":[],"score":405,"play_id":"dabc039e-9db3-4017-b21f-758b89e3a125","local_time":"20181111001622","is_ascension_mode":true,"campfire_choices":[{"floor":7,"key":"REST"},{"floor":15,"key":"REST"},{"floor":23,"key":"REST"},{"floor":28,"key":"REST"},{"data":"A Thousand Cuts","floor":30,"key":"SMITH"},{"data":"Footwork","floor":32,"key":"SMITH"}],"neow_cost":"NONE","seed_source_timestamp":90391869961305,"circlet_count":0,"master_deck":["Defend_G","Defend_G","Defend_G+1","Defend_G","Defend_G","Strike_G","Strike_G","Strike_G","Strike_G","Strike_G","Survivor+1","Neutralize+1","Quick Slash","Footwork+1","Cloak And Dagger","Poisoned Stab","Backflip","Backstab","Dagger Spray","Flying Knee","Blade Dance","Blade Dance","A Thousand Cuts+1","Infinite Blades","Deflect","Deflect","Distraction+1","Endless Agony","Slice","Calculated Gamble"],"relics":["Ring of the Snake","War Paint","Unceasing Top","PreservedInsect","Mummified Hand","Lizard Tail","TwistedFunnel","Bottled Tornado","MawBank","Sundial"],"potions_floor_usage":[6,11,16,16,18,24,33,33],"damage_taken":[{"damage":0,"enemies":"Small Slimes","floor":1,"turns":3},{"damage":5,"enemies":"Cultist","floor":3,"turns":5},{"damage":0,"enemies":"Jaw Worm","floor":4,"turns":4},{"damage":24,"enemies":"Gremlin Nob","floor":6,"turns":6},{"damage":11,"enemies":"Lagavulin","floor":8,"turns":9},{"damage":1,"enemies":"3 Louse","floor":10,"turns":4},{"damage":1,"enemies":"2 Fungi Beasts","floor":11,"turns":3},{"damage":0,"enemies":"Lots of Slimes","floor":12,"turns":3},{"damage":0,"enemies":"Looter","floor":13,"turns":3},{"damage":0,"enemies":"2 Fungi Beasts","floor":14,"turns":3},{"damage":53,"enemies":"Hexaghost","floor":16,"turns":13},{"damage":37,"enemies":"2 Thieves","floor":18,"turns":4},{"damage":2,"enemies":"Chosen","floor":21,"turns":5},{"damage":25,"enemies":"Sentry and Sphere","floor":22,"turns":7},{"damage":2,"enemies":"Book of Stabbing","floor":24,"turns":6},{"damage":2,"enemies":"Snecko","floor":31,"turns":5},{"damage":81,"enemies":"Champ","floor":33,"turns":14}],"seed_played":"-8731496549794318033","potions_obtained":[{"floor":4,"key":"GhostInAJar"},{"floor":8,"key":"Energy Potion"},{"floor":11,"key":"Swift Potion"},{"floor":13,"key":"GhostInAJar"},{"floor":14,"key":"Poison Potion"},{"floor":22,"key":"SkillPotion"},{"floor":24,"key":"FearPotion"},{"floor":31,"key":"FearPotion"}],"is_trial":false,"path_per_floor":["M","?","M","M","?","E","R","E","T","M","M","M","M","M","R","B",null,"M","$","?","M","M","R","E","?","T","$","R","?","R","M","R","B"],"character_chosen":"THE_SILENT","items_purchased":["TwistedFunnel","Infinite Blades","Deflect","Slice"],"campfire_rested":4,"item_purchase_floors":[19,19,19,27],"current_hp_per_floor":[63,70,65,65,65,41,62,51,51,50,49,49,49,49,70,17,57,20,20,20,18,35,56,54,54,54,54,70,70,70,68,68,0],"gold":37,"neow_bonus":"RANDOM_COMMON_RELIC","is_prod":false,"is_daily":false,"chose_seed":false,"campfire_upgraded":2,"win_rate":0,"timestamp":1541895382,"path_taken":["M","?","M","M","?","E","R","E","T","M","M","M","M","M","R","BOSS","M","$","?","M","?","R","E","?","T","$","R","?","R","M","R","BOSS"],"build_version":"2018-11-08","purchased_purges":0,"victory":false,"max_hp_per_floor":[70,70,70,70,70,70,70,70,70,70,70,70,70,70,70,70,70,70,70,70,70,70,70,70,70,70,70,70,70,70,70,70,70],"card_choices":[{"not_picked":["Bane","Endless Agony"],"picked":"Quick Slash","floor":1},{"not_picked":["Flying Knee","Caltrops"],"picked":"Footwork","floor":3},{"not_picked":["Bane","Riddle With Holes"],"picked":"Cloak And Dagger","floor":4},{"not_picked":["Sucker Punch","Underhanded Strike"],"picked":"Poisoned Stab","floor":6},{"not_picked":["Quick Slash","Choke"],"picked":"Backflip","floor":8},{"not_picked":["Backflip","Bane"],"picked":"Backstab","floor":10},{"not_picked":["Expertise","Skewer"],"picked":"Dagger Spray","floor":11},{"not_picked":["Dagger Spray","Outmaneuver"],"picked":"Flying Knee","floor":12},{"not_picked":["Blur","Deadly Poison"],"picked":"Blade Dance","floor":13},{"not_picked":["Heel Hook","Setup"],"picked":"Blade Dance","floor":14},{"not_picked":["Tools of the Trade","Bullet Time"],"picked":"A Thousand Cuts","floor":16},{"not_picked":["Underhanded Strike+1","Dagger Spray+1","Backflip"],"picked":"SKIP","floor":18},{"not_picked":["Sucker Punch","Skewer"],"picked":"Deflect","floor":21},{"not_picked":["Outmaneuver","Quick Slash"],"picked":"Distraction+1","floor":22},{"not_picked":["Setup","Flying Knee"],"picked":"Endless Agony","floor":24},{"not_picked":["Sucker Punch","Backflip"],"picked":"Calculated Gamble","floor":31}],"player_experience":811186,"relics_obtained":[{"floor":6,"key":"Unceasing Top"},{"floor":8,"key":"PreservedInsect"},{"floor":9,"key":"Mummified Hand"},{"floor":24,"key":"Bottled Tornado"},{"floor":26,"key":"Sundial"}],"event_choices":[{"damage_healed":17,"gold_gain":0,"player_choice":"Healed","damage_taken":0,"max_hp_gain":0,"max_hp_loss":0,"event_name":"The Cleric","floor":2,"gold_loss":35},{"damage_healed":0,"gold_gain":0,"player_choice":"Forge","damage_taken":0,"max_hp_gain":0,"max_hp_loss":0,"event_name":"Accursed Blacksmith","floor":5,"gold_loss":0,"cards_upgraded":["Neutralize"]},{"damage_healed":0,"gold_gain":0,"player_choice":"Bet on Owner","damage_taken":0,"max_hp_gain":0,"max_hp_loss":0,"event_name":"The Joust","floor":20,"gold_loss":50},{"damage_healed":0,"gold_gain":0,"player_choice":"Obtained Relic","damage_taken":0,"relics_obtained":["MawBank"],"max_hp_gain":0,"max_hp_loss":0,"event_name":"Addict","floor":25,"gold_loss":85},{"damage_healed":0,"gold_gain":0,"player_choice":"Ignored","damage_taken":0,"max_hp_gain":0,"max_hp_loss":0,"event_name":"Beggar","floor":29,"gold_loss":0}],"is_beta":false,"boss_relics":[{"not_picked":["Eternal Feather","Cursed Key"],"picked":"Lizard Tail"}],"items_purged_floors":[],"is_endless":false,"potions_floor_spawned":[4,8,11,13,14,22,24,31],"killed_by":"Champ","ascension_level":9}