{"gold_per_floor":[118,68,68,87,12,12,24,24,24,47,63,28,40,67,67,170,170,183,195,195],"floor_reached":20,"playtime":818,"items_purged":["Defend_G"],"score":235,"play_id":"4339fc0b-5229-4ab3-a29b-af241ebe5eb7","local_time":"20190219035600","is_ascension_mode":true,"campfire_choices":[{"data":"Deadly Poison","floor":6,"key":"SMITH"},{"data":"Neutralize","floor":8,"key":"SMITH"},{"data":"Noxious Fumes","floor":15,"key":"SMITH"}],"neow_cost":"NONE","seed_source_timestamp":109326180638300,"circlet_count":0,"master_deck":["Defend_G","Defend_G","Defend_G","Defend_G","Strike_G","Strike_G","Strike_G","Survivor","Neutralize+1","Deadly Poison+1","Deadly Poison","Bouncing Flask","Noxious Fumes","Noxious Fumes+1","Deadly Poison","Crippling Poison"],"relics":["Ring of the Serpent","Regal Pillow","Odd Mushroom","Orichalcum"],"potions_floor_usage":[10,16,16,19],"damage_taken":[{"damage":1,"enemies":"2 Louse","floor":1,"turns":4},{"damage":0,"enemies":"Small Slimes","floor":4,"turns":4},{"damage":0,"enemies":"Jaw Worm","floor":7,"turns":3},{"damage":7,"enemies":"The Mushroom Lair","floor":10,"turns":4},{"damage":0,"enemies":"Red Slaver","floor":11,"turns":3},{"damage":8,"enemies":"Exordium Thugs","floor":13,"turns":4},{"damage":0,"enemies":"Hexaghost","floor":16,"turns":7},{"damage":3,"enemies":"Chosen","floor":18,"turns":4},{"damage":46,"enemies":"2 Thieves","floor":19,"turns":4},{"damage":23,"enemies":"Snake Plant","floor":20,"turns":2}],"seed_played":"2680995942751925311","potions_obtained":[{"floor":1,"key":"Poison Potion"},{"floor":7,"key":"Explosive Potion"},{"floor":10,"key":"Block Potion"},{"floor":13,"key":"SkillPotion"},{"floor":18,"key":"PowerPotion"}],"is_trial":false,"path_per_floor":["M","?","?","M","$","R","M","R","T","?","M","$","M","T","R","B",null,"M","M","M"],"character_chosen":"THE_SILENT","items_purchased":["Noxious Fumes"],"campfire_rested":0,"item_purchase_floors":[12],"current_hp_per_floor":[69,69,69,69,69,69,69,69,69,62,62,62,54,54,54,54,70,67,21,0],"gold":195,"neow_bonus":"REMOVE_CARD","is_prod":false,"is_daily":false,"chose_seed":false,"campfire_upgraded":3,"win_rate":0,"timestamp":1550577360,"path_taken":["M","?","?","M","$","R","M","R","T","?","?","?","M","?","R","BOSS","M","M","M"],"build_version":"2019-01-23","purchased_purges":1,"victory":false,"max_hp_per_floor":[70,70,70,70,70,70,70,70,70,70,70,70,70,70,70,70,70,70,70,70],"card_choices":[{"not_picked":["All Out Attack","Backflip"],"picked":"Deadly Poison","floor":1},{"not_picked":["Concentrate","PiercingWail","Flechettes"],"picked":"SKIP","floor":4},{"not_picked":["Sucker Punch","Predator","Flying Knee"],"picked":"SKIP","floor":7},{"not_picked":["Slice","Cloak And Dagger"],"picked":"Deadly Poison","floor":10},{"not_picked":["Outmaneuver","Well Laid Plans"],"picked":"Bouncing Flask","floor":11},{"not_picked":["Backflip","Caltrops"],"picked":"Noxious Fumes","floor":13},{"not_picked":["Underhanded Strike","Predator"],"picked":"Deadly Poison","floor":18},{"not_picked":["Flying Knee+1","Blade Dance"],"picked":"Crippling Poison","floor":19}],"player_experience":209653,"relics_obtained":[{"floor":9,"key":"Regal Pillow"},{"floor":10,"key":"Odd Mushroom"},{"floor":14,"key":"Orichalcum"}],"event_choices":[{"cards_removed":["Strike_G"],"damage_healed":0,"gold_gain":0,"player_choice":"Card Removal","damage_taken":0,"max_hp_gain":0,"max_hp_loss":0,"event_name":"The Cleric","floor":2,"gold_loss":50},{"damage_healed":0,"gold_gain":0,"player_choice":"Ignored","damage_taken":0,"max_hp_gain":0,"max_hp_loss":0,"event_name":"Liars Game","floor":3,"gold_loss":0},{"damage_healed":0,"gold_gain":0,"player_choice":"Fought Mushrooms","damage_taken":0,"max_hp_gain":0,"max_hp_loss":0,"event_name":"Mushrooms","floor":10,"gold_loss":0}],"is_beta":false,"boss_relics":[{"not_picked":["Eternal Feather","Calling Bell"],"picked":"Ring of the Serpent"}],"items_purged_floors":[5],"is_endless":false,"potions_floor_spawned":[1,7,10,13,18],"killed_by":"Snake Plant","ascension_level":2}