{"gold_per_floor":[113,63,63,73,3,36,36,70,94,111,111,74,93,11,11,112,112],"floor_reached":17,"playtime":961,"items_purged":[],"score":226,"play_id":"2538b42a-4783-4719-87d4-12773a541a93","local_time":"20180810224921","is_ascension_mode":true,"campfire_choices":[{"data":"Neutralize","floor":7,"key":"SMITH"},{"floor":11,"key":"REST"},{"floor":15,"key":"REST"}],"neow_cost":"NONE","seed_source_timestamp":15367784577746,"circlet_count":0,"master_deck":["Defend_G","Defend_G","Defend_G","Defend_G","Defend_G","Strike_G","Strike_G","Strike_G","Survivor","Neutralize+1","Skewer","Outmaneuver","Footwork","Caltrops","Backflip","Terror","Blur","Cloak And Dagger","Accuracy","Phantasmal Killer"],"relics":["Ring of the Snake","NeowsBlessing","Strawberry","Tough Bandages","Boot"],"potions_floor_usage":[8,16,16],"damage_taken":[{"damage":0,"enemies":"2 Louse","floor":1,"turns":1},{"damage":0,"enemies":"Jaw Worm","floor":4,"turns":1},{"damage":0,"enemies":"Lagavulin","floor":6,"turns":2},{"damage":27,"enemies":"Gremlin Nob","floor":8,"turns":5},{"damage":7,"enemies":"Small Slimes","floor":10,"turns":4},{"damage":10,"enemies":"Exordium Thugs","floor":13,"turns":7},{"damage":55,"enemies":"Slime Boss","floor":16,"turns":18}],"seed_played":"2480975223428977381","potions_obtained":[{"floor":1,"key":"Weak Potion"},{"floor":4,"key":"GamblersBrew"},{"floor":6,"key":"GamblersBrew"},{"floor":8,"key":"SteroidPotion"}],"is_trial":false,"path_per_floor":["M","?","?","M","$","E","R","E","T","M","R","$","M","$","R","B"],"character_chosen":"THE_SILENT","items_purchased":["Footwork","Blur","Accuracy"],"campfire_rested":2,"item_purchase_floors":[5,12,14],"current_hp_per_floor":[70,70,70,70,70,77,77,50,50,43,66,66,56,56,77,22,22],"gold":112,"neow_bonus":"THREE_ENEMY_KILL","is_prod":false,"is_daily":false,"chose_seed":false,"campfire_upgraded":1,"win_rate":0,"timestamp":1533937761,"path_taken":["M","?","?","M","$","E","R","E","T","M","R","?","M","$","R","BOSS"],"build_version":"2018-08-09","purchased_purges":0,"victory":false,"max_hp_per_floor":[70,70,70,70,70,77,77,77,77,77,77,77,77,77,77,77,77],"card_choices":[{"not_picked":["Dodge and Roll","Bane"],"picked":"Skewer","floor":1},{"not_picked":["Expertise","Reflex"],"picked":"Outmaneuver","floor":4},{"not_picked":["Heel Hook","Prepared"],"picked":"Caltrops","floor":6},{"not_picked":["All Out Attack","Heel Hook"],"picked":"Backflip","floor":8},{"not_picked":["Flying Knee","Dagger Spray"],"picked":"Terror","floor":10},{"not_picked":["Terror","Dagger Throw"],"picked":"Cloak And Dagger","floor":13},{"not_picked":["Wraith Form v2","Venomology"],"picked":"Phantasmal Killer","floor":16}],"player_experience":651355,"relics_obtained":[{"floor":6,"key":"Strawberry"},{"floor":8,"key":"Tough Bandages"},{"floor":9,"key":"Boot"}],"event_choices":[{"event_name":"The Cleric","player_choice":"Card Removal","floor":2,"damage_taken":0},{"event_name":"Purifier","player_choice":"One Purge","floor":3,"damage_taken":0}],"is_beta":false,"boss_relics":[],"items_purged_floors":[],"is_endless":false,"potions_floor_spawned":[1,4,6,8],"ascension_level":4}