{"gold_per_floor":[113,126,28,28,38,67,26,40,67,67,67,96,21,35,35,133,133,153,53,53,53,65,65,65,82,157,157],"floor_reached":27,"playtime":732,"items_purged":["Strike_B","Strike_B"],"score":339,"play_id":"f474db37-1e79-407c-a502-13c0155a6640","local_time":"20190403131046","is_ascension_mode":true,"campfire_choices":[{"data":"Zap","floor":11,"key":"SMITH"},{"data":"Zap","floor":15,"key":"SMITH"},{"data":"Dualcast","floor":23,"key":"SMITH"}],"neow_cost":"NONE","seed_source_timestamp":0,"circlet_count":0,"master_deck":["Strike_B","Strike_B","Defend_B","Defend_B","Defend_B","Defend_B","Zap+1","Dualcast+1","Sweeping Beam","Coolheaded","Flash of Steel","Zap+1","Gash","Coolheaded","Gash","Go for the Eyes","Ball Lightning+1","Leap+1"],"special_seed":0,"relics":["Cracked Core","NeowsBlessing","MawBank","Lantern","Bronze Scales","Philosopher\u0027s Stone","Enchiridion","Mercury Hourglass","MutagenicStrength","Pantograph"],"potions_floor_usage":[12,16],"damage_taken":[{"damage":0.0,"enemies":"Small Slimes","floor":1.0,"turns":1.0},{"damage":0.0,"enemies":"Cultist","floor":2.0,"turns":1.0},{"damage":0.0,"enemies":"2 Louse","floor":5.0,"turns":1.0},{"damage":39.0,"enemies":"3 Sentries","floor":6.0,"turns":6.0},{"damage":0.0,"enemies":"Large Slime","floor":8.0,"turns":4.0},{"damage":14,"enemies":"Gremlin Nob","floor":12,"turns":3},{"damage":4,"enemies":"2 Fungi Beasts","floor":14,"turns":2},{"damage":0,"enemies":"Slime Boss","floor":16,"turns":6},{"damage":4,"enemies":"Chosen","floor":18,"turns":4},{"damage":0,"enemies":"Spheric Guardian","floor":22,"turns":3},{"damage":31,"enemies":"Shelled Parasite and Fungi","floor":25,"turns":4},{"damage":19,"enemies":"Centurion and Healer","floor":27,"turns":3}],"seed_played":"4548068681182239549","potions_obtained":[{"floor":5.0,"key":"Poison Potion"},{"floor":8,"key":"GamblersBrew"},{"floor":14,"key":"AttackPotion"},{"floor":16,"key":"LiquidBronze"},{"floor":22,"key":"Dexterity Potion"},{"floor":25,"key":"FocusPotion"}],"is_trial":false,"path_per_floor":["M","M","$","?","M","E","$","M","T","?","R","E","$","M","R","B",null,"M","$","?","?","M","R","?","M","T","M"],"character_chosen":"DEFECT","items_purchased":["Flash of Steel","Gash"],"campfire_rested":0,"item_purchase_floors":[3,7],"current_hp_per_floor":[75,75,75,75,75,36,36,36,36,61,61,47,47,43,43,43,67,63,63,47,47,47,47,47,16,16,0],"gold":157,"neow_bonus":"THREE_ENEMY_KILL","is_prod":false,"is_daily":false,"chose_seed":false,"campfire_upgraded":3,"win_rate":0,"timestamp":1554322246,"path_taken":["M","M","$","?","?","E","?","M","T","?","R","E","$","M","R","BOSS","M","$","?","?","M","R","?","M","T","M"],"build_version":"2019-01-23","purchased_purges":2,"victory":false,"max_hp_per_floor":[75,75,75,75,75,75,75,75,75,75,75,75,75,75,75,75,75,75,75,75,75,75,75,75,75,75,75],"card_choices":[{"not_picked":["Storm","Capacitor"],"picked":"Sweeping Beam","floor":1.0},{"not_picked":["Capacitor","Loop"],"picked":"Coolheaded","floor":2.0},{"not_picked":["Doom and Gloom","Barrage","Defragment"],"picked":"SKIP","floor":5.0},{"not_picked":["Steam","Leap"],"picked":"Coolheaded","floor":6.0},{"not_picked":["BootSequence","Streamline","Auto Shields"],"picked":"SKIP","floor":8},{"not_picked":["Streamline","Redo","Barrage"],"picked":"SKIP","floor":12},{"not_picked":["Conserve Battery","Self Repair"],"picked":"Go for the Eyes","floor":14},{"not_picked":["Lockon","Heatsinks","Storm+1"],"picked":"SKIP","floor":18},{"not_picked":["Chaos","Blizzard"],"picked":"Ball Lightning+1","floor":22},{"not_picked":["Redo","Ball Lightning"],"picked":"Leap+1","floor":25}],"player_experience":299054,"relics_obtained":[{"floor":6.0,"key":"MawBank"},{"floor":9,"key":"Lantern"},{"floor":12,"key":"Bronze Scales"},{"floor":20,"key":"Enchiridion"},{"floor":26,"key":"Pantograph"}],"event_choices":[{"damage_healed":0.0,"max_hp_gain":0.0,"max_hp_loss":0.0,"gold_gain":0.0,"event_name":"Match and Keep!","player_choice":"2 cards matched","floor":4.0,"gold_loss":0.0,"damage_taken":0.0,"cards_obtained":["Zap","Gash"]},{"damage_healed":25,"gold_gain":0,"player_choice":"Banana","damage_taken":0,"max_hp_gain":0,"max_hp_loss":0,"event_name":"Big Fish","floor":10,"gold_loss":0},{"damage_healed":0,"gold_gain":0,"player_choice":"Obtained Book","damage_taken":16,"max_hp_gain":0,"max_hp_loss":0,"event_name":"Cursed Tome","floor":20,"gold_loss":0},{"damage_healed":0,"gold_gain":0,"player_choice":"Opened","damage_taken":0,"relics_obtained":["Mercury Hourglass"],"max_hp_gain":0,"max_hp_loss":0,"event_name":"The Mausoleum","floor":21,"gold_loss":0},{"damage_healed":0,"gold_gain":0,"player_choice":"Inject Mutagens","damage_taken":0,"relics_obtained":["MutagenicStrength"],"max_hp_gain":0,"max_hp_loss":0,"event_name":"Drug Dealer","floor":24,"gold_loss":0}],"is_beta":false,"boss_relics":[{"not_picked":["Nuclear Battery","Sozu"],"picked":"Philosopher\u0027s Stone"}],"items_purged_floors":[13,19],"is_endless":false,"potions_floor_spawned":[5,8,14,16,22,25],"killed_by":"Centurion and Healer","ascension_level":5}