{"gold_per_floor":[113,113,128,203,215,244,244,273,273,302,302,316,36,70,70,173,173,192,192,192,206,222,222,222,222,222,222,147,147,178,78,78,78],"floor_reached":33,"playtime":2453,"items_purged":["Strike_R","Strike_R"],"score":359,"play_id":"450696b9-05da-464f-9738-06c952d98040","local_time":"20181018183928","is_ascension_mode":true,"campfire_choices":[{"floor":7.0,"key":"REST"},{"floor":11.0,"key":"REST"},{"floor":15.0,"key":"REST"},{"floor":25.0,"key":"REST"},{"floor":29.0,"key":"REST"},{"floor":32,"key":"REST"}],"neow_cost":"NONE","seed_source_timestamp":173385052639919,"circlet_count":0,"master_deck":["Strike_R","Strike_R","Defend_R","Defend_R","Defend_R","Defend_R","Bash","Rampage+1","Reckless Charge","Armaments","Iron Wave","Flame Barrier","Clothesline+1","Battle Trance","Rampage+1","Whirlwind+1","Reaper+1","Evolve","Headbutt+1","Warcry+1"],"special_seed":0,"relics":["Black Blood","NeowsBlessing","Omamori","Torii","Molten Egg 2","Odd Mushroom","DollysMirror","Strawberry","MutagenicStrength","Regal Pillow","Nunchaku","Du-Vu Doll"],"potions_floor_usage":[30,30,33,33,33,33],"damage_taken":[{"damage":0.0,"enemies":"Jaw Worm","floor":1.0,"turns":1.0},{"damage":0.0,"enemies":"Cultist","floor":3.0,"turns":1.0},{"damage":0.0,"enemies":"Small Slimes","floor":5.0,"turns":1.0},{"damage":28.0,"enemies":"Gremlin Nob","floor":6.0,"turns":5.0},{"damage":30.0,"enemies":"3 Sentries","floor":8.0,"turns":9.0},{"damage":18.0,"enemies":"The Mushroom Lair","floor":10.0,"turns":5.0},{"damage":7.0,"enemies":"3 Louse","floor":12.0,"turns":4.0},{"damage":39.0,"enemies":"Lagavulin","floor":14.0,"turns":8.0},{"damage":18.0,"enemies":"Hexaghost","floor":16.0,"turns":11.0},{"damage":40.0,"enemies":"Spheric Guardian","floor":18.0,"turns":8.0},{"damage":2.0,"enemies":"3 Byrds","floor":21.0,"turns":3.0},{"damage":54.0,"enemies":"3 Cultists","floor":22.0,"turns":8.0},{"damage":37.0,"enemies":"Book of Stabbing","floor":23.0,"turns":5.0},{"damage":81,"enemies":"Slavers","floor":30,"turns":11},{"damage":78,"enemies":"Collector","floor":33,"turns":6}],"seed_played":"-6333926238020004604","potions_obtained":[{"floor":3.0,"key":"Swift Potion"},{"floor":5.0,"key":"EssenceOfSteel"},{"floor":8.0,"key":"SmokeBomb"},{"floor":14.0,"key":"SteroidPotion"},{"floor":21.0,"key":"BloodPotion"},{"floor":27.0,"key":"EntropicBrew"},{"floor":27.0,"key":"Weak Potion"},{"floor":27.0,"key":"Fire Potion"},{"floor":30,"key":"Regen Potion"}],"is_trial":false,"path_per_floor":["M","?","M","?","M","E","R","E","T","?","R","M","$","E","R","B",null,"M","?","?","M","M","E","?","R","T","?","?","R","E","$","R"],"character_chosen":"IRONCLAD","items_purchased":["DollysMirror"],"campfire_rested":6,"item_purchase_floors":[13],"current_hp_per_floor":[80,80,80,69,75,53,77,53,53,41,65,64,64,38,64,52,87,62,62,62,85,49,22,22,63,63,63,63,87,21,21,62,0],"gold":78,"neow_bonus":"THREE_ENEMY_KILL","is_prod":false,"is_daily":false,"chose_seed":false,"campfire_upgraded":0,"win_rate":0,"timestamp":1539884368,"path_taken":["M","?","M","?","M","E","R","E","T","?","R","M","$","E","R","BOSS","M","?","?","?","M","E","?","R","T","?","?","R","E","$","R","BOSS"],"build_version":"2018-10-11","purchased_purges":2,"victory":false,"max_hp_per_floor":[80,80,80,80,80,80,80,80,80,80,80,80,80,87,87,87,87,87,87,87,87,87,87,87,87,87,87,87,87,87,87,87,87],"card_choices":[{"not_picked":["Armaments","Wild Strike"],"picked":"Rampage","floor":1.0},{"not_picked":["Havoc","True Grit"],"picked":"Reckless Charge","floor":3.0},{"not_picked":["Wild Strike","Seeing Red"],"picked":"Armaments","floor":5.0},{"not_picked":["Sever Soul","Bludgeon"],"picked":"Iron Wave","floor":6.0},{"not_picked":["Second Wind","Heavy Blade"],"picked":"Flame Barrier","floor":8.0},{"not_picked":["Sword Boomerang+1","Blood for Blood+1"],"picked":"Clothesline+1","floor":10.0},{"not_picked":["Clothesline+1","Warcry"],"picked":"Battle Trance","floor":12.0},{"not_picked":["Heavy Blade+1","Clothesline+1"],"picked":"Whirlwind+1","floor":14.0},{"not_picked":["Exhume","Dark Embrace"],"picked":"Reaper+1","floor":16.0},{"not_picked":["Bloodletting","Whirlwind+1"],"picked":"Evolve","floor":18.0},{"not_picked":["Clash+1","Cleave+1"],"picked":"Headbutt+1","floor":21.0},{"not_picked":["Anger+1","Searing Blow+1","Clash+1"],"picked":"SKIP","floor":22.0},{"not_picked":["Fiend Fire+1","Pommel Strike+1"],"picked":"Warcry+1","floor":30}],"player_experience":705229,"relics_obtained":[{"floor":6.0,"key":"Omamori"},{"floor":8.0,"key":"Torii"},{"floor":9.0,"key":"Molten Egg 2"},{"floor":10.0,"key":"Odd Mushroom"},{"floor":14.0,"key":"Strawberry"},{"floor":26.0,"key":"Nunchaku"},{"floor":30,"key":"Du-Vu Doll"}],"event_choices":[{"event_name":"Living Wall","player_choice":"Grow","floor":2.0,"damage_taken":0.0},{"event_name":"World of Goop","player_choice":"Gather Gold","floor":4.0,"damage_taken":0.0},{"event_name":"Mushrooms","player_choice":"Fought Mushrooms","floor":10.0,"damage_taken":0.0},{"event_name":"Forgotten Altar","player_choice":"Smashed Altar","floor":19.0,"damage_taken":0.0},{"event_name":"Drug Dealer","player_choice":"Inject Mutagens","floor":20.0,"damage_taken":0.0},{"event_name":"The Mausoleum","player_choice":"Yes","floor":24.0,"damage_taken":0.0},{"event_name":"The Lab","player_choice":"Got Potions","floor":27.0,"damage_taken":0.0},{"event_name":"Beggar","player_choice":"Gave Gold","floor":28.0,"damage_taken":0.0}],"is_beta":false,"boss_relics":[{"not_picked":["Runic Dome","Snecko Eye"],"picked":"Black Blood"}],"items_purged_floors":[13,31],"is_endless":false,"potions_floor_spawned":[3,5,8,14,21,23,30],"killed_by":"Collector","ascension_level":4}