{"gold_per_floor":[119,119,194,194,207,239,261,280,330,346,37,47,47,80,80,180,180,198,212,32,32,32,32,59,59,59,0,0,35,35,88,88,88],"floor_reached":33,"playtime":2116,"items_purged":["Strike_R","Strike_R"],"score":377,"play_id":"59f08623-d5ba-42fa-801a-a9f76c7ce78b","local_time":"20181014000439","is_ascension_mode":true,"campfire_choices":[{"floor":13,"key":"REST"},{"floor":15,"key":"REST"},{"floor":23,"key":"REST"},{"floor":25,"key":"REST"},{"floor":30,"key":"REST"},{"floor":32,"key":"REST"}],"neow_cost":"NONE","seed_source_timestamp":1082509624866,"circlet_count":0,"master_deck":["Strike_R","Strike_R","Strike_R","Defend_R","Defend_R","Defend_R","Defend_R","Bash","Rampage+1","Shrug It Off","Pommel Strike","Shrug It Off","Rampage","Fire Breathing","Inflame","Fiend Fire","Whirlwind","Entrench","Metallicize","Sentinel+1","Body Slam","Spot Weakness+1"],"relics":["Burning Blood","NeowsBlessing","Strawberry","Odd Mushroom","Bag of Preparation","Bronze Scales","Question Card","Velvet Choker","Red Skull","Frozen Egg 2","Dream Catcher","Oddly Smooth Stone"],"potions_floor_usage":[12,14,14,16,24,33],"damage_taken":[{"damage":0,"enemies":"2 Louse","floor":1,"turns":1},{"damage":0,"enemies":"Small Slimes","floor":5,"turns":1},{"damage":0,"enemies":"Lagavulin","floor":6,"turns":1},{"damage":31,"enemies":"The Mushroom Lair","floor":7,"turns":7},{"damage":2,"enemies":"Jaw Worm","floor":8,"turns":4},{"damage":7,"enemies":"3 Louse","floor":10,"turns":6},{"damage":38,"enemies":"Gremlin Gang","floor":12,"turns":5},{"damage":15,"enemies":"Gremlin Nob","floor":14,"turns":4},{"damage":43,"enemies":"Hexaghost","floor":16,"turns":9},{"damage":19,"enemies":"2 Thieves","floor":18,"turns":4},{"damage":15,"enemies":"Shell Parasite","floor":19,"turns":5},{"damage":39,"enemies":"Gremlin Leader","floor":24,"turns":5},{"damage":59,"enemies":"Book of Stabbing","floor":29,"turns":7},{"damage":81,"enemies":"Automaton","floor":33,"turns":10}],"seed_played":"-4829984682269008887","potions_obtained":[{"floor":1,"key":"Weak Potion"},{"floor":7,"key":"Block Potion"},{"floor":8,"key":"Poison Potion"},{"floor":12,"key":"EssenceOfSteel"},{"floor":19,"key":"SteroidPotion"},{"floor":24,"key":"GamblersBrew"}],"is_trial":false,"path_per_floor":["M","?","?","?","M","E","?","M","T","M","$","M","R","E","R","B",null,"M","M","$","?","?","R","E","R","T","?","$","E","R","T","R"],"character_chosen":"IRONCLAD","items_purchased":["Bronze Scales","Fire Breathing","Metallicize"],"campfire_rested":6,"item_purchase_floors":[11,11,20],"current_hp_per_floor":[80,80,69,69,75,87,62,66,66,65,65,33,59,50,76,39,87,74,65,65,48,48,75,42,69,69,69,69,16,43,43,70,0],"gold":88,"neow_bonus":"THREE_ENEMY_KILL","is_prod":false,"is_daily":false,"chose_seed":false,"campfire_upgraded":0,"win_rate":0,"timestamp":1539471879,"path_taken":["M","?","?","?","M","E","?","?","T","M","$","M","R","E","R","BOSS","M","?","$","?","?","R","E","R","T","?","$","E","R","?","R","BOSS"],"build_version":"2018-10-11","purchased_purges":2,"victory":false,"max_hp_per_floor":[80,80,80,80,80,87,87,87,87,87,87,87,87,87,87,87,87,87,87,87,92,92,92,92,92,92,92,92,92,92,92,92,92],"card_choices":[{"not_picked":["Anger","Clothesline"],"picked":"Rampage","floor":1},{"not_picked":["Armaments","Uppercut"],"picked":"Shrug It Off","floor":5},{"not_picked":["Burning Pact","Clothesline","Anger"],"picked":"SKIP","floor":6},{"not_picked":["Rupture","Heavy Blade"],"picked":"Pommel Strike","floor":7},{"not_picked":["Offering","Intimidate"],"picked":"Shrug It Off","floor":8},{"not_picked":["Body Slam","Perfected Strike"],"picked":"Rampage","floor":10},{"not_picked":["Warcry","Heavy Blade","Twin Strike"],"picked":"SKIP","floor":12},{"not_picked":["Searing Blow","Heavy Blade"],"picked":"Inflame","floor":14},{"not_picked":["Exhume","Offering","Dark Embrace"],"picked":"Fiend Fire","floor":16},{"not_picked":["Combust","Heavy Blade","Burning Pact+1"],"picked":"Whirlwind","floor":18},{"not_picked":["Body Slam","Heavy Blade","Anger"],"picked":"Entrench","floor":19},{"not_picked":["Uppercut","Berserk","Clothesline"],"picked":"Sentinel+1","floor":24},{"not_picked":["Bloodletting+1","Anger","Clothesline+1","Reckless Charge"],"picked":"SKIP","floor":29},{"not_picked":["Clash","Havoc","Headbutt"],"picked":"Body Slam","floor":30},{"not_picked":["Shrug It Off","Anger","Burning Pact"],"picked":"Spot Weakness+1","floor":32}],"player_experience":697246,"relics_obtained":[{"floor":6,"key":"Strawberry"},{"floor":7,"key":"Odd Mushroom"},{"floor":9,"key":"Bag of Preparation"},{"floor":14,"key":"Question Card"},{"floor":24,"key":"Red Skull"},{"floor":26,"key":"Frozen Egg 2"},{"floor":29,"key":"Dream Catcher"},{"floor":31,"key":"Oddly Smooth Stone"}],"event_choices":[{"event_name":"Living Wall","player_choice":"Grow","floor":2,"damage_taken":0},{"event_name":"World of Goop","player_choice":"Gather Gold","floor":3,"damage_taken":0},{"event_name":"Golden Idol","player_choice":"Ignored","floor":4,"damage_taken":0},{"event_name":"Mushrooms","player_choice":"Fought Mushrooms","floor":7,"damage_taken":0},{"event_name":"Forgotten Altar","player_choice":"Shed Blood","floor":21,"damage_taken":0},{"event_name":"Beggar","player_choice":"Ignored","floor":22,"damage_taken":0},{"event_name":"Masked Bandits","player_choice":"Paid Fearfully","floor":27,"damage_taken":0}],"is_beta":false,"boss_relics":[{"not_picked":["White Beast Statue","Runic Cube"],"picked":"Velvet Choker"}],"items_purged_floors":[11,20],"is_endless":false,"potions_floor_spawned":[1,7,8,12,19,24],"killed_by":"Automaton","ascension_level":4}