{"gold_per_floor":[116,116,127,127,138,138,152,180,180,280,292,22,33,48,48,150,150,166,266,266],"floor_reached":20,"playtime":834,"items_purged":[],"score":238,"play_id":"90ce2950-ac3a-4eec-82aa-cacfc1c649e7","local_time":"20190610080112","is_ascension_mode":true,"campfire_choices":[{"floor":6,"key":"REST"},{"floor":15,"key":"REST"}],"neow_cost":"NONE","seed_source_timestamp":262144346290135,"circlet_count":0,"master_deck":["Survivor","Neutralize","Deadly Poison","Dagger Spray","Escape Plan","Envenom","Infinite Blades","Cloak And Dagger","Crippling Poison","Envenom","Grand Finale","Expertise","Malaise","Cloak And Dagger","Quick Slash","Reflex","Skewer","Skewer","Blade Dance","Setup","Crippling Poison"],"relics":["Runic Dome","Ninja Scroll","Question Card","Mercury Hourglass","Lee\u0027s Waffle","Pandora\u0027s Box","Unceasing Top","Singing Bowl"],"potions_floor_usage":[16,19],"damage_taken":[{"damage":0,"enemies":"Small Slimes","floor":1,"turns":5},{"damage":0,"enemies":"2 Louse","floor":3,"turns":2},{"damage":0,"enemies":"Jaw Worm","floor":5,"turns":2},{"damage":7,"enemies":"Gremlin Gang","floor":7,"turns":3},{"damage":22,"enemies":"3 Sentries","floor":8,"turns":8},{"damage":3,"enemies":"Lots of Slimes","floor":11,"turns":2},{"damage":6,"enemies":"Looter","floor":13,"turns":2},{"damage":4,"enemies":"3 Louse","floor":14,"turns":2},{"damage":12,"enemies":"The Guardian","floor":16,"turns":9},{"damage":8,"enemies":"Chosen","floor":18,"turns":3},{"damage":21,"enemies":"Colosseum Slavers","floor":19,"turns":4},{"damage":22,"enemies":"Colosseum Nobs","floor":19,"turns":4},{"damage":31,"enemies":"Shell Parasite","floor":20,"turns":4}],"seed_played":"-5605851275343032293","potions_obtained":[{"floor":1,"key":"Fire Potion"},{"floor":8,"key":"AttackPotion"},{"floor":14,"key":"Dexterity Potion"},{"floor":16,"key":"LiquidBronze"},{"floor":19,"key":"GamblersBrew"}],"is_trial":false,"path_per_floor":["M","?","M","?","M","R","M","E","T","?","M","$","M","M","R","B",null,"M","?","M"],"character_chosen":"THE_SILENT","items_purchased":["Lee\u0027s Waffle","Infinite Blades"],"campfire_rested":2,"item_purchase_floors":[12,12],"current_hp_per_floor":[63,56,56,42,42,63,56,34,34,34,31,77,71,67,77,65,74,66,25,0],"gold":266,"neow_bonus":"BOSS_RELIC","is_prod":false,"is_daily":false,"chose_seed":false,"campfire_upgraded":0,"win_rate":0,"timestamp":1560168072,"path_taken":["M","?","M","?","M","R","M","E","T","?","?","$","M","?","R","BOSS","M","?","M"],"build_version":"2019-01-23","purchased_purges":0,"victory":false,"max_hp_per_floor":[70,70,70,70,70,70,70,70,70,70,70,77,77,77,77,77,77,77,79,79],"card_choices":[{"not_picked":["Backstab","Quick Slash"],"picked":"Deadly Poison","floor":1},{"not_picked":["PiercingWail","Dodge and Roll"],"picked":"Dagger Spray","floor":3},{"not_picked":["Tactician","Night Terror"],"picked":"Escape Plan","floor":5},{"not_picked":["Dodge and Roll","Blade Dance","Prepared"],"picked":"SKIP","floor":7},{"not_picked":["Dodge and Roll","Blade Dance"],"picked":"Envenom","floor":8},{"not_picked":["Calculated Gamble","PiercingWail","Dagger Throw","Setup"],"picked":"SKIP","floor":11},{"not_picked":["Blur","Tactician","Backstab"],"picked":"Cloak And Dagger","floor":13},{"not_picked":["Deadly Poison","Dodge and Roll","Blade Dance"],"picked":"Crippling Poison","floor":14},{"not_picked":["Doppelganger","Bullet Time","Burst"],"picked":"Envenom","floor":16},{"not_picked":["Dagger Throw","Prepared","Dagger Spray"],"picked":"Crippling Poison","floor":18},{"not_picked":["Dagger Throw+1","Bouncing Flask+1","Dodge and Roll","Terror"],"picked":"Singing Bowl","floor":19}],"player_experience":427525,"relics_obtained":[{"floor":8,"key":"Question Card"},{"floor":9,"key":"Mercury Hourglass"},{"floor":19,"key":"Unceasing Top"},{"floor":19,"key":"Singing Bowl"}],"event_choices":[{"damage_healed":0,"gold_gain":0,"player_choice":"Success","damage_taken":7,"relics_obtained":["Ninja Scroll"],"max_hp_gain":0,"max_hp_loss":0,"event_name":"Scrap Ooze","floor":2,"gold_loss":0},{"damage_healed":0,"gold_gain":0,"player_choice":"Entered Light","damage_taken":14,"max_hp_gain":0,"max_hp_loss":0,"event_name":"Shining Light","floor":4,"gold_loss":0,"cards_upgraded":["Defend_G","Defend_G"]},{"damage_healed":0,"gold_gain":100,"player_choice":"Pray","damage_taken":0,"max_hp_gain":0,"max_hp_loss":0,"event_name":"Golden Shrine","floor":10,"gold_loss":0},{"damage_healed":0,"gold_gain":0,"player_choice":"Fight","damage_taken":0,"max_hp_gain":0,"max_hp_loss":0,"event_name":"Colosseum","floor":19,"gold_loss":0},{"damage_healed":0,"gold_gain":0,"player_choice":"Fought Nobs","damage_taken":0,"max_hp_gain":0,"max_hp_loss":0,"event_name":"Colosseum","floor":19,"gold_loss":0}],"is_beta":false,"boss_relics":[{"not_picked":["Tiny House","Coffee Dripper"],"picked":"Pandora\u0027s Box"}],"items_purged_floors":[],"is_endless":false,"potions_floor_spawned":[1,8,14,16,18,19],"killed_by":"Shell Parasite","ascension_level":7}