{"gold_per_floor":[115,127,144,156,7,40,40,55,82,111,39,39,54,71,71,172,172,187,187,200,200,39,72,72,85,133,166,177,206,206,241,241,343,343,356,376,395,395,411,411,423,423,423,35,52,69,79,79,79,79],"floor_reached":51,"playtime":5146,"items_purged":[],"score":1055,"play_id":"33acd2c1-df6e-420a-b870-df460872afa1","local_time":"20190120184559","is_ascension_mode":true,"campfire_choices":[{"data":"Bash","floor":12.0,"key":"SMITH"},{"floor":15.0,"key":"REST"},{"data":"Heavy Blade","floor":24.0,"key":"SMITH"},{"data":"Flame Barrier","floor":30.0,"key":"SMITH"},{"data":"Fiend Fire","floor":32.0,"key":"SMITH"},{"floor":40.0,"key":"REST"},{"floor":42.0,"key":"REST"},{"floor":49,"key":"REST"}],"neow_cost":"NONE","seed_source_timestamp":669185030644841,"circlet_count":0,"master_deck":["Strike_R","Strike_R","Strike_R","Strike_R","Defend_R","Defend_R","Defend_R","Defend_R","Bash+1","Flame Barrier+1","True Grit","Anger","Shockwave+1","Clothesline","Headbutt","Spot Weakness","Pommel Strike","Sword Boomerang","Fiend Fire+1","Shrug It Off","Armaments","Reaper","Heavy Blade+1","Spot Weakness","Disarm","Bludgeon+1","Armaments+1","Fire Breathing+1","Perfected Strike+1","Disarm","Cleave+1","Cleave+1","Parasite","Impervious","Enlightenment","Feel No Pain+1"],"special_seed":0,"relics":["Burning Blood","Happy Flower","Torii","Oddly Smooth Stone","PreservedInsect","Snecko Eye","Regal Pillow","Bag of Preparation","Orichalcum","Boot","Strawberry","Potion Belt","Fusion Hammer","Dream Catcher","Bronze Scales","Cauldron"],"potions_floor_usage":[50,50,50,50],"damage_taken":[{"damage":4.0,"enemies":"Small Slimes","floor":1.0,"turns":4.0},{"damage":6.0,"enemies":"Cultist","floor":2.0,"turns":4.0},{"damage":3.0,"enemies":"2 Louse","floor":3.0,"turns":4.0},{"damage":15.0,"enemies":"Lots of Slimes","floor":4.0,"turns":7.0},{"damage":20.0,"enemies":"Lagavulin","floor":6.0,"turns":8.0},{"damage":0.0,"enemies":"Large Slime","floor":8.0,"turns":4.0},{"damage":24.0,"enemies":"Gremlin Nob","floor":10.0,"turns":5.0},{"damage":11.0,"enemies":"Gremlin Gang","floor":13.0,"turns":6.0},{"damage":1.0,"enemies":"2 Fungi Beasts","floor":14.0,"turns":4.0},{"damage":15.0,"enemies":"Slime Boss","floor":16.0,"turns":9.0},{"damage":1.0,"enemies":"3 Byrds","floor":18.0,"turns":4.0},{"damage":0.0,"enemies":"Chosen","floor":20.0,"turns":3.0},{"damage":22.0,"enemies":"Gremlin Leader","floor":23.0,"turns":5.0},{"damage":7.0,"enemies":"Centurion and Healer","floor":25.0,"turns":6.0},{"damage":2.0,"enemies":"Book of Stabbing","floor":27.0,"turns":3.0},{"damage":1.0,"enemies":"Chosen and Byrds","floor":28.0,"turns":4.0},{"damage":21.0,"enemies":"Gremlin Leader","floor":29.0,"turns":5.0},{"damage":10.0,"enemies":"Book of Stabbing","floor":31.0,"turns":4.0},{"damage":31.0,"enemies":"Automaton","floor":33.0,"turns":9.0},{"damage":1.0,"enemies":"Orb Walker","floor":35.0,"turns":2.0},{"damage":21.0,"enemies":"3 Darklings","floor":36.0,"turns":5.0},{"damage":15.0,"enemies":"Transient","floor":37.0,"turns":5.0},{"damage":9.0,"enemies":"Writhing Mass","floor":39.0,"turns":5.0},{"damage":23.0,"enemies":"Jaw Worm Horde","floor":41.0,"turns":5.0},{"damage":0,"enemies":"Maw","floor":45,"turns":6},{"damage":12,"enemies":"Sphere and 2 Shapes","floor":46,"turns":4},{"damage":23,"enemies":"Writhing Mass","floor":47,"turns":5},{"damage":69,"enemies":"Awakened One","floor":50,"turns":9}],"seed_played":"2869281091723198854","potions_obtained":[{"floor":3.0,"key":"Weak Potion"},{"floor":8.0,"key":"SpeedPotion"},{"floor":10.0,"key":"SteroidPotion"},{"floor":13.0,"key":"Dexterity Potion"},{"floor":16.0,"key":"Regen Potion"},{"floor":25.0,"key":"EssenceOfSteel"},{"floor":28.0,"key":"Dexterity Potion"},{"floor":29.0,"key":"LiquidBronze"},{"floor":36.0,"key":"Explosive Potion"},{"floor":37.0,"key":"FearPotion"},{"floor":39.0,"key":"Ancient Potion"},{"floor":44.0,"key":"LiquidBronze"},{"floor":44.0,"key":"Strength Potion"},{"floor":44.0,"key":"PowerPotion"}],"is_trial":false,"path_per_floor":["M","M","M","M","$","E","?","M","T","E","$","R","M","M","R","B",null,"M","?","M","?","$","E","R","M","T","E","M","E","R","E","R","B",null,"M","M","M","?","M","R","M","R","T","$","M","M","M","?","R","B",null],"character_chosen":"IRONCLAD","items_purchased":["Happy Flower","Spot Weakness","Reaper","Bronze Scales","Disarm","Cauldron"],"campfire_rested":4,"item_purchase_floors":[5,11,22,44,44,44],"current_hp_per_floor":[82,82,85,76,76,62,62,68,68,50,50,50,45,50,76,67,83,88,88,88,88,88,80,80,88,88,88,88,80,80,86,86,61,87,92,80,86,86,95,95,83,95,95,95,95,91,74,74,95,32],"gold":79,"neow_bonus":"TEN_PERCENT_HP_BONUS","is_prod":false,"is_daily":false,"chose_seed":false,"campfire_upgraded":4,"win_rate":0,"timestamp":1548009959,"path_taken":["M","M","M","M","$","E","?","M","T","E","$","R","M","?","R","BOSS","M","?","?","?","$","E","R","M","T","E","M","E","R","E","R","BOSS","M","M","?","?","M","R","M","R","T","$","M","?","M","?","R","BOSS"],"build_version":"2019-01-10","purchased_purges":0,"victory":true,"max_hp_per_floor":[88,88,88,88,88,88,88,88,88,88,88,88,88,88,88,88,88,88,88,88,88,88,88,88,88,88,88,88,95,95,95,95,95,95,95,95,95,95,95,95,95,95,95,95,95,95,95,95,95,95],"card_choices":[{"not_picked":["Wild Strike","Metallicize"],"picked":"Flame Barrier","floor":1.0},{"not_picked":["Shrug It Off","Flex"],"picked":"True Grit","floor":2.0},{"not_picked":["Shrug It Off","True Grit"],"picked":"Anger","floor":3.0},{"not_picked":["Flex","Ghostly Armor"],"picked":"Shockwave","floor":4.0},{"not_picked":["Anger","Pommel Strike"],"picked":"Clothesline","floor":6.0},{"not_picked":["Havoc","Sever Soul","Flex"],"picked":"SKIP","floor":8.0},{"not_picked":["Seeing Red","Limit Break"],"picked":"Headbutt","floor":10.0},{"not_picked":["Perfected Strike","Clash"],"picked":"Pommel Strike","floor":13.0},{"not_picked":["True Grit","Corruption"],"picked":"Sword Boomerang","floor":14.0},{"not_picked":["Dark Embrace","Double Tap"],"picked":"Fiend Fire","floor":16.0},{"not_picked":["Dual Wield","Battle Trance"],"picked":"Shrug It Off","floor":18.0},{"not_picked":["Anger","Clash+1"],"picked":"Armaments","floor":20.0},{"not_picked":["Armaments","Warcry"],"picked":"Heavy Blade","floor":23.0},{"not_picked":["Wild Strike","Pommel Strike","Hemokinesis"],"picked":"SKIP","floor":25.0},{"not_picked":["Bloodletting","Warcry"],"picked":"Spot Weakness","floor":27.0},{"not_picked":["Spot Weakness+1","Fiend Fire"],"picked":"Disarm","floor":28.0},{"not_picked":["Warcry+1","Burning Pact+1","Thunderclap"],"picked":"SKIP","floor":29.0},{"not_picked":["Corruption+1","Shrug It Off+1","Dual Wield"],"picked":"SKIP","floor":31.0},{"not_picked":["Berserk","Dark Embrace"],"picked":"Bludgeon","floor":33.0},{"not_picked":["Body Slam","Second Wind","Headbutt"],"picked":"SKIP","floor":35.0},{"not_picked":["Combust","Dropkick+1"],"picked":"Armaments+1","floor":36.0},{"not_picked":["Evolve+1","Pommel Strike","Anger+1"],"picked":"SKIP","floor":37.0},{"not_picked":["Armaments+1","Wild Strike"],"picked":"Fire Breathing+1","floor":39.0},{"not_picked":["Thunderclap","Dropkick+1"],"picked":"Perfected Strike+1","floor":41.0},{"not_picked":["Anger","Pommel Strike"],"picked":"Cleave+1","floor":45},{"not_picked":["Power Through+1","Rampage+1"],"picked":"Cleave+1","floor":46},{"not_picked":["Pommel Strike","Perfected Strike+1"],"picked":"Impervious","floor":47},{"not_picked":["Bandage Up","Forethought"],"picked":"Enlightenment","floor":48},{"not_picked":["Heavy Blade+1","Pommel Strike+1"],"picked":"Feel No Pain+1","floor":49}],"player_experience":1061797,"relics_obtained":[{"floor":6.0,"key":"Torii"},{"floor":9.0,"key":"Oddly Smooth Stone"},{"floor":10.0,"key":"PreservedInsect"},{"floor":23.0,"key":"Bag of Preparation"},{"floor":26.0,"key":"Orichalcum"},{"floor":27.0,"key":"Boot"},{"floor":29.0,"key":"Strawberry"},{"floor":31.0,"key":"Potion Belt"},{"floor":43.0,"key":"Dream Catcher"}],"event_choices":[{"cards_removed":["Strike_R"],"damage_healed":0.0,"max_hp_gain":0.0,"max_hp_loss":0.0,"gold_gain":0.0,"event_name":"Bonfire Elementals","player_choice":"Offered Basic","floor":7.0,"gold_loss":0.0,"damage_taken":0.0},{"damage_healed":0.0,"max_hp_gain":0.0,"max_hp_loss":0.0,"gold_gain":0.0,"event_name":"Upgrade Shrine","player_choice":"Upgraded","floor":19.0,"gold_loss":0.0,"damage_taken":0.0,"cards_upgraded":["Shockwave"]},{"damage_healed":0.0,"max_hp_gain":0.0,"max_hp_loss":0.0,"gold_gain":0.0,"event_name":"WeMeetAgain","player_choice":"Gave Potion","floor":21.0,"gold_loss":0.0,"damage_taken":0.0,"relics_obtained":["Regal Pillow"]},{"damage_healed":0.0,"max_hp_gain":0.0,"max_hp_loss":0.0,"gold_gain":0.0,"event_name":"Accursed Blacksmith","player_choice":"Forge","floor":38.0,"gold_loss":0.0,"damage_taken":0.0,"cards_upgraded":["Bludgeon"]},{"damage_healed":0,"gold_gain":0,"player_choice":"Memory 1","damage_taken":0,"max_hp_gain":0,"max_hp_loss":0,"event_name":"SensoryStone","floor":48,"gold_loss":0}],"is_beta":false,"boss_relics":[{"not_picked":["Ectoplasm","White Beast Statue"],"picked":"Snecko Eye"},{"not_picked":["Runic Dome","Pandora\u0027s Box"],"picked":"Fusion Hammer"}],"items_purged_floors":[],"is_endless":false,"potions_floor_spawned":[3,8,10,13,16,25,28,29,36,37,39],"ascension_level":8}