{"gold_per_floor":[124,136,148,177,200,212,149,161,237,267,302,302,302,313,313,313],"floor_reached":16,"playtime":1016,"items_purged":["Strike_G"],"score":105,"play_id":"2ea74be6-2bf7-4a32-90c4-40e2759ce635","local_time":"20190210135437","is_ascension_mode":true,"campfire_choices":[{"data":"Backstab","floor":6,"key":"SMITH"},{"data":"Quick Slash","floor":12,"key":"SMITH"},{"floor":15,"key":"REST"}],"neow_cost":"NONE","seed_source_timestamp":0,"circlet_count":0,"master_deck":["Defend_G","Defend_G","Defend_G","Defend_G","Defend_G","Strike_G","Strike_G","Strike_G","Strike_G","Survivor","Neutralize","Backstab+1","Acrobatics","Quick Slash+1","Finisher","Concentrate"],"special_seed":0,"relics":["Ring of the Snake","MawBank","Pantograph","Singing Bowl","Darkstone Periapt"],"potions_floor_usage":[16,16],"damage_taken":[{"damage":4,"enemies":"Cultist","floor":1,"turns":4},{"damage":0,"enemies":"Jaw Worm","floor":4,"turns":4},{"damage":0,"enemies":"2 Louse","floor":5,"turns":3},{"damage":14,"enemies":"Exordium Wildlife","floor":8,"turns":7},{"damage":40,"enemies":"Lagavulin","floor":11,"turns":10},{"damage":8,"enemies":"Lots of Slimes","floor":14,"turns":4},{"damage":75,"enemies":"Hexaghost","floor":16,"turns":14}],"seed_played":"-8160024665925931905","potions_obtained":[{"floor":1,"key":"Poison Potion"},{"floor":8,"key":"SkillPotion"}],"is_trial":false,"path_per_floor":["M","T","?","M","M","R","$","M","T","?","E","R","?","M","R","B"],"character_chosen":"THE_SILENT","items_purchased":[],"campfire_rested":1,"item_purchase_floors":[],"current_hp_per_floor":[66,66,70,70,70,70,70,56,56,56,16,16,39,31,52,0],"gold":313,"neow_bonus":"RANDOM_COMMON_RELIC","is_prod":false,"is_daily":false,"chose_seed":false,"campfire_upgraded":2,"win_rate":0,"timestamp":1549835677,"path_taken":["M","?","?","M","M","R","$","?","T","?","E","R","?","M","R","BOSS"],"build_version":"2019-01-23","purchased_purges":1,"victory":false,"max_hp_per_floor":[70,70,70,70,70,70,70,70,70,70,70,70,70,70,70,70],"card_choices":[{"not_picked":["Blade Dance","Dagger Spray"],"picked":"Backstab","floor":1},{"not_picked":["Dash","Quick Slash"],"picked":"Acrobatics","floor":4},{"not_picked":["Acrobatics","Terror","Bane"],"picked":"SKIP","floor":5},{"not_picked":["Acrobatics","Riddle With Holes"],"picked":"Quick Slash","floor":8},{"not_picked":["Bane","Blade Dance"],"picked":"Finisher","floor":11},{"not_picked":["Poisoned Stab","Wraith Form v2"],"picked":"Concentrate","floor":14}],"player_experience":108158,"relics_obtained":[{"floor":2,"key":"Pantograph"},{"floor":9,"key":"Singing Bowl"},{"floor":11,"key":"Darkstone Periapt"}],"event_choices":[{"damage_healed":4,"gold_gain":0,"player_choice":"Full Heal","damage_taken":0,"max_hp_gain":0,"max_hp_loss":0,"event_name":"Wheel of Change","floor":3,"gold_loss":0},{"damage_healed":0,"gold_gain":30,"player_choice":"Searched \u00272\u0027 times","damage_taken":0,"max_hp_gain":0,"max_hp_loss":0,"event_name":"Dead Adventurer","floor":10,"gold_loss":0},{"damage_healed":23,"gold_gain":0,"player_choice":"Banana","damage_taken":0,"max_hp_gain":0,"max_hp_loss":0,"event_name":"Big Fish","floor":13,"gold_loss":0}],"is_beta":false,"boss_relics":[],"items_purged_floors":[7],"is_endless":false,"potions_floor_spawned":[1,8],"killed_by":"Hexaghost","ascension_level":1}