{"gold_per_floor":[218,218,218,233,244,244,270,283,310,336,336,352,352,364,364,466,466,466,466,466],"floor_reached":20,"playtime":794,"items_purged":[],"score":239,"play_id":"897dc7e7-7074-47a7-85de-17be953687ad","local_time":"20190303222520","is_ascension_mode":true,"campfire_choices":[{"data":"Sword Boomerang","floor":6,"key":"SMITH"},{"floor":11,"key":"REST"},{"floor":13,"key":"REST"},{"data":"Demon Form","floor":15,"key":"SMITH"}],"neow_cost":"NONE","seed_source_timestamp":92683386083200,"circlet_count":0,"master_deck":["Strike_R","Strike_R","Strike_R","Strike_R","Defend_R","Defend_R","Defend_R","Defend_R","Bash+1","Sword Boomerang+1","Flex","Demon Form+1","Armaments","Thunderclap"],"relics":["Burning Blood","Anchor","Regal Pillow","Bag of Marbles","Ectoplasm"],"potions_floor_usage":[10,10,10],"damage_taken":[{"damage":12,"enemies":"Jaw Worm","floor":1,"turns":3},{"damage":4,"enemies":"2 Louse","floor":4,"turns":3},{"damage":1,"enemies":"Cultist","floor":5,"turns":3},{"damage":40,"enemies":"Lagavulin","floor":7,"turns":5},{"damage":11,"enemies":"Large Slime","floor":8,"turns":5},{"damage":25,"enemies":"3 Sentries","floor":10,"turns":5},{"damage":15,"enemies":"2 Fungi Beasts","floor":12,"turns":3},{"damage":12,"enemies":"Exordium Wildlife","floor":14,"turns":3},{"damage":47,"enemies":"Hexaghost","floor":16,"turns":8},{"damage":41,"enemies":"Spheric Guardian","floor":18,"turns":5},{"damage":31,"enemies":"Colosseum Slavers","floor":19,"turns":4},{"damage":9,"enemies":"3 Byrds","floor":20,"turns":2}],"seed_played":"1521233608552245846","potions_obtained":[{"floor":5,"key":"Energy Potion"},{"floor":7,"key":"Energy Potion"},{"floor":8,"key":"Poison Potion"},{"floor":16,"key":"Ancient Potion"}],"is_trial":false,"path_per_floor":["M","?","?","M","M","R","E","M","T","E","R","M","R","M","R","B",null,"M","?","M"],"character_chosen":"IRONCLAD","items_purchased":[],"campfire_rested":2,"item_purchase_floors":[],"current_hp_per_floor":[66,59,59,61,66,66,32,27,27,8,47,38,77,71,71,30,68,33,8,0],"gold":466,"neow_bonus":"HUNDRED_GOLD","is_prod":false,"is_daily":false,"chose_seed":false,"campfire_upgraded":2,"win_rate":0,"timestamp":1551680720,"path_taken":["M","?","?","M","M","R","E","M","T","E","R","M","R","M","R","BOSS","M","?","M"],"build_version":"2019-01-23","purchased_purges":0,"victory":false,"max_hp_per_floor":[80,80,80,80,80,80,80,80,80,80,80,80,80,80,80,80,80,80,80,80],"card_choices":[{"not_picked":["Clash","Shrug It Off"],"picked":"Sword Boomerang","floor":1},{"not_picked":["Rupture","Heavy Blade","Warcry"],"picked":"SKIP","floor":4},{"not_picked":["Entrench","Pommel Strike"],"picked":"Flex","floor":5},{"not_picked":["Wild Strike","Body Slam"],"picked":"Demon Form","floor":7},{"not_picked":["Body Slam","Shrug It Off","Fire Breathing"],"picked":"SKIP","floor":8},{"not_picked":["Anger","Sentinel","Bloodletting"],"picked":"SKIP","floor":10},{"not_picked":["Cleave","Rampage"],"picked":"Armaments","floor":12},{"not_picked":["Wild Strike","Clash","Armaments"],"picked":"SKIP","floor":14},{"not_picked":["Anger","Heavy Blade"],"picked":"Thunderclap","floor":18}],"player_experience":253529,"relics_obtained":[{"floor":7,"key":"Anchor"},{"floor":9,"key":"Regal Pillow"},{"floor":10,"key":"Bag of Marbles"}],"event_choices":[{"cards_removed":["Strike_R"],"damage_healed":0,"gold_gain":0,"player_choice":"Card Removal","damage_taken":7,"max_hp_gain":0,"max_hp_loss":0,"event_name":"Golden Wing","floor":2,"gold_loss":0},{"damage_healed":0,"gold_gain":0,"player_choice":"Upgraded","damage_taken":0,"max_hp_gain":0,"max_hp_loss":0,"event_name":"Upgrade Shrine","floor":3,"gold_loss":0,"cards_upgraded":["Bash"]},{"damage_healed":0,"gold_gain":0,"player_choice":"Fight","damage_taken":0,"max_hp_gain":0,"max_hp_loss":0,"event_name":"Colosseum","floor":19,"gold_loss":0},{"damage_healed":0,"gold_gain":0,"player_choice":"Fled From Nobs","damage_taken":0,"max_hp_gain":0,"max_hp_loss":0,"event_name":"Colosseum","floor":19,"gold_loss":0}],"is_beta":false,"boss_relics":[{"not_picked":["Cursed Key","Orrery"],"picked":"Ectoplasm"}],"items_purged_floors":[],"is_endless":false,"potions_floor_spawned":[5,7,8,16,19],"killed_by":"3 Byrds","ascension_level":6}