{"gold_per_floor":[215,215,229,229,404,404,417,437,464,487,71,92,112,126,126,254,254,269,21,21,41,41,51,51,64,64,97,27,27],"floor_reached":29,"playtime":3788,"items_purged":["Doubt","Normality"],"score":239,"play_id":"6b07cf14-cbde-4bcf-9936-b9ecebc7a613","local_time":"20190802003146","is_ascension_mode":false,"campfire_choices":[{"data":"Leap","floor":6,"key":"SMITH"},{"floor":15,"key":"REST"}],"neow_cost":"NONE","seed_source_timestamp":27338346701500,"circlet_count":0,"master_deck":["Strike_B","Strike_B","Strike_B","Defend_B","Defend_B","Defend_B","Defend_B","Zap","Dualcast","Chaos","Leap+1","White Noise","Amplify","Static Discharge","Leap","White Noise","Echo Form","Conserve Battery","Electrodynamics","Parasite","Parasite","Redo","Self Repair+1","Conserve Battery+1","Leap","Rainbow","Capacitor"],"relics":["Cracked Core","Bloody Idol","Anchor","Bottled Lightning","Calling Bell","Oddly Smooth Stone","Sundial","Shovel","Regal Pillow","Strawberry","Dream Catcher"],"potions_floor_usage":[16,16,23,23,29],"damage_taken":[{"damage":6,"enemies":"Jaw Worm","floor":1,"turns":3},{"damage":0,"enemies":"Small Slimes","floor":3,"turns":3},{"damage":1,"enemies":"2 Louse","floor":7,"turns":3},{"damage":2,"enemies":"Blue Slaver","floor":8,"turns":4},{"damage":11,"enemies":"3 Louse","floor":10,"turns":4},{"damage":10,"enemies":"2 Fungi Beasts","floor":12,"turns":3},{"damage":9,"enemies":"Exordium Thugs","floor":13,"turns":5},{"damage":9,"enemies":"Large Slime","floor":14,"turns":4},{"damage":15,"enemies":"Slime Boss","floor":16,"turns":10},{"damage":20,"enemies":"Spheric Guardian","floor":18,"turns":9},{"damage":2,"enemies":"Shell Parasite","floor":21,"turns":7},{"damage":0,"enemies":"Centurion and Healer","floor":23,"turns":5},{"damage":6,"enemies":"Shelled Parasite and Fungi","floor":25,"turns":6},{"damage":47,"enemies":"Book of Stabbing","floor":27,"turns":7},{"damage":40,"enemies":"Masked Bandits","floor":29,"turns":3}],"seed_played":"-1451140678005235000","potions_obtained":[{"floor":8,"key":"FearPotion"},{"floor":13,"key":"Poison Potion"},{"floor":14,"key":"Strength Potion"},{"floor":16,"key":"FocusPotion"},{"floor":18,"key":"Block Potion"},{"floor":23,"key":"Fire Potion"}],"is_trial":false,"path_per_floor":["M","?","M","?","?","R","M","M","T","M","$","M","M","M","R","B",null,"M","$","?","M","?","M","?","M","T","E","$","?"],"character_chosen":"DEFECT","items_purchased":["Static Discharge","Leap","Bottled Lightning","Regal Pillow","Capacitor"],"campfire_rested":1,"item_purchase_floors":[11,11,11,19,28],"current_hp_per_floor":[69,62,62,62,62,62,61,59,59,48,48,38,29,20,40,25,69,49,49,49,47,47,52,52,61,68,36,36,0],"gold":27,"neow_bonus":"HUNDRED_GOLD","is_prod":false,"is_daily":false,"chose_seed":false,"campfire_upgraded":1,"win_rate":0.0,"timestamp":1564673506,"path_taken":["M","?","M","?","?","R","M","M","T","M","$","M","M","M","R","BOSS","M","$","?","M","?","M","?","M","T","E","$","?"],"build_version":"2019-07-17","purchased_purges":2,"victory":false,"max_hp_per_floor":[75,75,75,69,69,69,69,69,69,69,69,69,69,69,69,69,69,69,69,69,69,69,69,69,69,76,76,76,76],"card_choices":[{"not_picked":["Steam","Go for the Eyes"],"picked":"Chaos","floor":1},{"not_picked":["Compile Driver","Force Field"],"picked":"Leap","floor":3},{"not_picked":["Compile Driver","Cold Snap"],"picked":"White Noise","floor":7},{"not_picked":["Static Discharge","Fusion"],"picked":"Amplify","floor":8},{"not_picked":["Go for the Eyes","Chill","Cold Snap"],"picked":"SKIP","floor":10},{"not_picked":["Sweeping Beam","Coolheaded"],"picked":"White Noise","floor":12},{"not_picked":["Go for the Eyes","Tempest"],"picked":"Echo Form","floor":13},{"not_picked":["Sweeping Beam","Scrape"],"picked":"Conserve Battery","floor":14},{"not_picked":["Machine Learning","All For One"],"picked":"Electrodynamics","floor":16},{"not_picked":["Chaos","Glacier"],"picked":"Redo","floor":18},{"not_picked":["Conserve Battery","Steam"],"picked":"Self Repair+1","floor":21},{"not_picked":["Leap","Gash+1"],"picked":"Conserve Battery+1","floor":23},{"not_picked":["Hello World+1","Gash"],"picked":"Leap","floor":25},{"not_picked":["Scrape+1","Rip and Tear"],"picked":"Rainbow","floor":27}],"player_experience":55834,"relics_obtained":[{"floor":9,"key":"Anchor"},{"floor":17,"key":"Oddly Smooth Stone"},{"floor":17,"key":"Sundial"},{"floor":17,"key":"Shovel"},{"floor":26,"key":"Strawberry"},{"floor":27,"key":"Dream Catcher"}],"event_choices":[{"cards_removed":["Strike_B"],"damage_healed":0,"gold_gain":0,"player_choice":"Card Removal","damage_taken":7,"max_hp_gain":0,"max_hp_loss":0,"event_name":"Golden Wing","floor":2,"gold_loss":0},{"damage_healed":0,"gold_gain":0,"player_choice":"Lose Max HP","damage_taken":0,"relics_obtained":["Golden Idol"],"max_hp_gain":0,"max_hp_loss":6,"event_name":"Golden Idol","floor":4,"gold_loss":0},{"damage_healed":0,"gold_gain":175,"player_choice":"AGREE","damage_taken":0,"max_hp_gain":0,"max_hp_loss":0,"event_name":"Liars Game","floor":5,"gold_loss":0,"cards_obtained":["Doubt"]},{"damage_healed":0,"gold_gain":0,"player_choice":"Ignored","damage_taken":0,"max_hp_gain":0,"max_hp_loss":0,"event_name":"Ghosts","floor":20,"gold_loss":0},{"damage_healed":0,"gold_gain":0,"player_choice":"Gave Idol","damage_taken":0,"relics_obtained":["Bloody Idol"],"max_hp_gain":0,"max_hp_loss":0,"event_name":"Forgotten Altar","floor":22,"relics_lost":["Golden Idol"],"gold_loss":0},{"damage_healed":0,"gold_gain":0,"player_choice":"Ignored","damage_taken":0,"max_hp_gain":0,"max_hp_loss":0,"event_name":"Vampires","floor":24,"gold_loss":0},{"damage_healed":0,"gold_gain":0,"player_choice":"Fought Bandits","damage_taken":0,"max_hp_gain":0,"max_hp_loss":0,"event_name":"Masked Bandits","floor":29,"gold_loss":0}],"is_beta":false,"boss_relics":[{"not_picked":["Sozu","Cursed Key"],"picked":"Calling Bell"}],"items_purged_floors":[11,19],"is_endless":false,"potions_floor_spawned":[8,13,14,16,18,23],"killed_by":"Masked Bandits","ascension_level":0}