{"gold_per_floor":[115,135,65,79,99,99,114,114,165,199,199,218,143,162,162,257,257,269,194,94,105,105],"floor_reached":22,"playtime":703,"items_purged":["Parasite","Strike_R"],"score":235,"play_id":"c929c64f-a982-4955-870f-9859b3391bcf","local_time":"20190218170144","is_ascension_mode":true,"campfire_choices":[{"data":"Whirlwind","floor":6,"key":"SMITH"},{"data":"Inflame","floor":11,"key":"SMITH"},{"floor":15,"key":"REST"}],"neow_cost":"TEN_PERCENT_HP_LOSS","seed_source_timestamp":70178837064199,"circlet_count":0,"master_deck":["Strike_R","Strike_R","Strike_R","Strike_R","Defend_R","Defend_R","Defend_R","Defend_R","Bash","Battle Trance","Inflame+1","Whirlwind+1","Flex","Flex","Spot Weakness"],"relics":["Burning Blood","Magic Flower","Blood Vial","Bottled Tornado","Runic Pyramid"],"potions_floor_usage":[4,16,22,22,22],"damage_taken":[{"damage":0,"enemies":"Small Slimes","floor":1,"turns":3},{"damage":6,"enemies":"Cultist","floor":2,"turns":3},{"damage":8,"enemies":"2 Louse","floor":4,"turns":3},{"damage":10,"enemies":"Large Slime","floor":5,"turns":5},{"damage":9,"enemies":"2 Fungi Beasts","floor":7,"turns":2},{"damage":40,"enemies":"Lagavulin","floor":10,"turns":5},{"damage":6,"enemies":"Exordium Wildlife","floor":12,"turns":4},{"damage":9,"enemies":"Looter","floor":14,"turns":3},{"damage":59,"enemies":"The Guardian","floor":16,"turns":11},{"damage":33,"enemies":"Spheric Guardian","floor":18,"turns":4},{"damage":12,"enemies":"Chosen","floor":21,"turns":3},{"damage":48,"enemies":"Snake Plant","floor":22,"turns":2}],"seed_played":"7698094490134072707","potions_obtained":[{"floor":1,"key":"SpeedPotion"},{"floor":4,"key":"Fruit Juice"},{"floor":5,"key":"Swift Potion"},{"floor":10,"key":"Explosive Potion"},{"floor":14,"key":"Explosive Potion"},{"floor":18,"key":"SkillPotion"}],"is_trial":false,"path_per_floor":["M","M","$","M","M","R","M","?","T","E","R","M","$","M","R","B",null,"M","?","$","M","M"],"character_chosen":"IRONCLAD","items_purchased":["Whirlwind"],"campfire_rested":1,"item_purchase_floors":[3],"current_hp_per_floor":[72,72,72,77,76,76,76,76,76,46,46,52,52,55,74,24,62,41,41,41,41,0],"gold":105,"neow_bonus":"ONE_RARE_RELIC","is_prod":false,"is_daily":false,"chose_seed":false,"campfire_upgraded":2,"win_rate":0,"timestamp":1550538104,"path_taken":["M","M","$","M","M","R","M","?","T","E","R","M","$","M","R","BOSS","M","?","$","M","M"],"build_version":"2019-01-23","purchased_purges":2,"victory":false,"max_hp_per_floor":[72,72,72,77,77,77,77,77,77,77,77,77,74,74,74,74,74,74,74,74,74,74],"card_choices":[{"not_picked":["Heavy Blade","Havoc"],"picked":"Battle Trance","floor":1},{"not_picked":["Havoc","Clash"],"picked":"Inflame","floor":2},{"not_picked":["Uppercut","Carnage","Headbutt"],"picked":"SKIP","floor":4},{"not_picked":["Evolve","Bludgeon","Sentinel"],"picked":"SKIP","floor":5},{"not_picked":["Armaments","Reckless Charge"],"picked":"Flex","floor":7},{"not_picked":["Shrug It Off","Flame Barrier"],"picked":"Flex","floor":10},{"not_picked":["Burning Pact","Power Through","Dual Wield"],"picked":"SKIP","floor":12},{"not_picked":["Fire Breathing","Iron Wave","Headbutt"],"picked":"SKIP","floor":14},{"not_picked":["Anger","Shrug It Off","Sword Boomerang"],"picked":"SKIP","floor":18},{"not_picked":["Armaments","Headbutt+1"],"picked":"Spot Weakness","floor":21}],"player_experience":194099,"relics_obtained":[{"floor":9,"key":"Blood Vial"},{"floor":10,"key":"Bottled Tornado"}],"event_choices":[{"damage_healed":0,"gold_gain":0,"player_choice":"2 cards matched","damage_taken":0,"max_hp_gain":0,"max_hp_loss":0,"event_name":"Match and Keep!","floor":8,"gold_loss":0,"cards_obtained":["Clothesline","Parasite"]},{"cards_removed":["Clothesline"],"damage_healed":0,"gold_gain":0,"player_choice":"Gave Gold","damage_taken":0,"max_hp_gain":0,"max_hp_loss":0,"event_name":"Beggar","floor":19,"gold_loss":75}],"is_beta":false,"boss_relics":[{"not_picked":["Coffee Dripper","Tiny House"],"picked":"Runic Pyramid"}],"items_purged_floors":[13,20],"is_endless":false,"potions_floor_spawned":[1,4,5,10,14,18],"killed_by":"Snake Plant","ascension_level":5}