{"gold_per_floor":[111,286,286,87,100,132,132,61,61,88,88,88,108,28,28,128,128,138,138,138,153,173,173,184,197,248,248,51,63,63,81,81,183,183,202,202,216,226,239,239,259,259,310,327,61,61,79,92,92,92],"floor_reached":51,"playtime":1432,"items_purged":["Doubt","Writhe"],"score":995,"play_id":"4e1f7b48-f756-4188-bae4-3540e000e185","local_time":"20190626193458","is_ascension_mode":true,"campfire_choices":[{"floor":7,"key":"REST"},{"floor":15,"key":"REST"},{"floor":23,"key":"REST"},{"data":"Leg Sweep","floor":30,"key":"SMITH"},{"floor":32,"key":"REST"},{"floor":40,"key":"REST"},{"floor":42,"key":"REST"},{"floor":46,"key":"REST"},{"floor":49,"key":"REST"}],"neow_cost":"NONE","seed_source_timestamp":6733695780348,"circlet_count":0,"master_deck":["Survivor","Neutralize","Cloak And Dagger","Noxious Fumes","Bane","Bane","Cloak And Dagger","Crippling Poison","Bane","Blade Dance","Infinite Blades+1","Adrenaline","Footwork+1","Bane","Skewer","Venomology","Cloak And Dagger","Wraith Form v2+1","Leg Sweep+1","Infinite Blades+1","Flying Knee","Corpse Explosion","Blade Dance","Cloak And Dagger","Catalyst+1","A Thousand Cuts+1","Backflip+1","Finisher","Bullet Time","Footwork+1","Backflip+1","Finisher","Infinite Blades+1","Panache+1","Blade Dance+1"],"relics":["Philosopher\u0027s Stone","Strawberry","Shuriken","Odd Mushroom","Frozen Egg 2","Pandora\u0027s Box","Boot","Question Card","Lee\u0027s Waffle","Runic Dome","Orichalcum"],"potions_floor_usage":[16,22,24,24,25,25,31,31,33,33,35,38,38,39,50,50,50],"damage_taken":[{"damage":0,"enemies":"Jaw Worm","floor":1,"turns":4},{"damage":0,"enemies":"Small Slimes","floor":5,"turns":4},{"damage":34,"enemies":"Gremlin Nob","floor":6,"turns":4},{"damage":24,"enemies":"The Mushroom Lair","floor":10,"turns":4},{"damage":0,"enemies":"2 Louse","floor":13,"turns":2},{"damage":31,"enemies":"Hexaghost","floor":16,"turns":6},{"damage":17,"enemies":"Chosen","floor":18,"turns":4},{"damage":8,"enemies":"Spheric Guardian","floor":21,"turns":4},{"damage":6,"enemies":"3 Cultists","floor":22,"turns":4},{"damage":7,"enemies":"Centurion and Healer","floor":24,"turns":3},{"damage":18,"enemies":"Shelled Parasite and Fungi","floor":25,"turns":3},{"damage":26,"enemies":"Chosen and Byrds","floor":29,"turns":3},{"damage":12,"enemies":"Centurion and Healer","floor":31,"turns":3},{"damage":23,"enemies":"Automaton","floor":33,"turns":7},{"damage":20,"enemies":"Orb Walker","floor":35,"turns":3},{"damage":16,"enemies":"3 Shapes","floor":37,"turns":2},{"damage":26,"enemies":"Spire Growth","floor":38,"turns":4},{"damage":15,"enemies":"Transient","floor":39,"turns":5},{"damage":24,"enemies":"Sphere and 2 Shapes","floor":41,"turns":3},{"damage":32,"enemies":"4 Shapes","floor":44,"turns":3},{"damage":17,"enemies":"Spire Growth","floor":47,"turns":4},{"damage":24,"enemies":"Sphere and 2 Shapes","floor":48,"turns":3},{"damage":46,"enemies":"Donu and Deca","floor":50,"turns":3}],"seed_played":"5171349327464017147","potions_obtained":[{"floor":1,"key":"PowerPotion"},{"floor":5,"key":"Explosive Potion"},{"floor":21,"key":"Fire Potion"},{"floor":24,"key":"EssenceOfSteel"},{"floor":25,"key":"Strength Potion"},{"floor":31,"key":"GhostInAJar"},{"floor":33,"key":"Poison Potion"},{"floor":37,"key":"Block Potion"},{"floor":38,"key":"Strength Potion"},{"floor":48,"key":"Dexterity Potion"}],"is_trial":false,"path_per_floor":["M","?","?","$","M","E","R","$","T","?","T","?","M","$","R","B",null,"M","?","?","M","M","R","M","M","T","T","$","M","R","M","R","B",null,"M","?","M","M","M","R","M","R","T","M","$","R","M","M","R","B",null],"character_chosen":"THE_SILENT","items_purchased":["Noxious Fumes","Bane","Crippling Poison","Infinite Blades+1","Lee\u0027s Waffle","Panache+1"],"campfire_rested":8,"item_purchase_floors":[4,4,8,14,28,45],"current_hp_per_floor":[63,63,63,63,63,36,59,59,59,35,35,40,40,40,64,33,70,53,53,37,29,23,49,42,24,24,24,94,68,68,56,84,61,86,66,90,74,48,33,61,37,65,65,33,33,61,44,20,48,2],"gold":92,"neow_bonus":"BOSS_RELIC","is_prod":false,"is_daily":false,"chose_seed":false,"campfire_upgraded":1,"win_rate":0,"timestamp":1561592098,"path_taken":["M","?","?","$","M","E","R","?","T","?","?","?","M","$","R","BOSS","M","?","?","M","M","R","M","?","T","?","$","M","R","M","R","BOSS","M","?","M","M","M","R","M","R","T","M","$","R","M","M","R","BOSS"],"build_version":"2019-01-23","purchased_purges":2,"victory":true,"max_hp_per_floor":[70,70,70,70,70,77,77,77,77,77,77,82,82,82,82,82,82,82,82,87,87,87,87,87,87,87,87,94,94,94,94,94,94,94,94,94,94,94,94,94,94,94,94,94,94,94,94,94,94,94],"card_choices":[{"not_picked":["Concentrate","Underhanded Strike"],"picked":"Cloak And Dagger","floor":1},{"not_picked":["Dagger Throw","Underhanded Strike"],"picked":"Bane","floor":5},{"not_picked":["Accuracy","Endless Agony"],"picked":"Cloak And Dagger","floor":6},{"not_picked":["Slice","Outmaneuver"],"picked":"Bane","floor":10},{"not_picked":["Acrobatics","Flying Knee"],"picked":"Blade Dance","floor":13},{"not_picked":["Unload","Phantasmal Killer"],"picked":"Adrenaline","floor":16},{"not_picked":["Cloak And Dagger","Quick Slash"],"picked":"Blade Dance","floor":18},{"not_picked":["Cloak And Dagger","Underhanded Strike+1","Escape Plan"],"picked":"SKIP","floor":21},{"not_picked":["Underhanded Strike+1","Escape Plan"],"picked":"Cloak And Dagger","floor":21},{"not_picked":["Poisoned Stab+1","Underhanded Strike"],"picked":"Catalyst+1","floor":22},{"not_picked":["Dash+1","Heel Hook"],"picked":"A Thousand Cuts+1","floor":24},{"not_picked":["Dodge and Roll","Flying Knee+1","Deadly Poison"],"picked":"SKIP","floor":25},{"not_picked":["Blade Dance","Dagger Spray+1","Slice"],"picked":"Backflip+1","floor":29},{"not_picked":["Expertise+1","Distraction","Bane"],"picked":"Finisher","floor":31},{"not_picked":["Glass Knife","Tools of the Trade+1","A Thousand Cuts+1"],"picked":"Bullet Time","floor":33},{"not_picked":["Blur","Poisoned Stab","Prepared","Dodge and Roll"],"picked":"SKIP","floor":35},{"not_picked":["Dagger Throw+1","Deflect","Outmaneuver"],"picked":"Footwork+1","floor":37},{"not_picked":["Dagger Spray","Dagger Throw","Cloak And Dagger+1"],"picked":"Backflip+1","floor":38},{"not_picked":["Dodge and Roll","Calculated Gamble","Cloak And Dagger"],"picked":"Finisher","floor":39},{"not_picked":["Concentrate","Deflect","Flechettes","All Out Attack"],"picked":"SKIP","floor":41},{"not_picked":["Underhanded Strike+1","Eviscerate+1","Deadly Poison"],"picked":"Infinite Blades+1","floor":44},{"not_picked":["Dodge and Roll","Tools of the Trade+1","Dagger Throw+1"],"picked":"Blade Dance+1","floor":47},{"not_picked":["Flying Knee","Deadly Poison","Prepared+1","Blade Dance"],"picked":"SKIP","floor":48}],"player_experience":494750,"relics_obtained":[{"floor":6,"key":"Strawberry"},{"floor":9,"key":"Shuriken"},{"floor":10,"key":"Odd Mushroom"},{"floor":11,"key":"Frozen Egg 2"},{"floor":26,"key":"Boot"},{"floor":27,"key":"Question Card"},{"floor":43,"key":"Orichalcum"}],"event_choices":[{"damage_healed":0,"gold_gain":175,"player_choice":"AGREE","damage_taken":0,"max_hp_gain":0,"max_hp_loss":0,"event_name":"Liars Game","floor":2,"gold_loss":0,"cards_obtained":["Doubt"]},{"damage_healed":0,"gold_gain":0,"player_choice":"Ignored","damage_taken":0,"max_hp_gain":0,"max_hp_loss":0,"event_name":"Golden Wing","floor":3,"gold_loss":0},{"damage_healed":0,"gold_gain":0,"player_choice":"Fought Mushrooms","damage_taken":0,"max_hp_gain":0,"max_hp_loss":0,"event_name":"Mushrooms","floor":10,"gold_loss":0},{"damage_healed":0,"gold_gain":0,"player_choice":"Donut","damage_taken":0,"max_hp_gain":5,"max_hp_loss":0,"event_name":"Big Fish","floor":12,"gold_loss":0},{"damage_healed":0,"gold_gain":0,"player_choice":"Ignored","damage_taken":0,"max_hp_gain":0,"max_hp_loss":0,"event_name":"Ghosts","floor":19,"gold_loss":0},{"damage_healed":0,"gold_gain":0,"player_choice":"Shed Blood","damage_taken":21,"max_hp_gain":5,"max_hp_loss":0,"event_name":"Forgotten Altar","floor":20,"gold_loss":0},{"damage_healed":24,"gold_gain":0,"player_choice":"Writhe","damage_taken":0,"max_hp_gain":0,"max_hp_loss":0,"event_name":"Winding Halls","floor":36,"gold_loss":0,"cards_obtained":["Writhe"]}],"is_beta":false,"boss_relics":[{"not_picked":["Astrolabe","Coffee Dripper"],"picked":"Pandora\u0027s Box"},{"not_picked":["Black Star","Runic Pyramid"],"picked":"Runic Dome"}],"items_purged_floors":[4,45],"is_endless":false,"potions_floor_spawned":[1,5,21,24,25,31,33,37,38,48],"ascension_level":7}