{"path_per_floor":["M","M","M","?","$","E","R","M","T","T","R","M","M","?","R","B",null,"M","$","M","?","M","R","M"],"character_chosen":"IRONCLAD","items_purchased":["Armaments"],"gold_per_floor":[114,130,150,150,51,85,85,97,120,120,120,131,151,151,151,276,276,251,151,174,99,122,122,145,145],"floor_reached":25,"campfire_rested":3,"playtime":3076,"current_hp_per_floor":[80,80,80,73,73,31,55,47,54,64,93,94,91,90,90,58,90,66,66,39,39,15,42,26,0],"items_purged":["Strike_R","Feel No Pain"],"gold":145,"score":205,"play_id":"f78b03b0-abef-416d-8b06-e1dbd11abdf2","local_time":"20180510162250","is_prod":false,"is_daily":false,"chose_seed":false,"is_ascension_mode":false,"campfire_upgraded":1,"timestamp":1525965770,"path_taken":["M","M","?","?","$","E","R","?","T","?","R","?","M","?","R","BOSS","M","$","M","?","M","R","M","M"],"build_version":"2018-05-03","seed_source_timestamp":95501192661315,"purchased_purges":2,"victory":false,"master_deck":["Strike_R","Defend_R+1","Defend_R","Defend_R","Defend_R","Bash","Ghostly Armor","Headbutt","Thunderclap","Rampage+1","Armaments+1","Anger","Armaments","Reaper","Rampage","Shrug It Off","Armaments+1"],"max_hp_per_floor":[80,80,80,80,80,80,80,80,87,97,97,97,97,90,90,90,90,90,90,90,90,90,90,90,90],"relics":["Burning Blood","War Paint","Strawberry","Pear","Golden Idol","Runic Pyramid"],"card_choices":[{"not_picked":["Sword Boomerang","True Grit"],"picked":"Headbutt","floor":1},{"not_picked":["Flame Barrier","Cleave"],"picked":"Thunderclap","floor":2},{"not_picked":["Pommel Strike","Shrug It Off"],"picked":"Rampage","floor":3},{"not_picked":["Power Through","Sever Soul"],"picked":"Feel No Pain","floor":6},{"not_picked":["Cleave","True Grit"],"picked":"Anger","floor":8},{"not_picked":["Reckless Charge","Entrench"],"picked":"Armaments","floor":13},{"not_picked":["Bludgeon","Double Tap"],"picked":"Reaper","floor":16},{"not_picked":["Anger","Shockwave"],"picked":"Rampage","floor":18},{"not_picked":["Twin Strike","True Grit"],"picked":"Shrug It Off","floor":22},{"not_picked":["Heavy Blade","Juggernaut"],"picked":"Armaments","floor":24}],"player_experience":81878,"potions_floor_usage":[13,22,25,25],"damage_taken":[{"damage":4,"enemies":"Cultist","floor":1,"turns":5},{"damage":4,"enemies":"Small Slimes","floor":2,"turns":5},{"damage":0,"enemies":"2 Louse","floor":3,"turns":3},{"damage":48,"enemies":"Gremlin Nob","floor":6,"turns":6},{"damage":14,"enemies":"Exordium Wildlife","floor":8,"turns":5},{"damage":5,"enemies":"Lots of Slimes","floor":12,"turns":2},{"damage":18,"enemies":"Gremlin Gang","floor":13,"turns":6},{"damage":38,"enemies":"The Guardian","floor":16,"turns":15},{"damage":38,"enemies":"2 Thieves","floor":18,"turns":5},{"damage":33,"enemies":"Spheric Guardian","floor":20,"turns":7},{"damage":35,"enemies":"Snake Plant","floor":22,"turns":7},{"damage":27,"enemies":"Slaver and Parasite","floor":24,"turns":12},{"damage":41,"enemies":"Cultist and Chosen","floor":25,"turns":4}],"event_choices":[{"event_name":"Golden Wing","player_choice":"Card Removal","floor":4,"damage_taken":0},{"event_name":"Golden Idol","player_choice":"Lose Max HP","floor":14,"damage_taken":0},{"event_name":"Beggar","player_choice":"Gave Gold","floor":21,"damage_taken":0}],"boss_relics":[{"not_picked":["Philosopher\u0027s Stone","Runic Dome"],"picked":"Runic Pyramid"}],"potions_floor_spawned":[6,8,13,18,20,24],"seed_played":"-3553569357212982307","killed_by":"Cultist and Chosen","ascension_level":0,"is_trial":false}