{"gold_per_floor":[113,1,14,32,32,32,64,64,135,164,164,164,19,30,30,133,133,103,103,21,21,21,21,47,47,47,47,47,57,69,80,80,80],"floor_reached":33,"playtime":2123,"items_purged":[],"score":325,"play_id":"622f6b7f-b0b4-427c-82f8-0e7ea5927dab","local_time":"20181030191059","is_ascension_mode":true,"campfire_choices":[{"data":"Rampage","floor":6,"key":"SMITH"},{"floor":8,"key":"REST"},{"floor":12,"key":"REST"},{"floor":15,"key":"REST"},{"floor":23,"key":"REST"},{"floor":25,"key":"REST"},{"data":"Limit Break","floor":28,"key":"SMITH"},{"floor":32,"key":"REST"}],"neow_cost":"NONE","seed_source_timestamp":955738250811239,"circlet_count":0,"master_deck":["Strike_R","Strike_R","Strike_R","Strike_R","Strike_R","Defend_R","Defend_R","Defend_R","Defend_R","Bash","Flex","Dramatic Entrance","Flex","Rampage+1","Inflame","Ghostly Armor","Limit Break+1","Heavy Blade","Metallicize","Shrug It Off+1","Disarm"],"relics":["Burning Blood","Happy Flower","GremlinMask","Lantern","Dodecahedron","Torii","PreservedInsect","Boot","Kunai","Omamori","Mango"],"potions_floor_usage":[18,24,24,30,33],"damage_taken":[{"damage":2,"enemies":"Jaw Worm","floor":1,"turns":3},{"damage":1,"enemies":"Cultist","floor":3,"turns":3},{"damage":6,"enemies":"Small Slimes","floor":4,"turns":2},{"damage":45,"enemies":"3 Sentries","floor":7,"turns":10},{"damage":34,"enemies":"Gremlin Nob","floor":10,"turns":4},{"damage":7,"enemies":"Looter","floor":14,"turns":4},{"damage":55,"enemies":"The Guardian","floor":16,"turns":13},{"damage":17,"enemies":"2 Thieves","floor":18,"turns":2},{"damage":60,"enemies":"Slavers","floor":24,"turns":8},{"damage":28,"enemies":"Spheric Guardian","floor":29,"turns":8},{"damage":17,"enemies":"Centurion and Healer","floor":30,"turns":7},{"damage":10,"enemies":"Snake Plant","floor":31,"turns":5},{"damage":79,"enemies":"Collector","floor":33,"turns":6}],"seed_played":"4567756187166019161","potions_obtained":[{"floor":7,"key":"SmokeBomb"},{"floor":10,"key":"Poison Potion"},{"floor":14,"key":"SpeedPotion"},{"floor":29,"key":"PowerPotion"},{"floor":31,"key":"PowerPotion"}],"is_trial":false,"path_per_floor":["M","$","M","M","?","R","E","R","T","E","?","R","$","M","R","B",null,"M","?","$","?","T","R","E","R","T","$","R","M","M","M","R"],"character_chosen":"IRONCLAD","items_purchased":["Flex","Dramatic Entrance","Boot","Metallicize"],"campfire_rested":6,"item_purchase_floors":[2,2,13,20],"current_hp_per_floor":[80,80,80,80,80,80,41,65,65,37,34,58,58,57,80,31,80,69,69,69,69,69,80,26,50,64,64,64,42,31,27,55,0],"gold":80,"neow_bonus":"RANDOM_COMMON_RELIC","is_prod":false,"is_daily":false,"chose_seed":false,"campfire_upgraded":2,"win_rate":0,"timestamp":1540926659,"path_taken":["M","$","M","M","?","R","E","R","T","E","?","R","$","M","R","BOSS","M","?","?","?","?","R","E","R","T","$","R","M","M","M","R","BOSS"],"build_version":"2018-10-25v2","purchased_purges":0,"victory":false,"max_hp_per_floor":[80,80,80,80,80,80,80,80,80,80,80,80,80,80,80,80,80,80,80,80,80,80,80,80,80,94,94,94,94,94,94,94,94],"card_choices":[{"not_picked":["Wild Strike","Evolve","Warcry"],"picked":"SKIP","floor":1},{"not_picked":["Havoc","Warcry"],"picked":"Flex","floor":3},{"not_picked":["Heavy Blade","Pommel Strike"],"picked":"Rampage","floor":4},{"not_picked":["Immolate","Intimidate","Hemokinesis"],"picked":"SKIP","floor":7},{"not_picked":["Hemokinesis","Thunderclap"],"picked":"Inflame","floor":10},{"not_picked":["Power Through","Inflame"],"picked":"Ghostly Armor","floor":14},{"not_picked":["Feed","Offering"],"picked":"Limit Break","floor":16},{"not_picked":["Hemokinesis+1","Wild Strike+1"],"picked":"Shrug It Off+1","floor":24},{"not_picked":["Wild Strike+1","Burning Pact+1","Corruption"],"picked":"SKIP","floor":29},{"not_picked":["Sword Boomerang","Perfected Strike","Clothesline+1"],"picked":"SKIP","floor":30},{"not_picked":["Clothesline","True Grit"],"picked":"Disarm","floor":31}],"player_experience":766466,"relics_obtained":[{"floor":7,"key":"Lantern"},{"floor":9,"key":"Dodecahedron"},{"floor":10,"key":"Torii"},{"floor":22,"key":"Kunai"},{"floor":24,"key":"Omamori"},{"floor":26,"key":"Mango"}],"event_choices":[{"damage_healed":0,"gold_gain":0,"player_choice":"Trade","damage_taken":0,"relics_obtained":["GremlinMask"],"max_hp_gain":0,"max_hp_loss":0,"event_name":"FaceTrader","floor":5,"gold_loss":0},{"damage_healed":0,"gold_gain":0,"player_choice":"Success","damage_taken":3,"relics_obtained":["PreservedInsect"],"max_hp_gain":0,"max_hp_loss":0,"event_name":"Scrap Ooze","floor":11,"gold_loss":0},{"damage_healed":0,"gold_gain":0,"player_choice":"Read","damage_taken":0,"max_hp_gain":0,"max_hp_loss":0,"event_name":"The Library","floor":19,"gold_loss":0,"cards_obtained":["Heavy Blade"]},{"damage_healed":0,"gold_gain":0,"player_choice":"Ignored","damage_taken":0,"max_hp_gain":0,"max_hp_loss":0,"event_name":"Beggar","floor":21,"gold_loss":0}],"is_beta":false,"boss_relics":[{"not_picked":["Calling Bell","Pandora\u0027s Box","Runic Cube"]}],"items_purged_floors":[],"is_endless":false,"potions_floor_spawned":[7,10,14,29,31],"killed_by":"Collector","ascension_level":4}