{"gold_per_floor":[117,132,132,132,149,149,119,130,130,161,179,179,190,206,206,306,306,320,334,334,334],"floor_reached":21,"playtime":810,"items_purged":[],"score":220,"play_id":"fae2a635-484f-441e-9205-99d7e999f5bb","local_time":"20190411154511","is_ascension_mode":true,"campfire_choices":[{"floor":6,"key":"REST"},{"floor":12,"key":"REST"},{"floor":15,"key":"REST"}],"neow_cost":"NONE","seed_source_timestamp":369783592301840,"circlet_count":0,"master_deck":["Defend_G","Defend_G","Defend_G","Defend_G","Defend_G","Strike_G","Strike_G","Strike_G","Survivor","Neutralize","Quick Slash","Well Laid Plans","Noxious Fumes","Caltrops","Noxious Fumes","Noxious Fumes","Dagger Spray"],"relics":["Ring of the Snake","The Courier","PreservedInsect","Omamori","Runic Dome"],"potions_floor_usage":[8,10,16,19],"damage_taken":[{"damage":5,"enemies":"Jaw Worm","floor":1,"turns":8},{"damage":5,"enemies":"2 Louse","floor":2,"turns":3},{"damage":0,"enemies":"Cultist","floor":5,"turns":4},{"damage":9,"enemies":"Exordium Wildlife","floor":8,"turns":6},{"damage":4,"enemies":"3 Sentries","floor":10,"turns":8},{"damage":17,"enemies":"Large Slime","floor":11,"turns":7},{"damage":19,"enemies":"Looter","floor":13,"turns":3},{"damage":20,"enemies":"3 Louse","floor":14,"turns":3},{"damage":32,"enemies":"Hexaghost","floor":16,"turns":9},{"damage":7,"enemies":"Shell Parasite","floor":18,"turns":7},{"damage":39,"enemies":"2 Thieves","floor":19,"turns":4},{"damage":31,"enemies":"Cultist and Chosen","floor":21,"turns":5}],"seed_played":"3833575114160420438","potions_obtained":[{"floor":1,"key":"SpeedPotion"},{"floor":2,"key":"EssenceOfSteel"},{"floor":14,"key":"Poison Potion"},{"floor":16,"key":"Fire Potion"}],"is_trial":false,"path_per_floor":["M","M","?","?","M","R","$","M","T","E","M","R","M","M","R","B",null,"M","M","?","M"],"character_chosen":"THE_SILENT","items_purchased":["Noxious Fumes"],"campfire_rested":3,"item_purchase_floors":[7],"current_hp_per_floor":[72,67,60,57,57,77,77,68,68,64,47,70,51,31,54,22,77,70,31,31,0],"gold":334,"neow_bonus":"TEN_PERCENT_HP_BONUS","is_prod":false,"is_daily":false,"chose_seed":false,"campfire_upgraded":0,"win_rate":0,"timestamp":1555011911,"path_taken":["M","M","?","?","M","R","?","?","T","E","M","R","M","M","R","BOSS","M","M","?","M"],"build_version":"2019-01-23","purchased_purges":0,"victory":false,"max_hp_per_floor":[77,77,77,77,77,77,77,77,77,77,77,77,77,77,77,77,77,77,77,77,77],"card_choices":[{"not_picked":["Slice","Deflect"],"picked":"Quick Slash","floor":1},{"not_picked":["Sucker Punch","Blur","Endless Agony"],"picked":"SKIP","floor":2},{"not_picked":["Deadly Poison","Dagger Throw"],"picked":"Well Laid Plans","floor":5},{"not_picked":["All Out Attack","Crippling Poison","Reflex"],"picked":"SKIP","floor":8},{"not_picked":["Tactician","Accuracy","Sucker Punch"],"picked":"SKIP","floor":10},{"not_picked":["Sucker Punch","PiercingWail"],"picked":"Caltrops","floor":11},{"not_picked":["Infinite Blades","Escape Plan"],"picked":"Noxious Fumes","floor":13},{"not_picked":["Blur","Crippling Poison"],"picked":"Noxious Fumes","floor":14},{"not_picked":["Acrobatics","Prepared+1","Escape Plan"],"picked":"SKIP","floor":18},{"not_picked":["Slice+1","Backflip","Dodge and Roll"],"picked":"SKIP","floor":19}],"player_experience":304182,"relics_obtained":[{"floor":9,"key":"PreservedInsect"},{"floor":10,"key":"Omamori"}],"event_choices":[{"cards_removed":["Strike_G"],"damage_healed":0,"gold_gain":0,"player_choice":"Card Removal","damage_taken":7,"max_hp_gain":0,"max_hp_loss":0,"event_name":"Golden Wing","floor":3,"gold_loss":0},{"damage_healed":0,"gold_gain":0,"player_choice":"Success","damage_taken":3,"relics_obtained":["The Courier"],"max_hp_gain":0,"max_hp_loss":0,"event_name":"Scrap Ooze","floor":4,"gold_loss":0},{"damage_healed":0,"gold_gain":0,"cards_transformed":["Strike_G"],"player_choice":"Transformed","damage_taken":0,"max_hp_gain":0,"max_hp_loss":0,"event_name":"Transmorgrifier","floor":20,"gold_loss":0,"cards_obtained":["Dagger Spray"]}],"is_beta":false,"boss_relics":[{"not_picked":["Empty Cage","Snecko Eye"],"picked":"Runic Dome"}],"items_purged_floors":[],"is_endless":false,"potions_floor_spawned":[1,2,14,16],"killed_by":"Cultist and Chosen","ascension_level":4}