{"gold_per_floor":[112,122,12,23,23,23,58,58,82,82,109,129,145,163,163,267,267,286,296,296,315,344,344,357,357,384,384,400,400,420,420,420,420],"floor_reached":33,"playtime":3385,"items_purged":[],"score":297,"play_id":"6c5bc944-8010-4d39-865a-33dde915ccd1","local_time":"20190728153903","is_ascension_mode":true,"campfire_choices":[{"data":"Capacitor","floor":6.0,"key":"SMITH"},{"floor":10.0,"key":"REST"},{"floor":15.0,"key":"REST"},{"floor":23,"key":"REST"},{"floor":25,"key":"REST"},{"floor":27,"key":"REST"},{"data":"Bite","floor":32,"key":"SMITH"}],"neow_cost":"NONE","seed_source_timestamp":278387057013900,"circlet_count":0,"master_deck":["Defend_B+1","Defend_B+1","Defend_B+1","Defend_B+1","Zap","Dualcast","Gash","Conserve Battery","Loop","Glacier","Capacitor+1","Conserve Battery","Coolheaded","Hello World","Consume","Go for the Eyes","Buffer","Ball Lightning","Melter","Gash","Gash+1","Stack+1","Force Field","Chill","Bite+1","Bite","Bite","Bite","Bite"],"special_seed":0,"relics":["Cracked Core","Bag of Preparation","War Paint","Strawberry","Matryoshka","Philosopher\u0027s Stone","Red Mask","Blood Vial","Orichalcum"],"potions_floor_usage":[22],"damage_taken":[{"damage":1.0,"enemies":"Cultist","floor":1.0,"turns":3.0},{"damage":6.0,"enemies":"2 Louse","floor":2.0,"turns":2.0},{"damage":0.0,"enemies":"Jaw Worm","floor":4.0,"turns":5.0},{"damage":58.0,"enemies":"Gremlin Nob","floor":7.0,"turns":6.0},{"damage":14.0,"enemies":"Lagavulin","floor":11.0,"turns":9.0},{"damage":7.0,"enemies":"Exordium Thugs","floor":12.0,"turns":6.0},{"damage":0.0,"enemies":"Large Slime","floor":13.0,"turns":7.0},{"damage":17.0,"enemies":"Gremlin Gang","floor":14.0,"turns":6.0},{"damage":21.0,"enemies":"Slime Boss","floor":16.0,"turns":13.0},{"damage":11.0,"enemies":"Spheric Guardian","floor":18.0,"turns":6.0},{"damage":6.0,"enemies":"Chosen","floor":19.0,"turns":6.0},{"damage":22.0,"enemies":"Snake Plant","floor":21.0,"turns":5.0},{"damage":41,"enemies":"Masked Bandits","floor":22,"turns":5},{"damage":19,"enemies":"Shelled Parasite and Fungi","floor":24,"turns":7},{"damage":6,"enemies":"Snecko","floor":28,"turns":4},{"damage":3,"enemies":"Centurion and Healer","floor":30,"turns":12},{"damage":89,"enemies":"Collector","floor":33,"turns":9}],"seed_played":"-3046537623570336546","potions_obtained":[{"floor":2.0,"key":"AttackPotion"},{"floor":11.0,"key":"AttackPotion"},{"floor":12.0,"key":"SteroidPotion"},{"floor":14.0,"key":"Block Potion"},{"floor":16.0,"key":"SneckoOil"},{"floor":22,"key":"SteroidPotion"}],"is_trial":false,"path_per_floor":["M","M","$","M","?","R","E","$","T","R","E","M","M","M","R","B",null,"M","M","?","M","?","R","M","R","T","R","M","$","M","?","R","B"],"character_chosen":"DEFECT","items_purchased":["Loop","Glacier"],"campfire_rested":5,"item_purchase_floors":[3,3],"current_hp_per_floor":[81,75,75,75,75,75,17,17,24,50,36,29,29,12,38,17,89,78,72,72,50,9,35,16,42,42,68,64,64,63,62,62,0],"gold":420,"neow_bonus":"TEN_PERCENT_HP_BONUS","is_prod":false,"is_daily":false,"chose_seed":false,"campfire_upgraded":2,"win_rate":0,"timestamp":1564349943,"path_taken":["M","M","?","M","?","R","E","$","T","R","E","M","M","M","R","BOSS","M","M","?","M","?","R","M","R","T","R","M","$","M","?","R","BOSS"],"build_version":"2019-07-17","purchased_purges":0,"victory":false,"max_hp_per_floor":[82,82,82,82,82,82,82,82,89,89,89,89,89,89,89,89,89,89,89,89,89,89,89,89,89,89,89,89,89,89,62,62,62],"card_choices":[{"not_picked":["Compile Driver","Barrage"],"picked":"Gash","floor":1.0},{"not_picked":["Coolheaded","Storm"],"picked":"Conserve Battery","floor":2.0},{"not_picked":["Rip and Tear","Stack"],"picked":"Capacitor","floor":4.0},{"not_picked":["Fission","Go for the Eyes"],"picked":"Conserve Battery","floor":7.0},{"not_picked":["Streamline","Hologram"],"picked":"Coolheaded","floor":11.0},{"not_picked":["Rip and Tear","Redo"],"picked":"Hello World","floor":12.0},{"not_picked":["Heatsinks","Reprogram"],"picked":"Consume","floor":13.0},{"not_picked":["Stack","Leap"],"picked":"Go for the Eyes","floor":14.0},{"not_picked":["Meteor Strike","Seek"],"picked":"Buffer","floor":16.0},{"not_picked":["Double Energy+1","Rip and Tear"],"picked":"Ball Lightning","floor":18.0},{"not_picked":["Force Field","Go for the Eyes"],"picked":"Melter","floor":19.0},{"not_picked":["Aggregate","Go for the Eyes"],"picked":"Gash","floor":21},{"not_picked":["Lockon+1","Melter+1"],"picked":"Gash+1","floor":22},{"not_picked":["Cold Snap+1","Compile Driver+1"],"picked":"Stack+1","floor":24},{"not_picked":["Aggregate","Sweeping Beam"],"picked":"Force Field","floor":28},{"not_picked":["Hologram+1","Redo"],"picked":"Chill","floor":30}],"player_experience":75098,"relics_obtained":[{"floor":7.0,"key":"War Paint"},{"floor":9.0,"key":"Strawberry"},{"floor":11.0,"key":"Matryoshka"},{"floor":22,"key":"Red Mask"},{"floor":26,"key":"Blood Vial"},{"floor":26,"key":"Orichalcum"}],"event_choices":[{"damage_healed":0.0,"max_hp_gain":0.0,"max_hp_loss":0.0,"gold_gain":0.0,"event_name":"WeMeetAgain","player_choice":"Gave Potion","floor":5.0,"gold_loss":0.0,"damage_taken":0.0,"relics_obtained":["Bag of Preparation"]},{"damage_healed":0.0,"max_hp_gain":0.0,"max_hp_loss":0.0,"gold_gain":0.0,"event_name":"Back to Basics","player_choice":"Simplicity","floor":20.0,"gold_loss":0.0,"damage_taken":0.0,"cards_upgraded":["Strike_B","Strike_B","Strike_B","Strike_B","Defend_B","Defend_B"]},{"damage_healed":0,"gold_gain":0,"player_choice":"Fought Bandits","damage_taken":0,"max_hp_gain":0,"max_hp_loss":0,"event_name":"Masked Bandits","floor":22,"gold_loss":0},{"damage_healed":0,"gold_gain":0,"player_choice":"Became a vampire","damage_taken":0,"max_hp_gain":0,"max_hp_loss":27,"event_name":"Vampires","floor":31,"gold_loss":0,"cards_obtained":["Bite","Bite","Bite","Bite","Bite"]}],"is_beta":false,"boss_relics":[{"not_picked":["White Beast Statue","Coffee Dripper"],"picked":"Philosopher\u0027s Stone"}],"items_purged_floors":[],"is_endless":false,"potions_floor_spawned":[2,11,12,14,16,19,21,22],"killed_by":"Collector","ascension_level":1}