{"gold_per_floor":[113,113,38,38,38,38,58,91,91,107,125,125,85],"floor_reached":13,"playtime":312,"items_purged":[],"score":158,"play_id":"253d1cc8-f525-4ca3-9948-cd018278c90f","local_time":"20190603213857","is_ascension_mode":true,"campfire_choices":[{"data":"Flex","floor":6,"key":"SMITH"}],"neow_cost":"NONE","seed_source_timestamp":39648825813900,"circlet_count":0,"master_deck":["AscendersBane","Strike_R","Strike_R","Strike_R","Defend_R","Defend_R","Defend_R","Defend_R","Bash","Exhume","Flex+1","Entrench+1","Dropkick","Immolate+1","Heavy Blade"],"relics":["Burning Blood","Ice Cream","Kunai"],"potions_floor_usage":[11],"damage_taken":[{"damage":1,"enemies":"Small Slimes","floor":1,"turns":3},{"damage":3,"enemies":"2 Louse","floor":7,"turns":4},{"damage":64,"enemies":"Lagavulin","floor":8,"turns":8},{"damage":0,"enemies":"Cultist","floor":10,"turns":2},{"damage":16,"enemies":"Blue Slaver","floor":11,"turns":4},{"damage":12,"enemies":"Looter","floor":13,"turns":2}],"seed_played":"8625767800538951184","potions_obtained":[{"floor":10,"key":"BloodPotion"}],"is_trial":false,"path_per_floor":["M","?","?","$","?","R","M","E","T","M","M","?","M"],"character_chosen":"IRONCLAD","items_purchased":[],"campfire_rested":0,"item_purchase_floors":[],"current_hp_per_floor":[73,78,78,78,78,78,80,22,22,28,26,2,0],"gold":85,"neow_bonus":"ONE_RANDOM_RARE_CARD","is_prod":false,"is_daily":false,"chose_seed":false,"campfire_upgraded":1,"win_rate":0,"timestamp":1559623137,"path_taken":["M","?","?","$","?","R","?","E","T","M","M","?","M"],"build_version":"2019-01-23","purchased_purges":0,"victory":false,"max_hp_per_floor":[75,80,80,80,80,80,80,80,80,80,80,80,80],"card_choices":[{"not_picked":["Iron Wave","Havoc"],"picked":"Flex","floor":1},{"not_picked":["Havoc","Bloodletting","Anger"],"picked":"SKIP","floor":7},{"not_picked":["Perfected Strike","Evolve"],"picked":"Dropkick","floor":8},{"not_picked":["Carnage","Rage"],"picked":"Immolate","floor":10},{"not_picked":["Shrug It Off","Perfected Strike"],"picked":"Heavy Blade","floor":11}],"player_experience":430171,"relics_obtained":[{"floor":8,"key":"Ice Cream"},{"floor":9,"key":"Kunai"}],"event_choices":[{"damage_healed":0,"gold_gain":0,"player_choice":"Donut","damage_taken":0,"max_hp_gain":5,"max_hp_loss":0,"event_name":"Big Fish","floor":2,"gold_loss":0},{"cards_removed":["Strike_R"],"damage_healed":0,"gold_gain":0,"player_choice":"Card Removal","damage_taken":0,"max_hp_gain":0,"max_hp_loss":0,"event_name":"The Cleric","floor":3,"gold_loss":75},{"damage_healed":0,"gold_gain":0,"cards_transformed":["Strike_R"],"player_choice":"Transformed","damage_taken":0,"max_hp_gain":0,"max_hp_loss":0,"event_name":"Transmorgrifier","floor":5,"gold_loss":0,"cards_obtained":["Entrench"]},{"damage_healed":0,"gold_gain":0,"player_choice":"Entered Light","damage_taken":24,"max_hp_gain":0,"max_hp_loss":0,"event_name":"Shining Light","floor":12,"gold_loss":0,"cards_upgraded":["Entrench","Immolate"]}],"is_beta":false,"boss_relics":[],"items_purged_floors":[],"is_endless":false,"potions_floor_spawned":[10],"killed_by":"Looter","ascension_level":18}