{"gold_per_floor":[111,111,32,32,32,63,63,119,190,220,220,248,248,261,261,366,366,386,62,46,46,46,46,77,96,96,129,129,60,60,70,70,167,167,187,44,61,61,61,61,78,88,88,88,88,88,100,129,129,129],"floor_reached":50,"playtime":3863,"items_purged":[],"score":785,"play_id":"3f9d6b31-577f-492a-a565-639eca37740e","local_time":"20181025212902","is_ascension_mode":true,"campfire_choices":[{"floor":7.0,"key":"REST"},{"floor":11.0,"key":"REST"},{"floor":13.0,"key":"REST"},{"floor":15.0,"key":"REST"},{"floor":23.0,"key":"REST"},{"floor":28.0,"key":"REST"},{"floor":30.0,"key":"REST"},{"floor":32.0,"key":"REST"},{"floor":40.0,"key":"REST"},{"data":"1","floor":44.0,"key":"LIFT"},{"floor":46.0,"key":"REST"},{"floor":49,"key":"REST"}],"neow_cost":"NONE","seed_source_timestamp":0,"circlet_count":0,"master_deck":["Defend_G","Defend_G+1","Defend_G+1","Defend_G","Defend_G","Strike_G+1","Strike_G","Strike_G","Strike_G","Strike_G+1","Survivor","Neutralize+1","Bane","Predator","Dagger Spray","Poisoned Stab","Deflect","Bullet Time","Blade Dance+1","Noxious Fumes","Apotheosis","Blur","Noxious Fumes+1","Quick Slash","Slice","Dash","Caltrops","Footwork","Deadly Poison+1","Endless Agony","Corpse Explosion+1","Dash+1","Masterful Stab+1","Good Instincts+1","Blur+1","Shame","Backstab+1","Caltrops+1","Dodge and Roll+1","Wraith Form v2"],"special_seed":0,"relics":["Ring of the Snake","Orichalcum","Snake Skull","Mummified Hand","War Paint","Bag of Preparation","Fusion Hammer","Toxic Egg 2","Lantern","Dream Catcher","Cursed Key","Pen Nib","Girya","PreservedInsect"],"potions_floor_usage":[50,50],"damage_taken":[{"damage":1.0,"enemies":"Small Slimes","floor":1.0,"turns":3.0},{"damage":35.0,"enemies":"Lagavulin","floor":6.0,"turns":9.0},{"damage":22.0,"enemies":"Gremlin Nob","floor":10.0,"turns":5.0},{"damage":13.0,"enemies":"3 Sentries","floor":12.0,"turns":9.0},{"damage":0.0,"enemies":"Jaw Worm","floor":14.0,"turns":3.0},{"damage":36.0,"enemies":"The Guardian","floor":16.0,"turns":13.0},{"damage":0.0,"enemies":"Chosen","floor":18.0,"turns":4.0},{"damage":5.0,"enemies":"2 Thieves","floor":20.0,"turns":4.0},{"damage":0.0,"enemies":"Cultist and Chosen","floor":22.0,"turns":4.0},{"damage":22.0,"enemies":"Book of Stabbing","floor":24.0,"turns":5.0},{"damage":1.0,"enemies":"Shelled Parasite and Fungi","floor":25.0,"turns":4.0},{"damage":38.0,"enemies":"Slavers","floor":27.0,"turns":5.0},{"damage":10.0,"enemies":"Snecko","floor":31.0,"turns":4.0},{"damage":34.0,"enemies":"Automaton","floor":33.0,"turns":8.0},{"damage":23.0,"enemies":"3 Darklings","floor":35.0,"turns":3.0},{"damage":0.0,"enemies":"Orb Walker","floor":37.0,"turns":2.0},{"damage":13.0,"enemies":"Jaw Worm Horde","floor":41.0,"turns":4.0},{"damage":4.0,"enemies":"Sphere and 2 Shapes","floor":42.0,"turns":5.0},{"damage":12,"enemies":"Transient","floor":47,"turns":5},{"damage":15,"enemies":"Reptomancer","floor":48,"turns":6},{"damage":59,"enemies":"Time Eater","floor":50,"turns":8}],"seed_played":"3559224189481510801","potions_obtained":[{"floor":6.0,"key":"SmokeBomb"},{"floor":10.0,"key":"Ancient Potion"},{"floor":20.0,"key":"PowerPotion"},{"floor":25.0,"key":"GamblersBrew"},{"floor":47,"key":"GamblersBrew"},{"floor":48,"key":"GamblersBrew"}],"is_trial":false,"path_per_floor":["M","?","$","?","?","E","R","?","T","E","R","E","R","M","R","B",null,"M","$","M","?","M","R","E","M","T","E","R","$","R","M","R","B",null,"M","$","M","?","$","R","M","M","T","R","?","R","M","E","R"],"character_chosen":"THE_SILENT","items_purchased":["Predator","Noxious Fumes","Apotheosis","Blur","Footwork","Pen Nib"],"campfire_rested":11,"item_purchase_floors":[3,19,19,19,29,36],"current_hp_per_floor":[62,48,48,48,48,13,34,34,34,12,33,20,41,41,62,26,59,59,59,54,54,54,70,48,47,47,9,30,30,51,41,62,28,60,37,37,37,37,37,58,45,41,41,41,41,62,50,35,56,0],"gold":129,"neow_bonus":"RANDOM_COMMON_RELIC","is_prod":false,"is_daily":false,"chose_seed":false,"campfire_upgraded":0,"win_rate":0,"timestamp":1540499342,"path_taken":["M","?","$","?","?","E","R","?","T","E","R","E","R","M","R","BOSS","M","$","M","?","M","R","E","M","T","E","R","?","R","M","R","BOSS","M","$","M","?","?","R","M","M","T","R","?","R","?","E","R","BOSS"],"build_version":"2018-10-18","purchased_purges":0,"victory":false,"max_hp_per_floor":[70,70,70,70,70,70,70,70,70,70,70,70,70,70,70,70,70,70,70,70,70,70,70,70,70,70,70,70,70,70,70,70,70,70,70,70,70,70,70,70,70,70,70,70,70,70,70,70,70,70],"card_choices":[{"not_picked":["Sucker Punch","Deadly Poison"],"picked":"Bane","floor":1.0},{"not_picked":["Sucker Punch","Deadly Poison"],"picked":"Dagger Spray","floor":6.0},{"not_picked":["Doppelganger","Phantasmal Killer"],"picked":"Poisoned Stab","floor":10.0},{"not_picked":["Bane","Underhanded Strike"],"picked":"Deadly Poison","floor":12.0},{"not_picked":["Quick Slash","Backflip"],"picked":"Deflect","floor":14.0},{"not_picked":["Venomology","Malaise"],"picked":"Bullet Time","floor":16.0},{"not_picked":["Backflip+1","Deflect+1"],"picked":"Blade Dance+1","floor":18.0},{"not_picked":["Predator","Concentrate+1"],"picked":"Noxious Fumes+1","floor":20.0},{"not_picked":["Underhanded Strike+1","Flying Knee"],"picked":"Quick Slash","floor":24.0},{"not_picked":["Poisoned Stab","Acrobatics+1"],"picked":"Slice","floor":25.0},{"not_picked":["Blade Dance+1","Predator"],"picked":"Dash","floor":27.0},{"not_picked":["Deadly Poison+1","Dagger Spray+1"],"picked":"Caltrops","floor":28.0},{"not_picked":["Outmaneuver+1","Acrobatics+1"],"picked":"Deadly Poison+1","floor":30.0},{"not_picked":["Backflip+1","Underhanded Strike+1"],"picked":"Endless Agony","floor":31.0},{"not_picked":["Doppelganger+1","Bullet Time+1"],"picked":"Corpse Explosion+1","floor":33.0},{"not_picked":["Caltrops+1","Tactician+1"],"picked":"Dash+1","floor":35.0},{"not_picked":["Backflip+1","Crippling Poison+1"],"picked":"Masterful Stab+1","floor":37.0},{"not_picked":["Transmutation+1","Flash of Steel"],"picked":"Good Instincts+1","floor":38.0},{"not_picked":["Sucker Punch+1","Outmaneuver+1"],"picked":"Blur+1","floor":41.0},{"not_picked":["Blade Dance+1","Outmaneuver+1","Dodge and Roll+1"],"picked":"SKIP","floor":42.0},{"not_picked":["Outmaneuver+1","Slice"],"picked":"Backstab+1","floor":46.0},{"not_picked":["Slice+1","Eviscerate"],"picked":"Caltrops+1","floor":47},{"not_picked":["Prepared+1","Concentrate+1"],"picked":"Dodge and Roll+1","floor":48},{"not_picked":["Slice","Masterful Stab"],"picked":"Wraith Form v2","floor":49}],"player_experience":758976,"relics_obtained":[{"floor":6.0,"key":"Snake Skull"},{"floor":9.0,"key":"Mummified Hand"},{"floor":10.0,"key":"War Paint"},{"floor":12.0,"key":"Bag of Preparation"},{"floor":24.0,"key":"Toxic Egg 2"},{"floor":26.0,"key":"Lantern"},{"floor":27.0,"key":"Dream Catcher"},{"floor":43.0,"key":"Girya"},{"floor":48,"key":"PreservedInsect"}],"event_choices":[{"damage_healed":0.0,"max_hp_gain":0.0,"max_hp_loss":0.0,"gold_gain":0.0,"event_name":"Shining Light","player_choice":"Entered Light","floor":2.0,"gold_loss":0.0,"damage_taken":14.0,"cards_upgraded":["Strike_G","Strike_G"]},{"damage_healed":0.0,"max_hp_gain":0.0,"max_hp_loss":0.0,"gold_gain":0.0,"event_name":"Living Wall","player_choice":"Grow","floor":4.0,"gold_loss":0.0,"damage_taken":0.0,"cards_upgraded":["Neutralize"]},{"damage_healed":0.0,"max_hp_gain":0.0,"max_hp_loss":0.0,"gold_gain":0.0,"event_name":"The Cleric","player_choice":"Leave","floor":5.0,"gold_loss":0.0,"damage_taken":0.0},{"damage_healed":0.0,"max_hp_gain":0.0,"max_hp_loss":0.0,"gold_gain":56.0,"event_name":"Golden Wing","player_choice":"Gained Gold","floor":8.0,"gold_loss":0.0,"damage_taken":0.0},{"damage_healed":0.0,"max_hp_gain":0.0,"max_hp_loss":0.0,"gold_gain":0.0,"event_name":"Ghosts","player_choice":"Ignored","floor":21.0,"gold_loss":0.0,"damage_taken":0.0},{"damage_healed":0.0,"max_hp_gain":0.0,"max_hp_loss":0.0,"gold_gain":0.0,"event_name":"SensoryStone","player_choice":"Memory 1","floor":38.0,"gold_loss":0.0,"damage_taken":0.0},{"cards_removed":["Deadly Poison"],"damage_healed":0.0,"max_hp_gain":0.0,"max_hp_loss":0.0,"gold_gain":0.0,"event_name":"Falling","player_choice":"Removed Skill","floor":45.0,"gold_loss":0.0,"damage_taken":0.0}],"is_beta":false,"boss_relics":[{"not_picked":["Black Star","Runic Pyramid"],"picked":"Fusion Hammer"},{"not_picked":["Pandora\u0027s Box","Velvet Choker"],"picked":"Cursed Key"}],"items_purged_floors":[],"is_endless":false,"potions_floor_spawned":[6,10,20,25,47,48],"killed_by":"Time Eater","ascension_level":9}