{"gold_per_floor":[112,187,202,220,93,93,93,93,93,116,147,147,173,173,173,173],"floor_reached":16,"playtime":627,"items_purged":["Strike_R"],"score":170,"play_id":"509e4d1e-17c2-4d14-8c19-0a800a8e2aa1","local_time":"20190502105423","is_ascension_mode":true,"campfire_choices":[{"data":"Flex","floor":6,"key":"SMITH"},{"data":"Bash","floor":8,"key":"SMITH"},{"floor":12,"key":"REST"},{"floor":15,"key":"REST"}],"neow_cost":"NONE","seed_source_timestamp":256869172647400,"circlet_count":0,"master_deck":["AscendersBane","Strike_R","Strike_R","Strike_R","Strike_R","Defend_R","Defend_R","Defend_R","Defend_R","Bash+1","Blind","Thunderclap+1","Flex+1","Cleave","Whirlwind"],"relics":["Burning Blood","Mummified Hand","Odd Mushroom","Paper Frog","Regal Pillow"],"potions_floor_usage":[16,16],"damage_taken":[{"damage":4,"enemies":"Jaw Worm","floor":1,"turns":4},{"damage":8,"enemies":"2 Louse","floor":3,"turns":3},{"damage":0,"enemies":"Small Slimes","floor":4,"turns":3},{"damage":15,"enemies":"The Mushroom Lair","floor":10,"turns":4},{"damage":45,"enemies":"Lagavulin","floor":11,"turns":6},{"damage":18,"enemies":"Gremlin Nob","floor":13,"turns":4},{"damage":80,"enemies":"The Guardian","floor":16,"turns":15}],"seed_played":"8908791515303363478","potions_obtained":[{"floor":11,"key":"EssenceOfSteel"},{"floor":13,"key":"BloodPotion"}],"is_trial":false,"path_per_floor":["M","?","M","M","$","R","?","R","T","?","E","R","E","?","R","B"],"character_chosen":"IRONCLAD","items_purchased":["Flex"],"campfire_rested":2,"item_purchase_floors":[5],"current_hp_per_floor":[74,63,61,67,67,67,67,67,67,58,19,43,31,31,70,0],"gold":173,"neow_bonus":"RANDOM_COLORLESS","is_prod":false,"is_daily":false,"chose_seed":false,"campfire_upgraded":2,"win_rate":0,"timestamp":1556819663,"path_taken":["M","?","M","M","$","R","?","R","T","?","E","R","E","?","R","BOSS"],"build_version":"2019-01-23","purchased_purges":1,"victory":false,"max_hp_per_floor":[80,80,80,80,80,80,80,80,80,80,80,80,80,80,80,80],"card_choices":[{"not_picked":["True Grit","Hemokinesis"],"picked":"Thunderclap","floor":1},{"not_picked":["Havoc","Warcry","Blood for Blood"],"picked":"SKIP","floor":3},{"not_picked":["Shrug It Off","Inflame","Body Slam"],"picked":"SKIP","floor":4},{"not_picked":["Uppercut","Headbutt"],"picked":"Cleave","floor":11},{"not_picked":["Dual Wield","Dark Embrace"],"picked":"Whirlwind","floor":13}],"player_experience":354489,"relics_obtained":[{"floor":9,"key":"Mummified Hand"},{"floor":10,"key":"Odd Mushroom"},{"floor":11,"key":"Paper Frog"},{"floor":13,"key":"Regal Pillow"}],"event_choices":[{"damage_healed":0,"gold_gain":75,"player_choice":"Gather Gold","damage_taken":11,"max_hp_gain":0,"max_hp_loss":0,"event_name":"World of Goop","floor":2,"gold_loss":0},{"damage_healed":0,"gold_gain":0,"player_choice":"Grow","damage_taken":0,"max_hp_gain":0,"max_hp_loss":0,"event_name":"Living Wall","floor":7,"gold_loss":0,"cards_upgraded":["Thunderclap"]},{"damage_healed":0,"gold_gain":0,"player_choice":"Fought Mushrooms","damage_taken":0,"max_hp_gain":0,"max_hp_loss":0,"event_name":"Mushrooms","floor":10,"gold_loss":0},{"damage_healed":0,"gold_gain":0,"player_choice":"Ignored","damage_taken":0,"max_hp_gain":0,"max_hp_loss":0,"event_name":"Liars Game","floor":14,"gold_loss":0}],"is_beta":false,"boss_relics":[],"items_purged_floors":[5],"is_endless":false,"potions_floor_spawned":[11,13],"killed_by":"The Guardian","ascension_level":12}