{"gold_per_floor":[116,291,305,319,58,58,41,59,59,78,78,78,99,29,29,153,153,177,177,191,212,122,122,140,140],"floor_reached":25,"playtime":4189,"items_purged":[],"score":197,"play_id":"0b421409-8701-4088-acd7-4515509f01d2","local_time":"20190717030357","is_ascension_mode":false,"campfire_choices":[{"data":"Caltrops","floor":6.0,"key":"SMITH"},{"floor":11.0,"key":"REST"},{"floor":15.0,"key":"REST"},{"floor":23,"key":"REST"}],"neow_cost":"NONE","seed_source_timestamp":0,"circlet_count":0,"master_deck":["Strike_G","Strike_G","Strike_G","Strike_G","Strike_G","Defend_G","Defend_G","Defend_G","Defend_G","Defend_G","Survivor","Neutralize","Well Laid Plans+1","All Out Attack","Blur","Dash","Caltrops+1","Distraction","Catalyst","Dodge and Roll","Corpse Explosion","Prepared","Quick Slash","Malaise","Predator","Dagger Spray","Flechettes+1","Backstab"],"special_seed":0,"relics":["Ring of the Snake","Pen Nib","Frozen Egg 2","Golden Idol","Fusion Hammer"],"potions_floor_usage":[25,25],"damage_taken":[{"damage":0.0,"enemies":"2 Louse","floor":1.0,"turns":3.0},{"damage":0.0,"enemies":"Jaw Worm","floor":3.0,"turns":5.0},{"damage":0.0,"enemies":"Small Slimes","floor":4.0,"turns":3.0},{"damage":7.0,"enemies":"Exordium Thugs","floor":7.0,"turns":4.0},{"damage":16.0,"enemies":"Exordium Wildlife","floor":8.0,"turns":5.0},{"damage":13.0,"enemies":"Gremlin Gang","floor":10.0,"turns":5.0},{"damage":0.0,"enemies":"2 Fungi Beasts","floor":13.0,"turns":5.0},{"damage":46.0,"enemies":"Slime Boss","floor":16.0,"turns":14.0},{"damage":11.0,"enemies":"Chosen","floor":18.0,"turns":7.0},{"damage":24.0,"enemies":"2 Thieves","floor":20.0,"turns":3.0},{"damage":15.0,"enemies":"Snake Plant","floor":21.0,"turns":6.0},{"damage":1,"enemies":"Snecko","floor":24,"turns":5},{"damage":26,"enemies":"Slavers","floor":25,"turns":3}],"seed_played":"-8468864046950931110","potions_obtained":[{"floor":1.0,"key":"PowerPotion"},{"floor":3.0,"key":"Regen Potion"},{"floor":7.0,"key":"Weak Potion"},{"floor":8.0,"key":"Block Potion"},{"floor":10.0,"key":"PowerPotion"},{"floor":18.0,"key":"Poison Potion"},{"floor":21.0,"key":"Strength Potion"}],"is_trial":false,"path_per_floor":["M","?","M","M","$","R","M","M","T","M","R","?","M","$","R","B",null,"M","?","M","M","?","R","M","E"],"character_chosen":"THE_SILENT","items_purchased":["Pen Nib","Dash","Caltrops","Prepared","Quick Slash"],"campfire_rested":3,"item_purchase_floors":[5,5,5,14,14],"current_hp_per_floor":[77,77,77,77,77,77,70,54,54,55,77,58,58,58,77,31,77,66,52,28,13,13,37,36,10],"gold":140,"neow_bonus":"TEN_PERCENT_HP_BONUS","is_prod":false,"is_daily":false,"chose_seed":false,"campfire_upgraded":1,"win_rate":0,"timestamp":1563347037,"path_taken":["M","?","M","M","$","R","M","M","T","M","R","?","M","$","R","BOSS","M","?","M","M","?","R","M","E"],"build_version":"2019-07-05","purchased_purges":0,"victory":false,"max_hp_per_floor":[77,77,77,77,77,77,77,77,77,77,77,77,77,77,77,77,77,77,82,82,82,82,82,82,82],"card_choices":[{"not_picked":["Deflect","Finisher"],"picked":"Well Laid Plans","floor":1.0},{"not_picked":["Outmaneuver","Tactician"],"picked":"All Out Attack","floor":3.0},{"not_picked":["Calculated Gamble","Slice"],"picked":"Blur","floor":4.0},{"not_picked":["Sucker Punch","Dodge and Roll"],"picked":"Distraction","floor":7.0},{"not_picked":["Deflect","Footwork"],"picked":"Catalyst","floor":8.0},{"not_picked":["Blade Dance","Eviscerate"],"picked":"Dodge and Roll","floor":10.0},{"not_picked":["Prepared","Bouncing Flask"],"picked":"Corpse Explosion","floor":13.0},{"not_picked":["Wraith Form v2+1","Night Terror"],"picked":"Malaise","floor":16.0},{"not_picked":["Flying Knee","Backflip"],"picked":"Predator","floor":18.0},{"not_picked":["Dodge and Roll","Finisher"],"picked":"Dagger Spray","floor":20.0},{"not_picked":["Tactician","Deflect"],"picked":"Flechettes+1","floor":21.0},{"not_picked":["Dagger Spray","Prepared+1"],"picked":"Backstab","floor":24}],"player_experience":67951,"relics_obtained":[{"floor":9.0,"key":"Frozen Egg 2"}],"event_choices":[{"damage_healed":0.0,"max_hp_gain":0.0,"max_hp_loss":0.0,"gold_gain":175.0,"event_name":"Liars Game","player_choice":"AGREE","floor":2.0,"gold_loss":0.0,"damage_taken":0.0,"cards_obtained":["Doubt"]},{"damage_healed":0.0,"max_hp_gain":0.0,"max_hp_loss":0.0,"gold_gain":0.0,"event_name":"Golden Idol","player_choice":"Take Damage","floor":12.0,"gold_loss":0.0,"damage_taken":19.0,"relics_obtained":["Golden Idol"]},{"damage_healed":0.0,"max_hp_gain":5.0,"max_hp_loss":0.0,"gold_gain":0.0,"event_name":"Forgotten Altar","player_choice":"Shed Blood","floor":19.0,"gold_loss":0.0,"damage_taken":19.0},{"cards_removed":["Doubt"],"damage_healed":0.0,"max_hp_gain":0.0,"max_hp_loss":0.0,"gold_gain":0.0,"event_name":"Designer","player_choice":"Upgrade and Remove","floor":22.0,"gold_loss":90.0,"damage_taken":0.0,"cards_upgraded":["Well Laid Plans"]}],"is_beta":false,"boss_relics":[{"not_picked":["Cursed Key","Astrolabe"],"picked":"Fusion Hammer"}],"items_purged_floors":[],"is_endless":false,"potions_floor_spawned":[1,3,7,8,10,18,21],"killed_by":"Slavers","ascension_level":0}