{"gold_per_floor":[116,128,141,141,155,167,167,184,184,109,109,109,120,140,140,239,239,257,257,271,271,271,271],"floor_reached":23,"playtime":1085,"items_purged":["Strike_R"],"score":213,"play_id":"e5cd5dba-6721-421f-bacd-3b6d0f6d28eb","local_time":"20190211120109","is_ascension_mode":true,"campfire_choices":[{"data":"Bash","floor":7,"key":"SMITH"},{"floor":15,"key":"REST"}],"neow_cost":"NONE","seed_source_timestamp":183475519743200,"circlet_count":0,"master_deck":["Defend_R","Bash+1","Headbutt","Dropkick","Evolve","Twin Strike","Flex","Double Tap","Shockwave+1","Power Through+1","Brutality+1","Cleave","Metallicize","Offering","Sword Boomerang","Battle Trance"],"relics":["Burning Blood","Vajra","Astrolabe"],"potions_floor_usage":[14,16,16,16,23],"damage_taken":[{"damage":3,"enemies":"Small Slimes","floor":1,"turns":4},{"damage":6,"enemies":"2 Louse","floor":2,"turns":3},{"damage":1,"enemies":"Cultist","floor":3,"turns":3},{"damage":38,"enemies":"Exordium Wildlife","floor":5,"turns":7},{"damage":35,"enemies":"Red Slaver","floor":6,"turns":5},{"damage":22,"enemies":"Looter","floor":8,"turns":3},{"damage":26,"enemies":"Exordium Thugs","floor":13,"turns":4},{"damage":2,"enemies":"Lots of Slimes","floor":14,"turns":2},{"damage":33,"enemies":"Slime Boss","floor":16,"turns":10},{"damage":33,"enemies":"Spheric Guardian","floor":18,"turns":4},{"damage":37,"enemies":"Chosen","floor":20,"turns":6},{"damage":29,"enemies":"Slavers","floor":23,"turns":3}],"seed_played":"6161179450471559471","potions_obtained":[{"floor":2,"key":"Ancient Potion"},{"floor":6,"key":"Swift Potion"},{"floor":8,"key":"PowerPotion"},{"floor":13,"key":"Explosive Potion"},{"floor":14,"key":"BloodPotion"},{"floor":20,"key":"Block Potion"}],"is_trial":false,"path_per_floor":["M","M","M","?","M","M","R","M","T","$","?","?","M","M","R","B",null,"M","?","M","?","?","E"],"character_chosen":"IRONCLAD","items_purchased":[],"campfire_rested":1,"item_purchase_floors":[],"current_hp_per_floor":[80,80,80,85,53,24,24,8,8,8,8,29,9,13,38,19,85,58,58,27,27,27,0],"gold":271,"neow_bonus":"REMOVE_CARD","is_prod":false,"is_daily":false,"chose_seed":false,"campfire_upgraded":1,"win_rate":0,"timestamp":1549915269,"path_taken":["M","M","M","?","M","M","R","M","T","$","?","?","M","M","R","BOSS","M","?","M","?","?","E"],"build_version":"2019-01-23","purchased_purges":1,"victory":false,"max_hp_per_floor":[80,80,80,85,85,85,85,85,85,85,85,85,85,85,85,85,85,85,85,85,82,82,82],"card_choices":[{"not_picked":["Warcry","Bloodletting"],"picked":"Headbutt","floor":1},{"not_picked":["Bloodletting","Iron Wave"],"picked":"Dropkick","floor":2},{"not_picked":["Body Slam","Heavy Blade"],"picked":"Evolve","floor":3},{"not_picked":["Bloodletting","Ghostly Armor","Iron Wave"],"picked":"SKIP","floor":5},{"not_picked":["Power Through","Perfected Strike","Ghostly Armor"],"picked":"SKIP","floor":6},{"not_picked":["Iron Wave","Clothesline","Immolate"],"picked":"SKIP","floor":8},{"not_picked":["Burning Pact","Seeing Red"],"picked":"Twin Strike","floor":13},{"not_picked":["Clash","Reckless Charge"],"picked":"Flex","floor":14},{"not_picked":["Feed","Limit Break"],"picked":"Double Tap","floor":16},{"not_picked":["Armaments+1","Pommel Strike+1"],"picked":"Cleave","floor":18},{"not_picked":["Wild Strike","Anger"],"picked":"Sword Boomerang","floor":20}],"player_experience":135206,"relics_obtained":[{"floor":9,"key":"Vajra"}],"event_choices":[{"damage_healed":0,"gold_gain":0,"player_choice":"Donut","damage_taken":0,"max_hp_gain":5,"max_hp_loss":0,"event_name":"Big Fish","floor":4,"gold_loss":0},{"damage_healed":0,"gold_gain":0,"player_choice":"Ignored","damage_taken":0,"max_hp_gain":0,"max_hp_loss":0,"event_name":"Liars Game","floor":11,"gold_loss":0},{"damage_healed":21,"gold_gain":0,"player_choice":"Healed and dodged fight","damage_taken":0,"max_hp_gain":0,"max_hp_loss":0,"event_name":"Mushrooms","floor":12,"gold_loss":0,"cards_obtained":["Parasite"]},{"damage_healed":0,"gold_gain":0,"cards_transformed":["Strike_R","Defend_R"],"player_choice":"Became Test Subject","damage_taken":0,"max_hp_gain":0,"max_hp_loss":0,"event_name":"Drug Dealer","floor":19,"gold_loss":0,"cards_obtained":["Metallicize","Offering"]},{"cards_removed":["Parasite"],"damage_healed":0,"gold_gain":0,"player_choice":"Elegance","damage_taken":0,"max_hp_gain":0,"max_hp_loss":0,"event_name":"Back to Basics","floor":21,"gold_loss":0},{"damage_healed":0,"gold_gain":0,"cards_transformed":["Defend_R"],"player_choice":"Transformed","damage_taken":0,"max_hp_gain":0,"max_hp_loss":0,"event_name":"Transmorgrifier","floor":22,"gold_loss":0,"cards_obtained":["Battle Trance"]}],"is_beta":false,"boss_relics":[{"not_picked":["Cursed Key","Velvet Choker"],"picked":"Astrolabe"}],"items_purged_floors":[10],"is_endless":false,"potions_floor_spawned":[2,6,8,13,14,20],"killed_by":"Slavers","ascension_level":3}