{"gold_per_floor":[114,133,36,36,47,47,59,59,59,91,10,26,101,117,117,222,222,242,192,204,215,140,165,165,13,13,44,55,65,65,94,94,199,199,215,90,101,117,117,117,133,165,189,189,240,250,350,365,365,365,365,365,16,49,49],"floor_reached":55,"playtime":19152,"items_purged":["Strike_R","Strike_R","Strike_R","Strike_R"],"score":734,"play_id":"6c3fb4fa-5cd8-4061-857b-e70afd85b1b3","local_time":"20190722031028","is_ascension_mode":false,"campfire_choices":[{"data":"Armaments","floor":6.0,"key":"SMITH"},{"data":"Body Slam","floor":8.0,"key":"SMITH"},{"data":"Flame Barrier","floor":15.0,"key":"SMITH"},{"floor":24.0,"key":"RECALL"},{"floor":30.0,"key":"REST"},{"data":"Shockwave","floor":32.0,"key":"SMITH"},{"data":"Warcry","floor":40.0,"key":"SMITH"},{"data":"Limit Break","floor":44.0,"key":"SMITH"},{"floor":49.0,"key":"REST"},{"data":"Double Tap","floor":52,"key":"SMITH"}],"neow_cost":"NONE","seed_source_timestamp":0,"circlet_count":0,"master_deck":["Defend_R","Defend_R","Defend_R","Defend_R","Bash","Twin Strike","Twin Strike","Cleave","Body Slam+1","Blood for Blood","Armaments+1","Shockwave+1","Shrug It Off","Bandage Up","Flame Barrier+1","Clothesline","Limit Break+1","Body Slam+1","Inflame+1","Shrug It Off","Warcry+1","Entrench","True Grit+1","Reaper","Battle Trance","Body Slam+1","Parasite","Heavy Blade+1","Pommel Strike+1","Dropkick","Double Tap+1"],"special_seed":0,"relics":["Burning Blood","Dream Catcher","Pear","Mark of Pain","Oddly Smooth Stone","Torii","Happy Flower","Bottled Lightning","Snecko Eye","Gremlin Horn","Centennial Puzzle","Lantern","Charon\u0027s Ashes","Vajra","Strawberry"],"potions_floor_usage":[55],"damage_taken":[{"damage":1.0,"enemies":"2 Louse","floor":1.0,"turns":3.0},{"damage":1.0,"enemies":"Cultist","floor":2.0,"turns":3.0},{"damage":7.0,"enemies":"Small Slimes","floor":5.0,"turns":2.0},{"damage":6.0,"enemies":"Red Slaver","floor":7.0,"turns":3.0},{"damage":28.0,"enemies":"Lagavulin","floor":10.0,"turns":8.0},{"damage":7.0,"enemies":"Exordium Wildlife","floor":12.0,"turns":3.0},{"damage":9.0,"enemies":"Gremlin Gang","floor":14.0,"turns":5.0},{"damage":51.0,"enemies":"Hexaghost","floor":16.0,"turns":13.0},{"damage":19.0,"enemies":"2 Thieves","floor":18.0,"turns":4.0},{"damage":1.0,"enemies":"Chosen","floor":20.0,"turns":6.0},{"damage":18.0,"enemies":"Shelled Parasite and Fungi","floor":21.0,"turns":4.0},{"damage":16.0,"enemies":"Book of Stabbing","floor":23.0,"turns":5.0},{"damage":24.0,"enemies":"Slavers","floor":27.0,"turns":5.0},{"damage":13.0,"enemies":"Centurion and Healer","floor":28.0,"turns":7.0},{"damage":6.0,"enemies":"Snecko","floor":29.0,"turns":4.0},{"damage":17.0,"enemies":"Gremlin Leader","floor":31.0,"turns":11.0},{"damage":82.0,"enemies":"Collector","floor":33.0,"turns":15.0},{"damage":9.0,"enemies":"3 Darklings","floor":35.0,"turns":6.0},{"damage":31.0,"enemies":"3 Shapes","floor":37.0,"turns":5.0},{"damage":14.0,"enemies":"Maw","floor":38.0,"turns":9.0},{"damage":10.0,"enemies":"4 Shapes","floor":41.0,"turns":5.0},{"damage":44.0,"enemies":"Nemesis","floor":42.0,"turns":8.0},{"damage":6.0,"enemies":"Writhing Mass","floor":46.0,"turns":8.0},{"damage":7.0,"enemies":"Mind Bloom Boss Battle","floor":47.0,"turns":8.0},{"damage":19.0,"enemies":"Sphere and 2 Shapes","floor":48.0,"turns":4.0},{"damage":80.0,"enemies":"Time Eater","floor":50.0,"turns":11.0},{"damage":112,"enemies":"Shield and Spear","floor":54,"turns":8},{"damage":65,"enemies":"The Heart","floor":55,"turns":3}],"seed_played":"3597842559105367706","potions_obtained":[{"floor":1.0,"key":"BloodPotion"},{"floor":12.0,"key":"Swift Potion"},{"floor":14.0,"key":"Weak Potion"},{"floor":16.0,"key":"PowerPotion"},{"floor":20.0,"key":"SkillPotion"},{"floor":23.0,"key":"Explosive Potion"},{"floor":28.0,"key":"SkillPotion"},{"floor":29.0,"key":"Block Potion"},{"floor":33.0,"key":"Explosive Potion"},{"floor":37.0,"key":"BloodPotion"},{"floor":42.0,"key":"FairyPotion"},{"floor":46.0,"key":"PowerPotion"}],"is_trial":false,"path_per_floor":["M","M","$","?","M","R","M","R","T","E","$","M","?","M","R","B",null,"M","?","M","M","$","E","R","$","T","E","M","M","R","E","R","B",null,"M","$","M","M","$","R","M","E","T","R","T","M","?","M","R","B",null,"R","$","E","B"],"character_chosen":"IRONCLAD","items_purchased":["Cleave","Body Slam","Bandage Up","Shrug It Off","Vajra","Fire Potion"],"campfire_rested":2,"item_purchase_floors":[3,3,11,25,53,53],"current_hp_per_floor":[80,80,80,80,79,79,79,79,79,67,67,66,57,60,60,19,90,77,77,86,78,78,72,72,72,72,58,55,55,82,75,75,27,90,90,90,74,74,74,74,74,74,74,74,74,74,83,74,90,35,90,90,90,22,0],"gold":49,"neow_bonus":"RANDOM_COMMON_RELIC","is_prod":false,"is_daily":false,"chose_seed":false,"campfire_upgraded":7,"win_rate":0,"timestamp":1563779428,"path_taken":["M","M","$","?","M","R","M","R","T","E","?","M","?","?","R","BOSS","M","?","M","M","$","E","R","$","T","E","M","M","R","E","R","BOSS","M","$","?","?","$","R","M","E","T","R","?","M","?","M","R","BOSS","R","$","E","BOSS"],"build_version":"2019-07-17","purchased_purges":4,"victory":false,"max_hp_per_floor":[80,80,80,80,80,80,80,80,80,90,90,90,90,90,90,90,90,90,90,90,90,90,90,90,90,90,90,90,90,90,90,90,90,90,90,90,90,90,90,90,90,90,90,90,90,90,90,90,90,90,90,90,90,97,97],"card_choices":[{"not_picked":["Carnage","Clash"],"picked":"Twin Strike","floor":1.0},{"not_picked":["Armaments","Clash"],"picked":"Twin Strike","floor":2.0},{"not_picked":["Entrench","Fire Breathing"],"picked":"Armaments","floor":5.0},{"not_picked":["Warcry","Anger"],"picked":"Shockwave","floor":7.0},{"not_picked":["Blood for Blood","Clash"],"picked":"Shrug It Off","floor":10.0},{"not_picked":["Anger","Clash"],"picked":"Flame Barrier","floor":12.0},{"not_picked":["Fiend Fire","Anger"],"picked":"Clothesline","floor":14.0},{"not_picked":["Berserk","Feed"],"picked":"Limit Break","floor":16.0},{"not_picked":["Flame Barrier","Pommel Strike+1"],"picked":"Body Slam+1","floor":18.0},{"not_picked":["Anger+1","Pummel","Bloodletting"],"picked":"SKIP","floor":20.0},{"not_picked":["Shrug It Off","Anger"],"picked":"Inflame+1","floor":21.0},{"not_picked":["Headbutt","Clash","Iron Wave"],"picked":"SKIP","floor":23.0},{"not_picked":["Pommel Strike","Inflame","Clothesline"],"picked":"SKIP","floor":27.0},{"not_picked":["Sword Boomerang","Pommel Strike"],"picked":"Warcry","floor":28.0},{"not_picked":["Armaments+1","Shrug It Off"],"picked":"Entrench","floor":29.0},{"not_picked":["Twin Strike","Anger"],"picked":"True Grit+1","floor":31.0},{"not_picked":["Offering","Limit Break"],"picked":"Reaper","floor":33.0},{"not_picked":["Flex","Infernal Blade+1","Warcry"],"picked":"SKIP","floor":35.0},{"not_picked":["Inflame+1","Headbutt"],"picked":"Battle Trance","floor":37.0},{"not_picked":["Headbutt","Dark Embrace","Thunderclap+1"],"picked":"SKIP","floor":38.0},{"not_picked":["Uppercut","Anger"],"picked":"Body Slam+1","floor":41.0},{"not_picked":["Headbutt+1","Shockwave","Cleave"],"picked":"SKIP","floor":42.0},{"not_picked":["Clash","Twin Strike+1"],"picked":"Heavy Blade+1","floor":46.0},{"not_picked":["Headbutt","Sword Boomerang+1"],"picked":"Pommel Strike+1","floor":47.0},{"not_picked":["Ghostly Armor","Thunderclap"],"picked":"Dropkick","floor":48.0},{"not_picked":["Warcry","Rage"],"picked":"Double Tap","floor":49.0},{"not_picked":["Combust+1","Anger+1","Dropkick"],"picked":"SKIP","floor":54}],"player_experience":105949,"relics_obtained":[{"floor":10.0,"key":"Pear"},{"floor":23.0,"key":"Oddly Smooth Stone"},{"floor":26.0,"key":"Torii"},{"floor":27.0,"key":"Happy Flower"},{"floor":31.0,"key":"Bottled Lightning"},{"floor":42.0,"key":"Gremlin Horn"},{"floor":43.0,"key":"Centennial Puzzle"},{"floor":45.0,"key":"Lantern"},{"floor":47.0,"key":"Charon\u0027s Ashes"},{"floor":54,"key":"Strawberry"}],"event_choices":[{"damage_healed":0.0,"max_hp_gain":0.0,"max_hp_loss":0.0,"gold_gain":0.0,"cards_transformed":["Strike_R"],"event_name":"Transmorgrifier","player_choice":"Transformed","floor":4.0,"gold_loss":0.0,"damage_taken":0.0,"cards_obtained":["Blood for Blood"]},{"damage_healed":0.0,"max_hp_gain":0.0,"max_hp_loss":0.0,"gold_gain":75.0,"event_name":"FaceTrader","player_choice":"Touch","floor":13.0,"gold_loss":0.0,"damage_taken":9.0},{"damage_healed":0.0,"max_hp_gain":0.0,"max_hp_loss":0.0,"gold_gain":0.0,"event_name":"The Joust","player_choice":"Bet on Murderer","floor":19.0,"gold_loss":50.0,"damage_taken":0.0},{"damage_healed":0.0,"max_hp_gain":0.0,"max_hp_loss":0.0,"gold_gain":0.0,"event_name":"MindBloom","player_choice":"Fight","floor":47.0,"gold_loss":0.0,"damage_taken":0.0}],"is_beta":false,"boss_relics":[{"not_picked":["Orrery","Runic Cube"],"picked":"Mark of Pain"},{"not_picked":["Astrolabe","Philosopher\u0027s Stone"],"picked":"Snecko Eye"}],"items_purged_floors":[22,25,36,53],"is_endless":false,"potions_floor_spawned":[1,12,14,16,20,23,28,29,33,37,42,46],"killed_by":"The Heart","ascension_level":0}