{"path_per_floor":["M","M","?","M","M","E","M","M","T","?","M","R","?","E","R","B",null,"M","M","$","?","?","E","R","M","T","E","R","M","M","M","R","B",null,"M","?","M","$","M","R","M"],"character_chosen":"IRONCLAD","items_purchased":["Dodecahedron","Champion Belt"],"gold_per_floor":[113,130,130,148,168,197,215,233,233,258,272,272,272,306,306,406,406,416,428,110,110,110,138,138,152,179,214,214,227,241,255,255,353,353,372,372,382,87,100,100,119,119],"floor_reached":42,"campfire_rested":3,"playtime":3353,"current_hp_per_floor":[80,80,68,73,78,53,48,54,54,58,64,64,64,61,80,75,80,73,72,72,72,72,45,69,71,71,44,68,74,75,79,79,10,80,49,69,72,72,57,57,73,0],"items_purged":["Strike_R"],"gold":119,"score":454,"play_id":"997ba358-436e-4446-bb42-2fb0d7734f12","local_time":"20180519201719","is_prod":false,"is_daily":false,"chose_seed":false,"is_ascension_mode":false,"campfire_upgraded":3,"timestamp":1526757439,"campfire_choices":[{"data":"Rampage","floor":12,"key":"SMITH"},{"floor":15,"key":"REST"},{"floor":24,"key":"REST"},{"floor":28,"key":"REST"},{"data":"Double Tap","floor":32,"key":"SMITH"},{"data":"Barricade","floor":40,"key":"SMITH"}],"path_taken":["M","M","?","?","M","E","M","M","T","?","?","R","?","E","R","BOSS","M","M","$","?","?","E","R","M","T","E","R","M","M","M","R","BOSS","M","?","M","$","M","R","M","E"],"build_version":"2018-05-17","seed_source_timestamp":246285174795825,"purchased_purges":1,"victory":false,"master_deck":["Strike_R","Strike_R","Strike_R","Defend_R","Defend_R","Defend_R","Defend_R+1","Bash","Pommel Strike","Rampage+1","Cleave+1","Thunderclap+1","Clash+1","Headbutt+1","Rampage+1","Iron Wave+1","Double Tap+1","Reaper+1","Whirlwind+1","Barricade+1","Metallicize+1","Double Tap"],"max_hp_per_floor":[80,80,80,80,80,80,80,80,80,80,80,80,80,80,80,80,80,80,80,80,80,80,80,80,80,80,80,80,80,80,80,80,80,80,80,80,80,80,80,80,80,80],"relics":["Burning Blood","Molten Egg 2","Bag of Preparation","Letter Opener","Odd Mushroom","Velvet Choker","Dodecahedron","Nloth\u0027s Gift","Art of War","Omamori","Blue Candle","Sozu","Champion Belt"],"card_choices":[{"not_picked":["Pummel","Rage"],"picked":"Pommel Strike","floor":1},{"not_picked":["Iron Wave","Pommel Strike"],"picked":"Rampage","floor":2},{"not_picked":["Perfected Strike+1","Heavy Blade+1"],"picked":"Cleave+1","floor":4},{"not_picked":["True Grit","Searing Blow+1"],"picked":"Thunderclap+1","floor":5},{"not_picked":["True Grit","Entrench"],"picked":"Clash+1","floor":6},{"not_picked":["Bloodletting","Pommel Strike+1"],"picked":"Headbutt+1","floor":7},{"not_picked":["Sword Boomerang+1","Searing Blow+1","Heavy Blade+1"],"picked":"SKIP","floor":8},{"not_picked":["Anger+1","Clash+1"],"picked":"Rampage+1","floor":10},{"not_picked":["Sever Soul+1","Clothesline+1"],"picked":"Iron Wave+1","floor":11},{"not_picked":["Dark Embrace","Flame Barrier","Shockwave"],"picked":"SKIP","floor":14},{"not_picked":["Feed+1","Impervious"],"picked":"Double Tap","floor":16},{"not_picked":["Combust","Havoc+1","Power Through"],"picked":"SKIP","floor":18},{"not_picked":["Perfected Strike+1","Sword Boomerang+1","Clothesline+1"],"picked":"SKIP","floor":19},{"not_picked":["Body Slam+1","Uppercut+1","Immolate+1"],"picked":"SKIP","floor":23},{"not_picked":["Anger+1","Flex"],"picked":"Whirlwind+1","floor":25},{"not_picked":["Intimidate","Iron Wave+1","Berserk"],"picked":"SKIP","floor":27},{"not_picked":["Heavy Blade+1","Warcry","Body Slam+1"],"picked":"SKIP","floor":29},{"not_picked":["Cleave+1","Bludgeon+1","Burning Pact"],"picked":"SKIP","floor":30},{"not_picked":["Searing Blow+1","Feel No Pain","Offering"],"picked":"SKIP","floor":31},{"not_picked":["Limit Break","Juggernaut"],"picked":"Barricade","floor":33},{"not_picked":["Anger+1","Sword Boomerang+1","Heavy Blade+1"],"picked":"SKIP","floor":35},{"not_picked":["Dual Wield","Feel No Pain+1"],"picked":"Metallicize+1","floor":37},{"not_picked":["Iron Wave+1","Dual Wield"],"picked":"Double Tap","floor":39},{"not_picked":["Flame Barrier+1","Ghostly Armor","Feel No Pain"],"picked":"SKIP","floor":41}],"player_experience":196108,"potions_floor_usage":[5,14,23,25,31,33,33,42,42],"damage_taken":[{"damage":6,"enemies":"2 Louse","floor":1,"turns":3},{"damage":0,"enemies":"Small Slimes","floor":2,"turns":2},{"damage":1,"enemies":"Cultist","floor":4,"turns":4},{"damage":10,"enemies":"Looter","floor":5,"turns":3},{"damage":31,"enemies":"Lagavulin","floor":6,"turns":5},{"damage":11,"enemies":"Exordium Thugs","floor":7,"turns":4},{"damage":0,"enemies":"Large Slime","floor":8,"turns":3},{"damage":2,"enemies":"The Mushroom Lair","floor":10,"turns":3},{"damage":0,"enemies":"2 Fungi Beasts","floor":11,"turns":2},{"damage":9,"enemies":"3 Sentries","floor":14,"turns":4},{"damage":11,"enemies":"Slime Boss","floor":16,"turns":5},{"damage":13,"enemies":"Chosen","floor":18,"turns":3},{"damage":7,"enemies":"3 Byrds","floor":19,"turns":4},{"damage":39,"enemies":"Slavers","floor":23,"turns":5},{"damage":14,"enemies":"Centurion and Healer","floor":25,"turns":6},{"damage":55,"enemies":"Gremlin Leader","floor":27,"turns":7},{"damage":0,"enemies":"3 Cultists","floor":29,"turns":2},{"damage":5,"enemies":"Chosen and Byrds","floor":30,"turns":3},{"damage":7,"enemies":"Sentry and Sphere","floor":31,"turns":5},{"damage":75,"enemies":"Automaton","floor":33,"turns":10},{"damage":37,"enemies":"3 Darklings","floor":35,"turns":4},{"damage":3,"enemies":"Orb Walker","floor":37,"turns":2},{"damage":21,"enemies":"4 Shapes","floor":39,"turns":1},{"damage":0,"enemies":"Maw","floor":41,"turns":7},{"damage":106,"enemies":"Giant Head","floor":42,"turns":9}],"relics_obtained":[{"floor":6,"key":"Bag of Preparation"},{"floor":9,"key":"Letter Opener"},{"floor":10,"key":"Odd Mushroom"},{"floor":14,"key":"Gremlin Horn"},{"floor":23,"key":"Art of War"},{"floor":26,"key":"Omamori"},{"floor":27,"key":"Blue Candle"}],"event_choices":[{"event_name":"Scrap Ooze","player_choice":"success","floor":3,"damage_taken":12},{"event_name":"Mushrooms","player_choice":"Fought Mushrooms","floor":10,"damage_taken":0},{"event_name":"Upgrade Shrine","player_choice":"Upgraded","floor":13,"damage_taken":0},{"event_name":"N\u0027loth","player_choice":"Traded a Gremlin Horn","floor":21,"damage_taken":0},{"event_name":"The Library","player_choice":"Read","floor":22,"damage_taken":0},{"event_name":"Winding Halls","player_choice":"Writhe","floor":36,"damage_taken":0}],"boss_relics":[{"not_picked":["Black Blood","Ectoplasm"],"picked":"Velvet Choker"},{"not_picked":["Black Star","Snecko Eye"],"picked":"Sozu"}],"potions_floor_spawned":[1,4,6,7,10,18,19,29,30,31,33,37,39,41],"seed_played":"862273813493780296","killed_by":"Giant Head","ascension_level":0,"potions_obtained":[{"floor":1,"key":"Regen Potion"},{"floor":4,"key":"Dexterity Potion"},{"floor":6,"key":"LiquidBronze"},{"floor":7,"key":"Explosive Potion"},{"floor":18,"key":"Weak Potion"},{"floor":29,"key":"SkillPotion"},{"floor":30,"key":"Block Potion"},{"floor":31,"key":"AttackPotion"},{"floor":33,"key":"PowerPotion"}],"is_trial":false}