{"gold_per_floor":[115,129,129,149,162,162,87,111,111,129,29,54,64,82,82,177,177,197,197,112,112,124,124,180,180,180,180,213,224,99,99,99,200,200,210,210,60,80,80,80,80,80,80,92,92,192,227,227],"floor_reached":48,"playtime":1428,"items_purged":["Strike_R","Defend_R","Strike_R","Strike_R"],"score":645,"play_id":"4d1e4b71-9e89-4c57-8c54-87569b99ce2a","local_time":"20190302121413","is_ascension_mode":true,"campfire_choices":[{"data":"Whirlwind","floor":6,"key":"SMITH"},{"data":"Whirlwind","floor":15,"key":"SMITH"},{"data":"Inflame","floor":23,"key":"SMITH"},{"data":"Seeing Red","floor":25,"key":"SMITH"},{"data":"Spot Weakness","floor":27,"key":"SMITH"},{"floor":32,"key":"REST"},{"floor":40,"key":"REST"},{"data":"Barricade","floor":42,"key":"SMITH"},{"data":"Flame Barrier","floor":45,"key":"SMITH"}],"neow_cost":"NONE","seed_source_timestamp":133526902697999,"circlet_count":0,"master_deck":["Strike_R","Defend_R+1","Defend_R","Defend_R","Bash+1","Shrug It Off","Flame Barrier+1","Whirlwind+1","Seeing Red+1","Spot Weakness+1","Inflame+1","Whirlwind+1","Barricade+1","Impatience"],"relics":["Burning Blood","Odd Mushroom","Mummified Hand","Prayer Wheel","Busted Crown","Dead Branch","Tiny Chest","Mercury Hourglass","Kunai","Eternal Feather","Du-Vu Doll","Peace Pipe","Pen Nib"],"potions_floor_usage":[4,16,16,24,24,33,33,33,47,48],"damage_taken":[{"damage":0,"enemies":"2 Louse","floor":1,"turns":2},{"damage":6,"enemies":"Jaw Worm","floor":2,"turns":6},{"damage":0,"enemies":"Small Slimes","floor":4,"turns":4},{"damage":3,"enemies":"Blue Slaver","floor":5,"turns":5},{"damage":0,"enemies":"The Mushroom Lair","floor":8,"turns":1},{"damage":0,"enemies":"2 Fungi Beasts","floor":10,"turns":3},{"damage":14,"enemies":"Lagavulin","floor":12,"turns":6},{"damage":14,"enemies":"Red Slaver","floor":13,"turns":2},{"damage":5,"enemies":"Large Slime","floor":14,"turns":3},{"damage":32,"enemies":"The Guardian","floor":16,"turns":9},{"damage":0,"enemies":"Chosen","floor":18,"turns":4},{"damage":12,"enemies":"2 Thieves","floor":22,"turns":3},{"damage":22,"enemies":"Slavers","floor":24,"turns":3},{"damage":28,"enemies":"Gremlin Leader","floor":28,"turns":4},{"damage":14,"enemies":"Centurion and Healer","floor":29,"turns":4},{"damage":49,"enemies":"Champ","floor":33,"turns":9},{"damage":46,"enemies":"Orb Walker","floor":35,"turns":5},{"damage":10,"enemies":"3 Darklings","floor":38,"turns":3},{"damage":8,"enemies":"Spire Growth","floor":44,"turns":3},{"damage":0,"enemies":"Mind Bloom Boss Battle","floor":46,"turns":6},{"damage":67,"enemies":"Nemesis","floor":47,"turns":5},{"damage":25,"enemies":"Sphere and 2 Shapes","floor":48,"turns":3}],"seed_played":"4324959587939414557","potions_obtained":[{"floor":1,"key":"Energy Potion"},{"floor":4,"key":"Fruit Juice"},{"floor":8,"key":"BloodPotion"},{"floor":12,"key":"Weak Potion"},{"floor":14,"key":"Strength Potion"},{"floor":16,"key":"FearPotion"},{"floor":22,"key":"BloodPotion"},{"floor":24,"key":"SpeedPotion"},{"floor":28,"key":"Fire Potion"},{"floor":35,"key":"Block Potion"},{"floor":47,"key":"Block Potion"}],"is_trial":false,"path_per_floor":["M","M","?","M","M","R","$","?","T","M","$","E","M","M","R","B",null,"M","?","?","?","M","R","E","R","T","R","E","M","$","?","R","B",null,"M","?","$","M","$","R","?","R","T","M","R","?","E","M"],"character_chosen":"IRONCLAD","items_purchased":[],"campfire_rested":2,"item_purchase_floors":[],"current_hp_per_floor":[78,78,62,73,76,76,76,82,82,85,85,77,69,70,70,44,75,81,81,81,81,75,75,67,67,67,67,45,37,37,21,48,14,71,31,31,31,27,27,60,60,66,66,64,70,76,15,0],"gold":227,"neow_bonus":"THREE_CARDS","is_prod":false,"is_daily":false,"chose_seed":false,"campfire_upgraded":7,"win_rate":0,"timestamp":1551557653,"path_taken":["M","M","?","M","M","R","$","?","T","M","?","E","M","M","R","BOSS","M","?","?","?","M","R","E","R","T","R","E","M","$","?","R","BOSS","M","?","$","M","$","R","?","R","T","M","R","?","E","M"],"build_version":"2019-01-23","purchased_purges":4,"victory":false,"max_hp_per_floor":[80,80,80,85,85,85,85,85,85,85,85,85,85,85,85,85,85,85,85,85,85,85,85,85,85,85,85,85,85,85,90,90,90,90,90,90,90,90,90,90,90,90,90,90,90,90,90,90],"card_choices":[{"not_picked":["Wild Strike","Havoc"],"picked":"Shrug It Off","floor":0},{"not_picked":["Perfected Strike","Dual Wield"],"picked":"Flame Barrier","floor":1},{"not_picked":["Sever Soul","Flame Barrier"],"picked":"Whirlwind","floor":2},{"not_picked":["Clothesline","Headbutt","Clash"],"picked":"SKIP","floor":4},{"not_picked":["Perfected Strike","Inflame"],"picked":"Seeing Red","floor":5},{"not_picked":["Shrug It Off","Wild Strike"],"picked":"Spot Weakness","floor":8},{"not_picked":["Iron Wave","Shrug It Off"],"picked":"Inflame","floor":10},{"not_picked":["True Grit","Dual Wield","Reaper"],"picked":"SKIP","floor":12},{"not_picked":["Heavy Blade","Second Wind"],"picked":"Whirlwind","floor":13},{"not_picked":["Burning Pact","Second Wind","Wild Strike"],"picked":"SKIP","floor":13},{"not_picked":["Armaments","Wild Strike","Sever Soul"],"picked":"SKIP","floor":14},{"not_picked":["Heavy Blade","Clash","Body Slam"],"picked":"SKIP","floor":14},{"not_picked":["Perfected Strike"],"picked":"SKIP","floor":18},{"not_picked":["Infernal Blade"],"picked":"SKIP","floor":18},{"not_picked":["Twin Strike"],"picked":"SKIP","floor":22},{"not_picked":["Dropkick+1"],"picked":"SKIP","floor":22},{"not_picked":["True Grit"],"picked":"SKIP","floor":24},{"not_picked":[],"picked":"Barricade","floor":28},{"not_picked":["Shrug It Off"],"picked":"SKIP","floor":29},{"not_picked":["Burning Pact"],"picked":"SKIP","floor":29},{"not_picked":["Havoc"],"picked":"SKIP","floor":35},{"not_picked":["Clothesline"],"picked":"SKIP","floor":35},{"not_picked":["Spot Weakness+1"],"picked":"SKIP","floor":38},{"not_picked":["Anger"],"picked":"SKIP","floor":38},{"not_picked":[],"picked":"Impatience","floor":41},{"not_picked":["Burning Pact+1"],"picked":"SKIP","floor":44},{"not_picked":["Armaments"],"picked":"SKIP","floor":44},{"not_picked":["Clash+1"],"picked":"SKIP","floor":47}],"player_experience":233927,"relics_obtained":[{"floor":8,"key":"Odd Mushroom"},{"floor":9,"key":"Mummified Hand"},{"floor":12,"key":"Prayer Wheel"},{"floor":24,"key":"Tiny Chest"},{"floor":26,"key":"Mercury Hourglass"},{"floor":28,"key":"Kunai"},{"floor":43,"key":"Du-Vu Doll"},{"floor":46,"key":"Peace Pipe"},{"floor":47,"key":"Pen Nib"}],"event_choices":[{"damage_healed":0,"gold_gain":0,"player_choice":"Entered Light","damage_taken":16,"max_hp_gain":0,"max_hp_loss":0,"event_name":"Shining Light","floor":3,"gold_loss":0,"cards_upgraded":["Defend_R","Bash"]},{"damage_healed":0,"gold_gain":0,"player_choice":"Fought Mushrooms","damage_taken":0,"max_hp_gain":0,"max_hp_loss":0,"event_name":"Mushrooms","floor":8,"gold_loss":0},{"damage_healed":0,"gold_gain":0,"player_choice":"Ignored","damage_taken":0,"max_hp_gain":0,"max_hp_loss":0,"event_name":"Vampires","floor":19,"gold_loss":0},{"damage_healed":0,"gold_gain":0,"player_choice":"Obtained Relic","damage_taken":0,"relics_obtained":["Dead Branch"],"max_hp_gain":0,"max_hp_loss":0,"event_name":"Addict","floor":20,"gold_loss":85},{"cards_removed":["Strike_R"],"damage_healed":0,"gold_gain":0,"player_choice":"Elegance","damage_taken":0,"max_hp_gain":0,"max_hp_loss":0,"event_name":"Back to Basics","floor":21,"gold_loss":0},{"damage_healed":0,"gold_gain":0,"player_choice":"Shed Blood","damage_taken":21,"max_hp_gain":5,"max_hp_loss":0,"event_name":"Forgotten Altar","floor":31,"gold_loss":0},{"damage_healed":0,"gold_gain":0,"player_choice":"Ignored","damage_taken":0,"max_hp_gain":0,"max_hp_loss":0,"event_name":"Mysterious Sphere","floor":36,"gold_loss":0},{"damage_healed":0,"gold_gain":0,"player_choice":"Memory 1","damage_taken":0,"max_hp_gain":0,"max_hp_loss":0,"event_name":"SensoryStone","floor":41,"gold_loss":0},{"damage_healed":0,"gold_gain":0,"player_choice":"Fight","damage_taken":0,"max_hp_gain":0,"max_hp_loss":0,"event_name":"MindBloom","floor":46,"gold_loss":0}],"is_beta":false,"boss_relics":[{"not_picked":["Cursed Key","Tiny House"],"picked":"Busted Crown"},{"not_picked":["Orrery","White Beast Statue"],"picked":"Eternal Feather"}],"items_purged_floors":[7,11,30,37],"is_endless":false,"potions_floor_spawned":[1,4,8,12,14,16,22,24,28,35,47],"killed_by":"Sphere and 2 Shapes","ascension_level":6}