{"gold_per_floor":[111,111,36,36,47,66,66,66,66,66,95,95,109,123,123,224,224,234,252,268,183,83,83,83,83,107,121,153,153,173,173,173,271,271,281,381,256,274,291,320,20,20,20,20],"floor_reached":44,"playtime":3601,"items_purged":["Defend_R","Strike_R","Defend_R","Strike_R"],"score":456,"play_id":"93211cc5-210c-4909-b6ef-1f79b8367aa6","local_time":"20190206031028","is_ascension_mode":false,"campfire_choices":[{"data":"Whirlwind","floor":10,"key":"SMITH"},{"data":"Armaments","floor":12,"key":"SMITH"},{"data":"Demon Form","floor":15,"key":"SMITH"},{"data":"Fire Breathing","floor":23,"key":"SMITH"},{"data":"Warcry","floor":29,"key":"SMITH"},{"floor":32,"key":"REST"},{"floor":42,"key":"REST"}],"neow_cost":"TEN_PERCENT_HP_LOSS","seed_source_timestamp":262910984548554,"circlet_count":0,"master_deck":["Defend_R+1","Bash","Armaments+1","Infernal Blade","Shrug It Off","Whirlwind+1","Bludgeon","Warcry+1","Demon Form+1","Fire Breathing+1","Double Tap+1","Iron Wave+1","Rampage"],"relics":["Burning Blood","Kunai","Bottled Flame","Sundial","Sozu","Letter Opener","Oddly Smooth Stone","Bronze Scales","MutagenicStrength","Empty Cage","Pantograph","War Paint","Bag of Marbles"],"potions_floor_usage":[11,16],"damage_taken":[{"damage":2,"enemies":"Small Slimes","floor":1,"turns":5},{"damage":0,"enemies":"Cultist","floor":5,"turns":2},{"damage":0,"enemies":"Jaw Worm","floor":6,"turns":3},{"damage":14,"enemies":"3 Sentries","floor":11,"turns":5},{"damage":8,"enemies":"Exordium Wildlife","floor":13,"turns":2},{"damage":0,"enemies":"Lots of Slimes","floor":14,"turns":1},{"damage":11,"enemies":"Slime Boss","floor":16,"turns":8},{"damage":3,"enemies":"Chosen","floor":18,"turns":5},{"damage":2,"enemies":"Shell Parasite","floor":19,"turns":3},{"damage":15,"enemies":"Centurion and Healer","floor":20,"turns":7},{"damage":21,"enemies":"Snake Plant","floor":27,"turns":3},{"damage":21,"enemies":"Book of Stabbing","floor":28,"turns":5},{"damage":6,"enemies":"Shelled Parasite and Fungi","floor":30,"turns":4},{"damage":45,"enemies":"Collector","floor":33,"turns":7},{"damage":12,"enemies":"Orb Walker","floor":35,"turns":3},{"damage":0,"enemies":"3 Darklings","floor":38,"turns":1},{"damage":6,"enemies":"Maw","floor":39,"turns":6},{"damage":64,"enemies":"Nemesis","floor":40,"turns":7},{"damage":64,"enemies":"Reptomancer","floor":44,"turns":4}],"seed_played":"2204714074880563280","potions_obtained":[{"floor":1,"key":"Dexterity Potion"},{"floor":11,"key":"PowerPotion"}],"is_trial":false,"path_per_floor":["M","?","$","?","M","M","T","$","T","R","E","R","M","M","R","B",null,"M","M","M","?","$","R","?","$","T","M","E","R","M","?","R","B",null,"M","?","$","M","M","E","$","R","T","E"],"character_chosen":"IRONCLAD","items_purchased":["War Paint"],"campfire_rested":2,"item_purchase_floors":[41],"current_hp_per_floor":[72,72,72,72,72,72,72,72,72,72,64,64,62,68,68,63,72,72,72,63,63,63,63,63,63,63,48,33,33,33,33,54,15,72,66,66,66,72,72,14,14,35,35,0],"gold":20,"neow_bonus":"REMOVE_TWO","is_prod":false,"is_daily":false,"chose_seed":false,"campfire_upgraded":5,"win_rate":0.0,"timestamp":1549451428,"path_taken":["M","?","?","?","M","M","?","$","T","R","E","R","?","M","R","BOSS","M","M","?","?","$","R","?","$","T","M","E","R","?","?","R","BOSS","M","?","$","M","M","E","?","R","T","E"],"build_version":"2019-01-23","purchased_purges":4,"victory":false,"max_hp_per_floor":[72,72,72,72,72,72,72,72,72,72,72,72,72,72,72,72,72,72,72,72,72,72,72,72,72,72,72,72,72,72,72,72,72,72,72,72,72,72,72,72,72,72,72,72],"card_choices":[{"not_picked":["Entrench","Perfected Strike"],"picked":"Armaments","floor":1},{"not_picked":["Twin Strike","Hemokinesis"],"picked":"Shrug It Off","floor":5},{"not_picked":["Intimidate","Power Through"],"picked":"Whirlwind","floor":6},{"not_picked":["Clothesline","Clash"],"picked":"Bludgeon","floor":11},{"not_picked":["Anger","Wild Strike"],"picked":"Warcry","floor":13},{"not_picked":["Uppercut","Anger"],"picked":"Demon Form","floor":14},{"not_picked":["Anger","Sword Boomerang+1"],"picked":"Warcry","floor":18},{"not_picked":["Anger+1","Feel No Pain","Clash"],"picked":"SKIP","floor":19},{"not_picked":["Burning Pact+1","Entrench"],"picked":"Fire Breathing","floor":20},{"not_picked":["Armaments","Perfected Strike","Sword Boomerang"],"picked":"SKIP","floor":27},{"not_picked":["Shrug It Off","Hemokinesis","Sever Soul"],"picked":"SKIP","floor":28},{"not_picked":["Body Slam","Pummel","Second Wind"],"picked":"SKIP","floor":30},{"not_picked":["Offering","Barricade"],"picked":"Double Tap","floor":33},{"not_picked":["Shrug It Off","Clash","Iron Wave+1"],"picked":"SKIP","floor":35},{"not_picked":["Corruption","Whirlwind","Sword Boomerang+1"],"picked":"SKIP","floor":38},{"not_picked":["Pommel Strike+1","Sword Boomerang+1"],"picked":"Iron Wave+1","floor":39},{"not_picked":["Warcry+1","Demon Form"],"picked":"Rampage","floor":40}],"player_experience":39015,"relics_obtained":[{"floor":7,"key":"Kunai"},{"floor":9,"key":"Bottled Flame"},{"floor":11,"key":"Sundial"},{"floor":26,"key":"Oddly Smooth Stone"},{"floor":28,"key":"Bronze Scales"},{"floor":40,"key":"Pantograph"},{"floor":43,"key":"Bag of Marbles"}],"event_choices":[{"damage_healed":0,"gold_gain":0,"cards_transformed":["Defend_R"],"player_choice":"Transformed","damage_taken":0,"max_hp_gain":0,"max_hp_loss":0,"event_name":"Transmorgrifier","floor":2,"gold_loss":0,"cards_obtained":["Infernal Blade"]},{"damage_healed":0,"gold_gain":0,"player_choice":"Leave","damage_taken":0,"max_hp_gain":0,"max_hp_loss":0,"event_name":"The Cleric","floor":4,"gold_loss":0},{"damage_healed":0,"gold_gain":0,"player_choice":"Obtained Relic","damage_taken":0,"relics_obtained":["Letter Opener"],"max_hp_gain":0,"max_hp_loss":0,"event_name":"Addict","floor":21,"gold_loss":85},{"damage_healed":0,"gold_gain":0,"player_choice":"Bought 0 Potions","damage_taken":0,"max_hp_gain":0,"max_hp_loss":0,"event_name":"The Woman in Blue","floor":24,"gold_loss":0},{"damage_healed":0,"gold_gain":0,"player_choice":"Inject Mutagens","damage_taken":0,"relics_obtained":["MutagenicStrength"],"max_hp_gain":0,"max_hp_loss":0,"event_name":"Drug Dealer","floor":31,"gold_loss":0},{"damage_healed":0,"gold_gain":100,"player_choice":"Pray","damage_taken":0,"max_hp_gain":0,"max_hp_loss":0,"event_name":"Golden Shrine","floor":36,"gold_loss":0}],"is_beta":false,"boss_relics":[{"not_picked":["Pandora\u0027s Box","Black Blood"],"picked":"Sozu"},{"not_picked":["Eternal Feather","Orrery"],"picked":"Empty Cage"}],"items_purged_floors":[3,22,37,41],"is_endless":false,"potions_floor_spawned":[1,11,20,28,33,35],"killed_by":"Reptomancer","ascension_level":0}