{"gold_per_floor":[16,16,34,34,34,34,54,88,88,88,112,112,126,145,145,273,273,296,296,221,265,265,265,180,180,180,194,194,194,211,224,224,224],"floor_reached":33,"playtime":1012,"items_purged":["Strike_R"],"score":331,"play_id":"63ea07fa-5e1f-4803-8701-41550091f7ce","local_time":"20190304183921","is_ascension_mode":true,"campfire_choices":[{"data":"Pummel","floor":6,"key":"SMITH"},{"data":"Sword Boomerang","floor":10,"key":"SMITH"},{"floor":15,"key":"REST"},{"floor":23,"key":"REST"},{"data":"Demon Form","floor":25,"key":"SMITH"},{"floor":29,"key":"REST"},{"floor":32,"key":"REST"}],"neow_cost":"NO_GOLD","seed_source_timestamp":165310287550800,"circlet_count":0,"master_deck":["Strike_R","Strike_R","Defend_R","Defend_R","Defend_R","Defend_R","Bash","Heavy Blade","Disarm","Thunderclap+1","Pummel+1","Sword Boomerang+1","Iron Wave","Shrug It Off","Carnage","Demon Form+1","Writhe"],"relics":["Burning Blood","Bloody Idol","Kunai","Sundial","Oddly Smooth Stone","Busted Crown","Gremlin Horn","Red Mask","Matryoshka","Prayer Wheel","Omamori","Blue Candle"],"potions_floor_usage":[8,16,21,31,33],"damage_taken":[{"damage":8,"enemies":"2 Louse","floor":1,"turns":4},{"damage":11,"enemies":"Cultist","floor":3,"turns":4},{"damage":0,"enemies":"Small Slimes","floor":7,"turns":2},{"damage":30,"enemies":"Lagavulin","floor":8,"turns":4},{"damage":9,"enemies":"2 Fungi Beasts","floor":11,"turns":2},{"damage":16,"enemies":"Gremlin Gang","floor":13,"turns":4},{"damage":23,"enemies":"Red Slaver","floor":14,"turns":3},{"damage":32,"enemies":"Slime Boss","floor":16,"turns":4},{"damage":27,"enemies":"2 Thieves","floor":18,"turns":3},{"damage":29,"enemies":"Masked Bandits","floor":21,"turns":4},{"damage":23,"enemies":"Spheric Guardian","floor":27,"turns":4},{"damage":25,"enemies":"Shelled Parasite and Fungi","floor":30,"turns":5},{"damage":9,"enemies":"Snecko","floor":31,"turns":4},{"damage":62,"enemies":"Collector","floor":33,"turns":7}],"seed_played":"-6569235322243912000","potions_obtained":[{"floor":1,"key":"AttackPotion"},{"floor":8,"key":"GamblersBrew"},{"floor":13,"key":"SteroidPotion"},{"floor":18,"key":"SkillPotion"},{"floor":27,"key":"PowerPotion"},{"floor":30,"key":"Swift Potion"}],"is_trial":false,"path_per_floor":["M","?","M","?","?","R","M","E","T","R","M","?","M","M","R","B",null,"M","T","$","?","?","R","?","R","T","M","?","R","M","M","R","B"],"character_chosen":"IRONCLAD","items_purchased":[],"campfire_rested":4,"item_purchase_floors":[],"current_hp_per_floor":[70,70,65,65,65,65,71,47,47,47,44,44,34,17,39,13,59,38,38,38,15,15,37,37,37,37,20,20,42,28,30,52,0],"gold":224,"neow_bonus":"TRANSFORM_TWO_CARDS","is_prod":false,"is_daily":false,"chose_seed":false,"campfire_upgraded":3,"win_rate":0,"timestamp":1551753561,"path_taken":["M","?","?","?","?","R","M","E","T","R","M","?","M","?","R","BOSS","M","?","$","?","?","R","?","R","T","?","?","R","M","M","R","BOSS"],"build_version":"2019-01-23","purchased_purges":1,"victory":false,"max_hp_per_floor":[80,80,80,80,74,74,74,74,74,74,74,74,74,74,74,74,74,74,74,74,74,74,74,74,74,74,74,74,74,74,74,74,74],"card_choices":[{"not_picked":["Battle Trance","Pommel Strike"],"picked":"Thunderclap","floor":1},{"not_picked":["Armaments","Perfected Strike"],"picked":"Pummel","floor":3},{"not_picked":["Combust","Power Through"],"picked":"Sword Boomerang","floor":7},{"not_picked":["Ghostly Armor","Clash","Havoc"],"picked":"SKIP","floor":8},{"not_picked":["Bloodletting","Havoc"],"picked":"Iron Wave","floor":11},{"not_picked":["Second Wind","Sever Soul"],"picked":"Shrug It Off","floor":13},{"not_picked":["Body Slam","Bloodletting"],"picked":"Carnage","floor":14},{"not_picked":["Barricade","Impervious"],"picked":"Demon Form","floor":16},{"not_picked":["Warcry"],"picked":"SKIP","floor":18},{"not_picked":["Clash"],"picked":"SKIP","floor":27},{"not_picked":["Perfected Strike"],"picked":"SKIP","floor":27},{"not_picked":["Clash+1"],"picked":"SKIP","floor":30},{"not_picked":["Flex"],"picked":"SKIP","floor":30},{"not_picked":["Havoc"],"picked":"SKIP","floor":31},{"not_picked":["Dual Wield"],"picked":"SKIP","floor":31}],"player_experience":271613,"relics_obtained":[{"floor":8,"key":"Kunai"},{"floor":9,"key":"Sundial"},{"floor":19,"key":"Gremlin Horn"},{"floor":21,"key":"Red Mask"},{"floor":26,"key":"Omamori"},{"floor":26,"key":"Blue Candle"}],"event_choices":[{"damage_healed":0,"gold_gain":0,"player_choice":"Forge","damage_taken":0,"max_hp_gain":0,"max_hp_loss":0,"event_name":"Accursed Blacksmith","floor":2,"gold_loss":0,"cards_upgraded":["Thunderclap"]},{"damage_healed":0,"gold_gain":0,"player_choice":"Leave","damage_taken":0,"max_hp_gain":0,"max_hp_loss":0,"event_name":"The Cleric","floor":4,"gold_loss":0},{"damage_healed":0,"gold_gain":0,"player_choice":"Lose Max HP","damage_taken":0,"relics_obtained":["Golden Idol"],"max_hp_gain":0,"max_hp_loss":6,"event_name":"Golden Idol","floor":5,"gold_loss":0},{"damage_healed":0,"gold_gain":0,"player_choice":"Gave Potion","damage_taken":0,"relics_obtained":["Oddly Smooth Stone"],"max_hp_gain":0,"max_hp_loss":0,"event_name":"WeMeetAgain","floor":12,"gold_loss":0},{"damage_healed":0,"gold_gain":0,"player_choice":"Fought Bandits","damage_taken":0,"max_hp_gain":0,"max_hp_loss":0,"event_name":"Masked Bandits","floor":21,"gold_loss":0},{"damage_healed":0,"gold_gain":0,"player_choice":"Opened","damage_taken":0,"relics_obtained":["Matryoshka"],"max_hp_gain":0,"max_hp_loss":0,"event_name":"The Mausoleum","floor":22,"gold_loss":0,"cards_obtained":["Writhe"]},{"damage_healed":0,"gold_gain":0,"player_choice":"Obtained Relic","damage_taken":0,"relics_obtained":["Prayer Wheel"],"max_hp_gain":0,"max_hp_loss":0,"event_name":"Addict","floor":24,"gold_loss":85},{"damage_healed":0,"gold_gain":0,"player_choice":"Gave Idol","damage_taken":0,"relics_obtained":["Bloody Idol"],"max_hp_gain":0,"max_hp_loss":0,"event_name":"Forgotten Altar","floor":28,"relics_lost":["Golden Idol"],"gold_loss":0}],"is_beta":false,"boss_relics":[{"not_picked":["Astrolabe","Mark of Pain"],"picked":"Busted Crown"}],"items_purged_floors":[20],"is_endless":false,"potions_floor_spawned":[1,8,13,18,27,30],"killed_by":"Collector","ascension_level":7}