{"gold_per_floor":[116,116,116,139,24,24,67,67,94,118,131,31,52,86,86,216,216,230,145,145,168,168,168,189,64,64,79,115,115,115,136,136,136],"floor_reached":33,"playtime":2987,"items_purged":["Strike_R","Strike_R","Strike_R"],"score":265,"play_id":"70c531d9-a8ad-4774-9f3f-f4801667a137","local_time":"20180709233958","is_ascension_mode":false,"campfire_choices":[{"data":"Searing Blow","floor":6,"key":"SMITH"},{"data":"Searing Blow+1","floor":8,"key":"SMITH"},{"floor":15,"key":"REST"},{"data":"Searing Blow+2","floor":23,"key":"SMITH"},{"floor":30,"key":"REST"},{"data":"Searing Blow+3","floor":32,"key":"SMITH"}],"neow_cost":"NONE","seed_source_timestamp":170436339526565,"circlet_count":0,"master_deck":["Strike_R","Defend_R","Defend_R","Defend_R","Defend_R","Bash","Thunderclap","Anger","Searing Blow+4","Inflame","Fire Breathing","Reaper+1","Clash+1","Normality"],"relics":["Burning Blood","Golden Idol","Molten Egg 2","Orichalcum","Odd Mushroom","Cursed Key","Incense Burner","Boot","Question Card"],"potions_floor_usage":[14],"damage_taken":[{"damage":5,"enemies":"Jaw Worm","floor":1,"turns":5},{"damage":3,"enemies":"Small Slimes","floor":4,"turns":4},{"damage":20,"enemies":"Gremlin Nob","floor":7,"turns":4},{"damage":0,"enemies":"Cultist","floor":10,"turns":2},{"damage":16,"enemies":"Lots of Slimes","floor":11,"turns":5},{"damage":11,"enemies":"Large Slime","floor":13,"turns":5},{"damage":26,"floor":14,"turns":4},{"damage":49,"enemies":"Hexaghost","floor":16,"turns":9},{"damage":0,"enemies":"Chosen","floor":18,"turns":4},{"damage":23,"enemies":"3 Byrds","floor":21,"turns":5},{"damage":12,"enemies":"3 Cultists","floor":24,"turns":5},{"damage":10,"enemies":"Centurion and Healer","floor":27,"turns":5},{"damage":49,"enemies":"Gremlin Leader","floor":28,"turns":6},{"damage":15,"enemies":"Snake Plant","floor":31,"turns":3},{"damage":87,"enemies":"Collector","floor":33,"turns":8}],"seed_played":"6193318241971382602","potions_obtained":[{"floor":1,"key":"Ancient Potion"},{"floor":4,"key":"Dexterity Potion"},{"floor":10,"key":"SpeedPotion"},{"floor":16,"key":"SkillPotion"},{"floor":18,"key":"Explosive Potion"}],"is_trial":false,"path_per_floor":["M","?","?","M","$","R","E","R","T","M","M","$","M","?","R","B",null,"M","?","?","M","?","R","M","$","T","M","E","T","R","M","R"],"character_chosen":"IRONCLAD","items_purchased":["Searing Blow"],"campfire_rested":2,"item_purchase_floors":[5],"current_hp_per_floor":[88,93,70,73,73,73,59,59,59,65,55,55,50,49,76,40,93,93,93,93,85,85,85,87,87,87,90,50,50,77,72,72,0],"gold":136,"neow_bonus":"TEN_PERCENT_HP_BONUS","is_prod":false,"is_daily":false,"chose_seed":false,"campfire_upgraded":4,"win_rate":0,"timestamp":1531175998,"path_taken":["M","?","?","M","$","R","E","R","T","?","M","$","?","?","R","BOSS","M","?","?","M","?","R","M","$","T","M","E","?","R","M","R","BOSS"],"build_version":"2018-07-05","purchased_purges":3,"victory":false,"max_hp_per_floor":[88,93,93,93,93,93,93,93,93,93,93,93,93,93,93,93,93,93,93,93,93,93,93,93,93,93,93,93,93,93,93,93,93],"card_choices":[{"not_picked":["Corruption","Disarm"],"picked":"Thunderclap","floor":1},{"not_picked":["Sever Soul","Wild Strike"],"picked":"Anger","floor":4},{"not_picked":["Twin Strike","Spot Weakness"],"picked":"Inflame","floor":7},{"not_picked":["Headbutt+1","Heavy Blade+1","Armaments"],"picked":"SKIP","floor":10},{"not_picked":["Uppercut+1","Clothesline+1"],"picked":"Fire Breathing","floor":11},{"not_picked":["Shrug It Off","Pommel Strike+1"],"picked":"Reaper+1","floor":13},{"not_picked":["Spot Weakness+1","Uppercut+1","Rage"],"picked":"SKIP","floor":18},{"not_picked":["Twin Strike+1","Perfected Strike+1"],"picked":"Clash+1","floor":21},{"not_picked":["Spot Weakness","True Grit","Uppercut+1"],"picked":"SKIP","floor":24},{"not_picked":["Rupture","Sword Boomerang+1","Perfected Strike+1"],"picked":"SKIP","floor":27},{"not_picked":["Blood for Blood+1","Spot Weakness","Clothesline+1"],"picked":"SKIP","floor":28},{"not_picked":["Evolve","Carnage+1","Thunderclap+1","Headbutt+1"],"picked":"SKIP","floor":31}],"player_experience":279600,"relics_obtained":[{"floor":7,"key":"Molten Egg 2"},{"floor":9,"key":"Orichalcum"},{"floor":14,"key":"Odd Mushroom"},{"floor":28,"key":"Boot"},{"floor":29,"key":"Question Card"}],"event_choices":[{"event_name":"Big Fish","player_choice":"Donut","floor":2,"damage_taken":0},{"event_name":"Golden Idol","player_choice":"Take Damage","floor":3,"damage_taken":0},{"event_name":"Mushrooms","player_choice":"Fought Mushrooms","floor":14,"damage_taken":0},{"event_name":"Addict","player_choice":"Obtained Relic","floor":19,"damage_taken":0},{"event_name":"Purifier","player_choice":"One Purge","floor":20,"damage_taken":0},{"event_name":"Drug Dealer","player_choice":"Ignored","floor":22,"damage_taken":0}],"boss_relics":[{"not_picked":["Coffee Dripper","Pandora\u0027s Box"],"picked":"Cursed Key"}],"items_purged_floors":[5,12,25],"is_endless":false,"potions_floor_spawned":[1,4,10,16,18,27],"killed_by":"Collector","ascension_level":0}