{"gold_per_floor":[116,59,59,59,59,59,7,7,7,7,25,45,45,58,58,147,210,223,148,203,103,66,66,87,87,87,87,87,87,87],"floor_reached":30,"playtime":694,"items_purged":["Strike_R","Strike_R"],"score":407,"play_id":"11305904-0586-461c-86e8-bb806fc3e080","local_time":"20190604190213","is_ascension_mode":true,"campfire_choices":[{"data":"Bash","floor":6.0,"key":"SMITH"},{"data":"True Grit","floor":8.0,"key":"SMITH"},{"data":"Shrug It Off","floor":10.0,"key":"SMITH"},{"data":"Flame Barrier","floor":13.0,"key":"SMITH"},{"data":"Whirlwind","floor":15.0,"key":"SMITH"},{"data":"Defend_R","floor":23.0,"key":"SMITH"},{"floor":25,"key":"REST"},{"data":"Defend_R","floor":27,"key":"SMITH"}],"neow_cost":"NONE","seed_source_timestamp":0,"circlet_count":0,"master_deck":["AscendersBane","Strike_R","Strike_R","Defend_R+1","Defend_R+1","Defend_R+1","Defend_R","Bash+1","Body Slam+1","Shrug It Off+1","True Grit+1","Whirlwind+1","Flame Barrier+1"],"special_seed":0,"relics":["Burning Blood","Blood Vial","Golden Idol","Bottled Flame","Tiny House","Red Skull","Pantograph"],"potions_floor_usage":[24],"damage_taken":[{"damage":2.0,"enemies":"Cultist","floor":1.0,"turns":4.0},{"damage":0.0,"enemies":"2 Louse","floor":11.0,"turns":3.0},{"damage":0.0,"enemies":"Small Slimes","floor":12.0,"turns":3.0},{"damage":4.0,"enemies":"Blue Slaver","floor":14.0,"turns":4.0},{"damage":53.0,"enemies":"The Guardian","floor":16.0,"turns":12.0},{"damage":2.0,"enemies":"3 Byrds","floor":18.0,"turns":2.0},{"damage":23.0,"enemies":"2 Thieves","floor":22.0,"turns":5.0},{"damage":40,"enemies":"Cultist and Chosen","floor":24,"turns":6},{"damage":64,"enemies":"Slavers","floor":30,"turns":4}],"seed_played":"1922485264081501328","potions_obtained":[{"floor":11.0,"key":"SkillPotion"},{"floor":14.0,"key":"SkillPotion"},{"floor":16.0,"key":"SteroidPotion"},{"floor":17.0,"key":"EntropicBrew"}],"is_trial":false,"path_per_floor":["M","$","?","?","?","R","$","R","T","R","M","M","R","M","R","B",null,"M","$","T","$","M","R","M","R","T","R","$","?","E"],"character_chosen":"IRONCLAD","items_purchased":["Shrug It Off","True Grit"],"campfire_rested":1,"item_purchase_floors":[2,7],"current_hp_per_floor":[74,74,74,74,68,68,68,68,68,68,68,68,68,68,68,21,61,67,67,67,67,52,52,34,55,55,55,55,55,0],"gold":87,"neow_bonus":"RANDOM_COMMON_RELIC","is_prod":false,"is_daily":false,"chose_seed":false,"campfire_upgraded":7,"win_rate":0,"timestamp":1559700133,"path_taken":["M","$","?","?","?","R","?","R","T","R","M","M","R","?","R","BOSS","M","$","?","$","?","R","M","R","T","R","?","?","E"],"build_version":"2019-01-23","purchased_purges":2,"victory":false,"max_hp_per_floor":[75,75,75,75,68,68,68,68,68,68,68,68,68,68,68,68,73,73,73,73,73,73,73,73,73,73,73,73,73,73],"card_choices":[{"not_picked":["True Grit","Searing Blow"],"picked":"Body Slam","floor":1.0},{"not_picked":["Anger","Cleave"],"picked":"Whirlwind","floor":11.0},{"not_picked":["Pommel Strike","Armaments"],"picked":"Flame Barrier","floor":12.0},{"not_picked":["Cleave","Headbutt","Iron Wave"],"picked":"SKIP","floor":14.0},{"not_picked":["Armaments","Inflame","Cleave"],"picked":"SKIP","floor":18.0},{"not_picked":["True Grit","Second Wind","Searing Blow"],"picked":"SKIP","floor":22.0},{"not_picked":["Intimidate","Disarm+1","Fiend Fire"],"picked":"SKIP","floor":24}],"player_experience":431322,"relics_obtained":[{"floor":9.0,"key":"Bottled Flame"},{"floor":20.0,"key":"Red Skull"},{"floor":26,"key":"Pantograph"}],"event_choices":[{"damage_healed":0.0,"max_hp_gain":0.0,"max_hp_loss":0.0,"gold_gain":0.0,"event_name":"Liars Game","player_choice":"Ignored","floor":3.0,"gold_loss":0.0,"damage_taken":0.0},{"damage_healed":0.0,"max_hp_gain":0.0,"max_hp_loss":0.0,"gold_gain":0.0,"event_name":"Living Wall","player_choice":"Grow","floor":4.0,"gold_loss":0.0,"damage_taken":0.0,"cards_upgraded":["Body Slam"]},{"damage_healed":0.0,"max_hp_gain":0.0,"max_hp_loss":7.0,"gold_gain":0.0,"event_name":"Golden Idol","player_choice":"Lose Max HP","floor":5.0,"gold_loss":0.0,"damage_taken":0.0,"relics_obtained":["Golden Idol"]},{"cards_removed":["Strike_R"],"damage_healed":0,"gold_gain":0,"player_choice":"Elegance","damage_taken":0,"max_hp_gain":0,"max_hp_loss":0,"event_name":"Back to Basics","floor":29,"gold_loss":0}],"is_beta":false,"boss_relics":[{"not_picked":["Black Star","Fusion Hammer"],"picked":"Tiny House"}],"items_purged_floors":[19,21],"is_endless":false,"potions_floor_spawned":[11,14,16,18],"killed_by":"Slavers","ascension_level":18}