{"gold_per_floor":[113,133,58,69,69,94,94,94,94,120,177,191,225,296,296,400,400,419,419,334,334,347,347],"floor_reached":23,"playtime":3012,"items_purged":["Strike_R"],"score":238,"play_id":"83338aaf-fc44-463d-9f21-0c2932a918a0","local_time":"20190210203440","is_ascension_mode":true,"campfire_choices":[{"floor":8,"key":"REST"},{"data":"Flex","floor":15,"key":"SMITH"}],"neow_cost":"NONE","seed_source_timestamp":125961031387900,"circlet_count":0,"master_deck":["Strike_R","Strike_R","Strike_R","Strike_R","Defend_R","Defend_R","Defend_R","Defend_R","Bash","Cleave","Flex+1","Shrug It Off","Battle Trance","Shrug It Off","Shrug It Off","Barricade","Cleave","Body Slam"],"relics":["Burning Blood","Pen Nib","Kunai","Blood Vial","Vajra","Thread and Needle","Matryoshka","Nunchaku","Dream Catcher","Philosopher\u0027s Stone","Lantern","Nloth\u0027s Gift"],"potions_floor_usage":[16,16,23,23,23],"damage_taken":[{"damage":0,"enemies":"2 Louse","floor":1,"turns":3},{"damage":4,"enemies":"Jaw Worm","floor":2,"turns":3},{"damage":6,"enemies":"Cultist","floor":4,"turns":3},{"damage":32,"enemies":"Lagavulin","floor":6,"turns":5},{"damage":12,"enemies":"3 Sentries","floor":10,"turns":7},{"damage":1,"enemies":"3 Sentries","floor":11,"turns":5},{"damage":0,"enemies":"2 Fungi Beasts","floor":12,"turns":4},{"damage":1,"enemies":"Lagavulin","floor":13,"turns":9},{"damage":36,"enemies":"Slime Boss","floor":16,"turns":16},{"damage":4,"enemies":"Chosen","floor":18,"turns":5},{"damage":8,"enemies":"3 Byrds","floor":22,"turns":4},{"damage":100,"enemies":"Slavers","floor":23,"turns":5}],"seed_played":"-8872196313379288530","potions_obtained":[{"floor":2,"key":"Strength Potion"},{"floor":4,"key":"SpeedPotion"},{"floor":11,"key":"Fire Potion"},{"floor":16,"key":"SpeedPotion"},{"floor":18,"key":"Weak Potion"},{"floor":22,"key":"Regen Potion"}],"is_trial":false,"path_per_floor":["M","M","$","M","?","E","?","R","T","E","?","M","E","T","R","B",null,"M","?","?","?","M","E"],"character_chosen":"IRONCLAD","items_purchased":[],"campfire_rested":1,"item_purchase_floors":[],"current_hp_per_floor":[80,80,80,80,85,59,47,72,72,68,75,83,85,85,85,55,85,85,85,85,85,83,0],"gold":347,"neow_bonus":"RANDOM_COMMON_RELIC","is_prod":false,"is_daily":false,"chose_seed":false,"campfire_upgraded":1,"win_rate":0,"timestamp":1549859680,"path_taken":["M","M","$","M","?","E","?","R","T","E","?","M","E","?","R","BOSS","M","?","?","?","?","E"],"build_version":"2019-01-23","purchased_purges":1,"victory":false,"max_hp_per_floor":[80,80,80,80,85,85,85,85,85,85,85,85,85,85,85,85,85,85,85,85,85,85,85],"card_choices":[{"not_picked":["Fire Breathing","Blood for Blood"],"picked":"Cleave","floor":1},{"not_picked":["Armaments","Cleave"],"picked":"Flex","floor":2},{"not_picked":["Wild Strike","Cleave"],"picked":"Shrug It Off","floor":4},{"not_picked":["Thunderclap","Ghostly Armor"],"picked":"Battle Trance","floor":6},{"not_picked":["Evolve","Bloodletting"],"picked":"Shrug It Off","floor":10},{"not_picked":["Combust","Clash"],"picked":"Shrug It Off","floor":12},{"not_picked":["Headbutt","Power Through","Feel No Pain"],"picked":"SKIP","floor":13},{"not_picked":["Exhume","Bludgeon"],"picked":"Barricade","floor":16},{"not_picked":["Flex","Perfected Strike"],"picked":"Cleave","floor":18},{"not_picked":["Fiend Fire","Warcry","Battle Trance"],"picked":"SKIP","floor":22}],"player_experience":122750,"relics_obtained":[{"floor":6,"key":"Kunai"},{"floor":9,"key":"Vajra"},{"floor":10,"key":"Thread and Needle"},{"floor":13,"key":"Nunchaku"},{"floor":14,"key":"Dream Catcher"},{"floor":14,"key":"The Courier"}],"event_choices":[{"damage_healed":0,"gold_gain":0,"player_choice":"Donut","damage_taken":0,"max_hp_gain":5,"max_hp_loss":0,"event_name":"Big Fish","floor":5,"gold_loss":0},{"damage_healed":0,"gold_gain":0,"player_choice":"Success","damage_taken":12,"relics_obtained":["Blood Vial"],"max_hp_gain":0,"max_hp_loss":0,"event_name":"Scrap Ooze","floor":7,"gold_loss":0},{"damage_healed":0,"gold_gain":0,"player_choice":"Searched \u00273\u0027 times","damage_taken":0,"relics_obtained":["Matryoshka"],"max_hp_gain":0,"max_hp_loss":0,"event_name":"Dead Adventurer","floor":11,"gold_loss":0},{"damage_healed":0,"gold_gain":0,"player_choice":"Read","damage_taken":0,"max_hp_gain":0,"max_hp_loss":0,"event_name":"The Library","floor":19,"gold_loss":0,"cards_obtained":["Body Slam"]},{"damage_healed":0,"gold_gain":0,"player_choice":"Obtained Relic","damage_taken":0,"relics_obtained":["Lantern"],"max_hp_gain":0,"max_hp_loss":0,"event_name":"Addict","floor":20,"gold_loss":85},{"damage_healed":0,"gold_gain":0,"player_choice":"Traded Relic","damage_taken":0,"relics_obtained":["Nloth\u0027s Gift"],"max_hp_gain":0,"max_hp_loss":0,"event_name":"N\u0027loth","floor":21,"relics_lost":["The Courier"],"gold_loss":0}],"is_beta":false,"boss_relics":[{"not_picked":["Pandora\u0027s Box","White Beast Statue"],"picked":"Philosopher\u0027s Stone"}],"items_purged_floors":[3],"is_endless":false,"potions_floor_spawned":[2,4,11,16,18,22],"killed_by":"Slavers","ascension_level":3}