{"gold_per_floor":[119,44,60,10,10,10,23,23,23,53,69,69,69,148,148,246,246,266,283,203,203,103,103,103,103,128,128,145,159,259,276,276,371,371,388,436,436,447,547,547,427,461,488,488,488],"floor_reached":45,"playtime":2465,"items_purged":["Strike_R","Strike_R","Parasite","Clumsy"],"score":556,"play_id":"584ee0cd-07dc-4c3d-b305-c819f8b17d29","local_time":"20190211140606","is_ascension_mode":true,"campfire_choices":[{"data":"Body Slam","floor":6,"key":"SMITH"},{"data":"Flex","floor":8,"key":"SMITH"},{"floor":15,"key":"REST"},{"data":"Demon Form","floor":23,"key":"SMITH"},{"data":"Headbutt","floor":27,"key":"SMITH"},{"floor":32,"key":"REST"},{"data":"Limit Break","floor":40,"key":"SMITH"},{"data":"Heavy Blade","floor":44,"key":"SMITH"}],"neow_cost":"NONE","seed_source_timestamp":189592902998000,"circlet_count":0,"master_deck":["Defend_R+1","Defend_R+1","Defend_R","Bash","Flex+1","Body Slam+1","Headbutt+1","Twin Strike","Demon Form+1","Flame Barrier+1","Flex+1","Sword Boomerang+1","Heavy Blade+1","Limit Break+1","Pummel+1","Thunderclap+1","Dramatic Entrance","Dual Wield+1","Warcry","Spot Weakness+1","Doubt"],"relics":["Burning Blood","War Paint","The Courier","Question Card","Cursed Key","WingedGreaves","Centennial Puzzle","Dead Branch","Meat on the Bone","Coffee Dripper","Charon\u0027s Ashes","Ginger","Happy Flower","Ancient Tea Set"],"potions_floor_usage":[16,18,33,33,42],"damage_taken":[{"damage":8,"enemies":"2 Louse","floor":1,"turns":3},{"damage":8,"enemies":"Small Slimes","floor":3,"turns":6},{"damage":0,"enemies":"Cultist","floor":7,"turns":3},{"damage":28,"enemies":"Lagavulin","floor":10,"turns":6},{"damage":10,"enemies":"Red Slaver","floor":11,"turns":3},{"damage":36,"enemies":"The Guardian","floor":16,"turns":13},{"damage":12,"enemies":"2 Thieves","floor":18,"turns":3},{"damage":11,"enemies":"Shell Parasite","floor":19,"turns":4},{"damage":16,"enemies":"Snake Plant","floor":28,"turns":3},{"damage":9,"enemies":"Centurion and Healer","floor":29,"turns":5},{"damage":14,"enemies":"Colosseum Slavers","floor":30,"turns":2},{"damage":21,"enemies":"Colosseum Nobs","floor":30,"turns":4},{"damage":18,"enemies":"Snecko","floor":31,"turns":3},{"damage":69,"enemies":"Collector","floor":33,"turns":7},{"damage":27,"enemies":"3 Darklings","floor":35,"turns":5},{"damage":33,"enemies":"2 Orb Walkers","floor":36,"turns":3},{"damage":0,"enemies":"Orb Walker","floor":38,"turns":3},{"damage":0,"enemies":"Mind Bloom Boss Battle","floor":39,"turns":2},{"damage":35,"enemies":"Nemesis","floor":42,"turns":7},{"damage":67,"enemies":"Transient","floor":45,"turns":5}],"seed_played":"-8251739563971736904","potions_obtained":[{"floor":3,"key":"Explosive Potion"},{"floor":5,"key":"Dexterity Potion"},{"floor":5,"key":"FairyPotion"},{"floor":18,"key":"PowerPotion"},{"floor":30,"key":"Energy Potion"},{"floor":38,"key":"Swift Potion"}],"is_trial":false,"path_per_floor":["M","$","M","?","?","R","M","R","T","E","M","$","?","T","R","B",null,"M","M","$","T","$","R","?","?","T","R","M","M","?","M","R","B",null,"M","?","?","M","?","R","$","E","T","R","M"],"character_chosen":"IRONCLAD","items_purchased":[],"campfire_rested":2,"item_purchase_floors":[],"current_hp_per_floor":[78,78,76,76,76,76,80,80,80,58,54,54,47,47,71,41,80,74,69,69,69,69,69,69,69,69,69,59,56,33,33,56,25,77,56,41,41,47,53,53,53,36,36,36,0],"gold":488,"neow_bonus":"REMOVE_CARD","is_prod":false,"is_daily":false,"chose_seed":false,"campfire_upgraded":6,"win_rate":0,"timestamp":1549922766,"path_taken":["M","$","M","?","?","R","M","R","T","E","?","?","?","?","R","BOSS","M","M","$","?","?","R","?","?","T","R","?","M","?","M","R","BOSS","M","?","?","M","?","R","?","E","T","R","M"],"build_version":"2019-01-23","purchased_purges":4,"victory":false,"max_hp_per_floor":[80,80,80,80,80,80,80,80,80,80,80,80,80,80,80,80,80,80,80,80,80,77,77,77,77,77,77,77,77,77,77,77,77,77,77,77,77,77,77,77,77,77,77,77,77],"card_choices":[{"not_picked":["Bloodletting","Body Slam"],"picked":"Flex","floor":1},{"not_picked":["Entrench","Infernal Blade"],"picked":"Body Slam","floor":3},{"not_picked":["Combust","Entrench"],"picked":"Headbutt","floor":7},{"not_picked":["Burning Pact","Entrench"],"picked":"Twin Strike","floor":10},{"not_picked":["Anger","Armaments","Hemokinesis"],"picked":"SKIP","floor":11},{"not_picked":["Feed","Berserk","Limit Break"],"picked":"Demon Form","floor":16},{"not_picked":["Cleave","Armaments","Dual Wield"],"picked":"Flame Barrier","floor":18},{"not_picked":["Armaments","Pommel Strike","Headbutt"],"picked":"Flex+1","floor":19},{"not_picked":["Demon Form","Burning Pact","Seeing Red"],"picked":"Sword Boomerang+1","floor":28},{"not_picked":["Reckless Charge","Cleave","Havoc","Pommel Strike"],"picked":"SKIP","floor":29},{"not_picked":["Bloodletting","Clothesline+1","Armaments"],"picked":"Heavy Blade","floor":30},{"not_picked":["Metallicize","Perfected Strike","Bludgeon","Blood for Blood"],"picked":"SKIP","floor":31},{"not_picked":["Double Tap","Juggernaut","Offering"],"picked":"Limit Break","floor":33},{"not_picked":["Second Wind+1","Twin Strike+1","Warcry"],"picked":"Pummel+1","floor":35},{"not_picked":["Headbutt+1","Flex+1","Clothesline"],"picked":"Thunderclap+1","floor":36},{"not_picked":["Master of Strategy","Finesse","PanicButton"],"picked":"Dramatic Entrance","floor":37},{"not_picked":["Pummel","Cleave","Flex"],"picked":"Dual Wield+1","floor":38},{"not_picked":["Rampage+1","Armaments","Iron Wave+1"],"picked":"Warcry","floor":39},{"not_picked":["Rampage","Dark Embrace","Anger"],"picked":"Spot Weakness+1","floor":42}],"player_experience":136291,"relics_obtained":[{"floor":9,"key":"War Paint"},{"floor":10,"key":"The Courier"},{"floor":14,"key":"Question Card"},{"floor":21,"key":"WingedGreaves"},{"floor":26,"key":"Centennial Puzzle"},{"floor":30,"key":"Dead Branch"},{"floor":30,"key":"Meat on the Bone"},{"floor":36,"key":"Charon\u0027s Ashes"},{"floor":39,"key":"Ginger"},{"floor":42,"key":"Happy Flower"},{"floor":43,"key":"Ancient Tea Set"}],"event_choices":[{"cards_removed":["Strike_R"],"damage_healed":0,"gold_gain":0,"player_choice":"Card Removal","damage_taken":0,"max_hp_gain":0,"max_hp_loss":0,"event_name":"The Cleric","floor":4,"gold_loss":50},{"damage_healed":0,"gold_gain":0,"player_choice":"Got Potions","damage_taken":0,"max_hp_gain":0,"max_hp_loss":0,"event_name":"Lab","floor":5,"gold_loss":0},{"cards_removed":["Strike_R"],"damage_healed":0,"gold_gain":0,"player_choice":"Card Removal","damage_taken":7,"max_hp_gain":0,"max_hp_loss":0,"event_name":"Golden Wing","floor":13,"gold_loss":0},{"cards_removed":["Defend_R"],"damage_healed":0,"gold_gain":0,"player_choice":"Elegance","damage_taken":0,"max_hp_gain":0,"max_hp_loss":0,"event_name":"Back to Basics","floor":24,"gold_loss":0},{"damage_healed":0,"gold_gain":0,"player_choice":"Upgraded","damage_taken":0,"max_hp_gain":0,"max_hp_loss":0,"event_name":"Upgrade Shrine","floor":25,"gold_loss":0,"cards_upgraded":["Flame Barrier"]},{"damage_healed":0,"gold_gain":0,"player_choice":"Fight","damage_taken":0,"max_hp_gain":0,"max_hp_loss":0,"event_name":"Colosseum","floor":30,"gold_loss":0},{"damage_healed":0,"gold_gain":0,"player_choice":"Fought Nobs","damage_taken":0,"max_hp_gain":0,"max_hp_loss":0,"event_name":"Colosseum","floor":30,"gold_loss":0},{"damage_healed":0,"gold_gain":0,"player_choice":"Fight","damage_taken":0,"max_hp_gain":0,"max_hp_loss":0,"event_name":"Mysterious Sphere","floor":36,"gold_loss":0},{"damage_healed":0,"gold_gain":0,"player_choice":"Memory 1","damage_taken":0,"max_hp_gain":0,"max_hp_loss":0,"event_name":"SensoryStone","floor":37,"gold_loss":0},{"damage_healed":0,"gold_gain":0,"player_choice":"Fight","damage_taken":0,"max_hp_gain":0,"max_hp_loss":0,"event_name":"MindBloom","floor":39,"gold_loss":0}],"is_beta":false,"boss_relics":[{"not_picked":["Fusion Hammer","White Beast Statue"],"picked":"Cursed Key"},{"not_picked":["Mark of Pain","Orrery"],"picked":"Coffee Dripper"}],"items_purged_floors":[2,20,22,41],"is_endless":false,"potions_floor_spawned":[3,11,18,30,30,38],"killed_by":"Transient","ascension_level":3}