{"gold_per_floor":[114,125,25,100,116,116,142,142,142,142,142,155,155,55,55,157,157,168,168,183,183,199,199,210,210,210,64,64,76,76,106,106,209,209,229,240,540,540],"floor_reached":38,"playtime":1433,"items_purged":["Strike_G","Strike_G"],"score":647,"play_id":"25786b94-7369-4aac-b0d4-b577eb8784a1","local_time":"20190528014928","is_ascension_mode":true,"campfire_choices":[{"data":"Unload","floor":6.0,"key":"SMITH"},{"data":"Flying Knee","floor":8.0,"key":"SMITH"},{"floor":15.0,"key":"REST"},{"floor":25.0,"key":"REST"},{"data":"Terror","floor":30.0,"key":"SMITH"},{"floor":32.0,"key":"REST"}],"neow_cost":"NONE","seed_source_timestamp":0,"circlet_count":0,"master_deck":["Defend_G","Defend_G","Defend_G","Survivor","Neutralize","Unload+1","Flying Knee+1","Flying Knee","Masterful Stab","Terror+1","Noxious Fumes+1"],"special_seed":0,"relics":["Ring of the Snake","Gremlin Horn","Vajra","Regal Pillow","Empty Cage","Bottled Lightning","Bag of Marbles","Art of War","Calling Bell","Happy Flower","Dodecahedron","Ice Cream"],"potions_floor_usage":[],"damage_taken":[{"damage":0.0,"enemies":"2 Louse","floor":1.0,"turns":1.0},{"damage":4.0,"enemies":"Small Slimes","floor":2.0,"turns":4.0},{"damage":0.0,"enemies":"Cultist","floor":5.0,"turns":4.0},{"damage":35.0,"enemies":"Lagavulin","floor":7.0,"turns":5.0},{"damage":0.0,"enemies":"Exordium Wildlife","floor":12.0,"turns":2.0},{"damage":0.0,"enemies":"Hexaghost","floor":16.0,"turns":8.0},{"damage":0.0,"enemies":"Shell Parasite","floor":18.0,"turns":4.0},{"damage":30.0,"enemies":"3 Byrds","floor":20.0,"turns":7.0},{"damage":0.0,"enemies":"3 Cultists","floor":22.0,"turns":4.0},{"damage":0.0,"enemies":"Book of Stabbing","floor":23.0,"turns":1.0},{"damage":14.0,"enemies":"Shelled Parasite and Fungi","floor":24.0,"turns":7.0},{"damage":19.0,"enemies":"Centurion and Healer","floor":29.0,"turns":5.0},{"damage":2.0,"enemies":"Slavers","floor":31.0,"turns":3.0},{"damage":58.0,"enemies":"Automaton","floor":33.0,"turns":10.0},{"damage":9.0,"enemies":"3 Darklings","floor":35.0,"turns":7.0},{"damage":10,"enemies":"3 Shapes","floor":36,"turns":3},{"damage":41,"enemies":"Spire Growth","floor":38,"turns":3}],"seed_played":"-8529531372330574549","potions_obtained":[{"floor":1.0,"key":"Strength Potion"},{"floor":5.0,"key":"EntropicBrew"},{"floor":7.0,"key":"Dexterity Potion"},{"floor":12.0,"key":"EssenceOfSteel"},{"floor":21.0,"key":"Swift Potion"},{"floor":21.0,"key":"SmokeBomb"},{"floor":22.0,"key":"Ancient Potion"},{"floor":29.0,"key":"Explosive Potion"},{"floor":33.0,"key":"GamblersBrew"}],"is_trial":false,"path_per_floor":["M","M","$","?","M","R","E","R","T","?","?","M","T","$","R","B",null,"M","?","M","?","M","E","M","R","T","$","?","M","R","E","R","B",null,"M","M","?","M"],"character_chosen":"THE_SILENT","items_purchased":["Flying Knee","Bag of Marbles"],"campfire_rested":3,"item_purchase_floors":[3,27],"current_hp_per_floor":[63,59,59,48,48,48,25,25,25,18,18,18,18,18,54,54,66,66,66,36,36,36,36,22,58,58,58,58,39,39,37,70,12,56,47,37,37,0],"gold":540,"neow_bonus":"ONE_RANDOM_RARE_CARD","is_prod":false,"is_daily":false,"chose_seed":false,"campfire_upgraded":3,"win_rate":0,"timestamp":1559033368,"path_taken":["M","M","$","?","M","R","E","R","T","?","?","?","?","$","R","BOSS","M","?","?","?","M","E","?","R","T","$","?","M","R","E","R","BOSS","M","?","?","?"],"build_version":"2019-01-23","purchased_purges":2,"victory":false,"max_hp_per_floor":[70,70,70,70,70,70,70,70,70,70,70,70,70,70,70,70,70,70,70,70,70,70,70,70,70,70,70,70,70,70,70,70,70,70,70,70,70,70],"card_choices":[{"not_picked":["Leg Sweep","Cloak And Dagger","Deflect"],"picked":"SKIP","floor":1.0},{"not_picked":["PiercingWail","Backflip","Predator"],"picked":"SKIP","floor":2.0},{"not_picked":["Bane","Cloak And Dagger"],"picked":"Flying Knee","floor":5.0},{"not_picked":["All Out Attack","Flechettes","Underhanded Strike"],"picked":"SKIP","floor":7.0},{"not_picked":["Die Die Die","Blur"],"picked":"Terror","floor":12.0},{"not_picked":["Quick Slash","Dodge and Roll","Bane"],"picked":"SKIP","floor":18.0},{"not_picked":["Dagger Throw","Poisoned Stab","Accuracy+1"],"picked":"SKIP","floor":20.0},{"not_picked":["Poisoned Stab","Underhanded Strike+1","Sucker Punch"],"picked":"SKIP","floor":22.0},{"not_picked":["Dash+1","Grand Finale","Backstab"],"picked":"SKIP","floor":24.0},{"not_picked":["Prepared","Outmaneuver","Infinite Blades"],"picked":"SKIP","floor":29.0},{"not_picked":["Masterful Stab+1","Prepared"],"picked":"Noxious Fumes+1","floor":31.0},{"not_picked":["Outmaneuver+1","Backflip","Cloak And Dagger+1"],"picked":"SKIP","floor":35.0},{"not_picked":["Concentrate","Blade Dance","Cloak And Dagger+1"],"picked":"SKIP","floor":36}],"player_experience":418262,"relics_obtained":[{"floor":7.0,"key":"Gremlin Horn"},{"floor":9.0,"key":"Vajra"},{"floor":13.0,"key":"Regal Pillow"},{"floor":26.0,"key":"Bottled Lightning"},{"floor":31.0,"key":"Art of War"},{"floor":34.0,"key":"Happy Flower"},{"floor":34.0,"key":"Dodecahedron"},{"floor":34.0,"key":"Ice Cream"}],"event_choices":[{"damage_healed":0.0,"max_hp_gain":0.0,"max_hp_loss":0.0,"gold_gain":75.0,"event_name":"World of Goop","player_choice":"Gather Gold","floor":4.0,"gold_loss":0.0,"damage_taken":11.0},{"cards_removed":["Strike_G"],"damage_healed":0.0,"max_hp_gain":0.0,"max_hp_loss":0.0,"gold_gain":0.0,"event_name":"Golden Wing","player_choice":"Card Removal","floor":10.0,"gold_loss":0.0,"damage_taken":7.0},{"damage_healed":0.0,"max_hp_gain":0.0,"max_hp_loss":0.0,"gold_gain":0.0,"cards_transformed":["Strike_G"],"event_name":"Transmorgrifier","player_choice":"Transformed","floor":11.0,"gold_loss":0.0,"damage_taken":0.0,"cards_obtained":["Masterful Stab"]},{"damage_healed":0.0,"max_hp_gain":0.0,"max_hp_loss":0.0,"gold_gain":0.0,"event_name":"The Woman in Blue","player_choice":"Bought 0 Potions","floor":19.0,"gold_loss":0.0,"damage_taken":0.0},{"damage_healed":0.0,"max_hp_gain":0.0,"max_hp_loss":0.0,"gold_gain":0.0,"event_name":"Lab","player_choice":"Got Potions","floor":21.0,"gold_loss":0.0,"damage_taken":0.0},{"cards_removed":["Defend_G"],"damage_healed":0.0,"max_hp_gain":0.0,"max_hp_loss":0.0,"gold_gain":0.0,"event_name":"Purifier","player_choice":"Purged","floor":28.0,"gold_loss":0.0,"damage_taken":0.0},{"damage_healed":0,"gold_gain":300,"player_choice":"Gold","damage_taken":0,"max_hp_gain":0,"max_hp_loss":0,"event_name":"Wheel of Change","floor":37,"gold_loss":0}],"is_beta":false,"boss_relics":[{"not_picked":["Lizard Tail","Tiny House"],"picked":"Empty Cage"},{"not_picked":["Orrery","Runic Dome"],"picked":"Calling Bell"}],"items_purged_floors":[3,14],"is_endless":false,"potions_floor_spawned":[1,5,7,12,22,23,29,33],"killed_by":"Spire Growth","ascension_level":8}