{"gold_per_floor":[110,122,52,127,146,173,173,205,256,273,304,324,398,417,417,522,522,539,589,589,602,294,294],"floor_reached":23,"playtime":1709,"items_purged":[],"score":253,"play_id":"5c991e2a-8884-480d-b59e-f61aefdb9378","local_time":"20181030183525","is_ascension_mode":true,"campfire_choices":[{"floor":7,"key":"REST"},{"floor":15,"key":"REST"}],"neow_cost":"NONE","seed_source_timestamp":954016849176034,"circlet_count":0,"master_deck":["Strike_R","Strike_R","Strike_R","Strike_R","Strike_R","Defend_R","Defend_R","Defend_R","Defend_R","Bash","Bludgeon","Armaments","True Grit","Armaments","Cleave","Rampage","Ghostly Armor","Spot Weakness","Rampage","Fiend Fire","Feed","Bash","Madness","Flame Barrier","Shrug It Off"],"relics":["Burning Blood","Meat on the Bone","Boot","Pen Nib","Bag of Marbles","Velvet Choker","Kunai"],"potions_floor_usage":[6,11,18,23],"damage_taken":[{"damage":8,"enemies":"2 Louse","floor":1,"turns":4},{"damage":7,"enemies":"Jaw Worm","floor":2,"turns":4},{"damage":1,"enemies":"Cultist","floor":5,"turns":4},{"damage":37,"enemies":"Gremlin Nob","floor":6,"turns":5},{"damage":30,"enemies":"3 Sentries","floor":8,"turns":10},{"damage":0,"enemies":"Blue Slaver","floor":10,"turns":5},{"damage":25,"enemies":"Lagavulin","floor":11,"turns":7},{"damage":13,"enemies":"Large Slime","floor":12,"turns":7},{"damage":17,"enemies":"2 Fungi Beasts","floor":14,"turns":6},{"damage":28,"enemies":"Slime Boss","floor":16,"turns":8},{"damage":17,"enemies":"2 Thieves","floor":18,"turns":4},{"damage":0,"enemies":"Chosen","floor":21,"turns":4},{"damage":90,"enemies":"Gremlin Leader","floor":23,"turns":9}],"seed_played":"4002189388017700225","potions_obtained":[{"floor":2,"key":"EssenceOfSteel"},{"floor":8,"key":"Fire Potion"},{"floor":12,"key":"Ancient Potion"},{"floor":14,"key":"Swift Potion"},{"floor":16,"key":"Explosive Potion"}],"is_trial":false,"path_per_floor":["M","M","$","?","M","E","R","E","T","M","E","M","?","M","R","B",null,"M","?","?","M","$"],"character_chosen":"IRONCLAD","items_purchased":["Armaments","Cleave","Kunai","Shrug It Off"],"campfire_rested":2,"item_purchase_floors":[3,3,22,22],"current_hp_per_floor":[78,77,77,66,71,40,64,52,52,58,51,56,56,57,80,58,80,72,72,72,78,78,0],"gold":294,"neow_bonus":"ONE_RANDOM_RARE_CARD","is_prod":false,"is_daily":false,"chose_seed":false,"campfire_upgraded":0,"win_rate":0,"timestamp":1540924525,"path_taken":["M","M","$","?","M","E","R","E","T","?","E","M","?","M","R","BOSS","M","?","?","M","$","E"],"build_version":"2018-10-25v2","purchased_purges":0,"victory":false,"max_hp_per_floor":[80,80,80,80,80,80,80,80,80,80,80,80,80,80,80,80,80,83,83,83,83,83,83],"card_choices":[{"not_picked":["Anger","Perfected Strike"],"picked":"Armaments","floor":1},{"not_picked":["Dual Wield","Anger"],"picked":"True Grit","floor":2},{"not_picked":["True Grit","Infernal Blade","Sword Boomerang"],"picked":"SKIP","floor":5},{"not_picked":["Second Wind","Warcry"],"picked":"Rampage","floor":6},{"not_picked":["Dark Embrace","Warcry"],"picked":"Ghostly Armor","floor":8},{"not_picked":["Wild Strike","Perfected Strike","Body Slam"],"picked":"SKIP","floor":10},{"not_picked":["Ghostly Armor","Dropkick"],"picked":"Spot Weakness","floor":11},{"not_picked":["Armaments","Reckless Charge"],"picked":"Rampage","floor":12},{"not_picked":["Anger","Sword Boomerang"],"picked":"Fiend Fire","floor":14},{"not_picked":["Bludgeon","Reaper"],"picked":"Feed","floor":16},{"not_picked":["Perfected Strike","Anger","Headbutt"],"picked":"SKIP","floor":18},{"not_picked":["Pummel+1","Flex"],"picked":"Flame Barrier","floor":21}],"player_experience":764757,"relics_obtained":[{"floor":6,"key":"Meat on the Bone"},{"floor":8,"key":"Boot"},{"floor":9,"key":"Pen Nib"},{"floor":11,"key":"Bag of Marbles"}],"event_choices":[{"damage_healed":0,"gold_gain":75,"player_choice":"Gather Gold","damage_taken":11,"max_hp_gain":0,"max_hp_loss":0,"event_name":"World of Goop","floor":4,"gold_loss":0},{"damage_healed":0,"gold_gain":74,"player_choice":"Gained Gold","damage_taken":0,"max_hp_gain":0,"max_hp_loss":0,"event_name":"Golden Wing","floor":13,"gold_loss":0},{"damage_healed":0,"gold_gain":100,"player_choice":"Bet on Murderer","damage_taken":0,"max_hp_gain":0,"max_hp_loss":0,"event_name":"The Joust","floor":19,"gold_loss":50},{"damage_healed":0,"gold_gain":0,"player_choice":"2 cards matched","damage_taken":0,"max_hp_gain":0,"max_hp_loss":0,"event_name":"Match and Keep!","floor":20,"gold_loss":0,"cards_obtained":["Bash","Madness"]}],"is_beta":false,"boss_relics":[{"not_picked":["Empty Cage","White Beast Statue"],"picked":"Velvet Choker"}],"items_purged_floors":[],"is_endless":false,"potions_floor_spawned":[2,8,12,14,16],"killed_by":"Gremlin Leader","ascension_level":4}