{"gold_per_floor":[119,44,61,61,61,61,85,128,152,185,185,185,199,224,224,347,347,363,363,363,463,473,473,503,602,602,634,646,646,661,34,34,132,132,148,193,193,293,293,293,307,77,104,104,120,120,120,138,138,138],"floor_reached":51,"playtime":2100,"items_purged":["Strike_G","Strike_G"],"score":863,"play_id":"cfae2bd9-1484-4a3a-bda9-6b333de685a2","local_time":"20190522210630","is_ascension_mode":true,"campfire_choices":[{"data":"Dagger Spray","floor":6.0,"key":"SMITH"},{"data":"Footwork","floor":11.0,"key":"SMITH"},{"floor":15.0,"key":"REST"},{"data":"Corpse Explosion","floor":23.0,"key":"SMITH"},{"floor":29.0,"key":"REST"},{"data":"Footwork","floor":32.0,"key":"SMITH"},{"floor":40.0,"key":"DIG"},{"data":"Footwork","floor":44.0,"key":"SMITH"},{"floor":46.0,"key":"DIG"},{"floor":49.0,"key":"DIG"}],"neow_cost":"NONE","seed_source_timestamp":0,"circlet_count":0,"master_deck":["Defend_G","Defend_G","Defend_G","Defend_G","Defend_G","Strike_G","Survivor","Neutralize","Tools of the Trade","Poisoned Stab","Dagger Spray+1","Backstab","Footwork+1","Poisoned Stab","Corpse Explosion+1","Dagger Spray+1","Footwork+1","Bane+1","Poisoned Stab","A Thousand Cuts","Finisher+1","Footwork+1","Backstab+1","Footwork+1","Deadly Poison+1"],"special_seed":0,"relics":["Ring of the Snake","Bloody Idol","Centennial Puzzle","Oddly Smooth Stone","Anchor","Odd Mushroom","Empty Cage","Torii","Bottled Tornado","Bronze Scales","Kunai","Red Mask","Lee\u0027s Waffle","Lantern","Potion Belt","Velvet Choker","Shovel","Thread and Needle","Bag of Preparation","HandDrill","Art of War","Dream Catcher","StoneCalendar"],"potions_floor_usage":[50,50,50],"damage_taken":[{"damage":4.0,"enemies":"Cultist","floor":1.0,"turns":5.0},{"damage":1.0,"enemies":"Jaw Worm","floor":3.0,"turns":5.0},{"damage":0.0,"enemies":"Small Slimes","floor":7.0,"turns":2.0},{"damage":14.0,"enemies":"3 Sentries","floor":8.0,"turns":6.0},{"damage":0.0,"enemies":"The Mushroom Lair","floor":10.0,"turns":3.0},{"damage":0.0,"enemies":"2 Fungi Beasts","floor":13.0,"turns":3.0},{"damage":0.0,"enemies":"Blue Slaver","floor":14.0,"turns":2.0},{"damage":47.0,"enemies":"Hexaghost","floor":16.0,"turns":13.0},{"damage":0.0,"enemies":"Chosen","floor":18.0,"turns":8.0},{"damage":0.0,"enemies":"Colosseum Slavers","floor":21.0,"turns":4.0},{"damage":17.0,"enemies":"Colosseum Nobs","floor":21.0,"turns":3.0},{"damage":1.0,"enemies":"Shell Parasite","floor":22.0,"turns":7.0},{"damage":43.0,"enemies":"Gremlin Leader","floor":24.0,"turns":8.0},{"damage":0.0,"enemies":"Masked Bandits","floor":27.0,"turns":2.0},{"damage":9.0,"enemies":"Snake Plant","floor":28.0,"turns":4.0},{"damage":0.0,"enemies":"Cultist and Chosen","floor":30.0,"turns":4.0},{"damage":26.0,"enemies":"Champ","floor":33.0,"turns":15.0},{"damage":0.0,"enemies":"3 Shapes","floor":35.0,"turns":3.0},{"damage":10.0,"enemies":"2 Orb Walkers","floor":36.0,"turns":2.0},{"damage":1.0,"enemies":"Mind Bloom Boss Battle","floor":38.0,"turns":5.0},{"damage":0.0,"enemies":"Orb Walker","floor":41.0,"turns":3.0},{"damage":12.0,"enemies":"Spire Growth","floor":45.0,"turns":6.0},{"damage":1.0,"enemies":"Jaw Worm Horde","floor":48.0,"turns":4.0},{"damage":55,"enemies":"Donu and Deca","floor":50,"turns":7}],"seed_played":"8748720454742348686","potions_obtained":[{"floor":1.0,"key":"Strength Potion"},{"floor":10.0,"key":"Block Potion"},{"floor":14.0,"key":"Energy Potion"},{"floor":21.0,"key":"Swift Potion"},{"floor":24.0,"key":"Ancient Potion"},{"floor":27.0,"key":"SneckoOil"},{"floor":28.0,"key":"SpeedPotion"},{"floor":36.0,"key":"GamblersBrew"},{"floor":41.0,"key":"Strength Potion"},{"floor":45.0,"key":"Block Potion"}],"is_trial":false,"path_per_floor":["M","$","M","?","?","R","M","E","T","?","R","?","M","M","R","B",null,"M","?","?","?","M","R","E","?","T","?","M","R","M","$","R","B",null,"M","?","?","?","?","R","M","$","T","R","M","R","?","M","R","B",null],"character_chosen":"THE_SILENT","items_purchased":["Lee\u0027s Waffle","Lantern","Potion Belt","Poisoned Stab","HandDrill","Footwork"],"campfire_rested":2,"item_purchase_floors":[31,31,31,31,42,42],"current_hp_per_floor":[66,66,65,65,58,58,58,44,44,44,44,44,44,44,63,16,65,65,65,65,53,57,57,19,24,24,29,25,44,49,72,72,51,72,72,67,67,68,68,68,68,68,68,68,61,61,61,65,65,10],"gold":138,"neow_bonus":"ONE_RANDOM_RARE_CARD","is_prod":false,"is_daily":false,"chose_seed":false,"campfire_upgraded":5,"win_rate":0,"timestamp":1558584390,"path_taken":["M","$","M","?","?","R","M","E","T","?","R","?","?","M","R","BOSS","M","?","?","?","M","R","E","?","T","?","M","R","M","?","R","BOSS","M","?","?","?","?","R","M","$","T","R","M","R","?","M","R","BOSS"],"build_version":"2019-01-23","purchased_purges":2,"victory":true,"max_hp_per_floor":[70,70,70,65,65,65,65,65,65,65,65,65,65,65,65,65,65,65,65,65,65,65,65,65,65,65,65,65,65,65,72,72,72,72,72,72,68,68,68,68,68,68,68,68,68,68,68,68,68,68],"card_choices":[{"not_picked":["Quick Slash","Reflex"],"picked":"Poisoned Stab","floor":1.0},{"not_picked":["Distraction","Bane"],"picked":"Dagger Spray","floor":3.0},{"not_picked":["Leg Sweep","Concentrate","Reflex"],"picked":"SKIP","floor":7.0},{"not_picked":["Endless Agony","Slice"],"picked":"Backstab","floor":8.0},{"not_picked":["Blade Dance","Dagger Throw"],"picked":"Footwork","floor":10.0},{"not_picked":["Sucker Punch","Prepared","Outmaneuver"],"picked":"SKIP","floor":13.0},{"not_picked":["Well Laid Plans","Sucker Punch"],"picked":"Poisoned Stab","floor":14.0},{"not_picked":["A Thousand Cuts","Venomology"],"picked":"Corpse Explosion","floor":16.0},{"not_picked":["Prepared","Acrobatics"],"picked":"Dagger Spray+1","floor":18.0},{"not_picked":["Dagger Throw+1","Poisoned Stab","Prepared"],"picked":"SKIP","floor":22.0},{"not_picked":["Infinite Blades","Caltrops+1","Flying Knee"],"picked":"SKIP","floor":24.0},{"not_picked":["Bullet Time","Concentrate"],"picked":"Footwork","floor":27.0},{"not_picked":["Dodge and Roll+1","Eviscerate"],"picked":"Bane+1","floor":28.0},{"not_picked":["Prepared","Acrobatics","Poisoned Stab"],"picked":"SKIP","floor":30.0},{"not_picked":["Wraith Form v2","Adrenaline"],"picked":"A Thousand Cuts","floor":33.0},{"not_picked":["Acrobatics","Quick Slash+1"],"picked":"Finisher+1","floor":35.0},{"not_picked":["Caltrops+1","Accuracy+1"],"picked":"Footwork+1","floor":36.0},{"not_picked":["Sucker Punch","PiercingWail"],"picked":"Backstab+1","floor":41.0},{"not_picked":["Calculated Gamble","Setup+1","Dagger Spray+1"],"picked":"SKIP","floor":45.0},{"not_picked":["Sucker Punch","Accuracy+1"],"picked":"Deadly Poison+1","floor":48.0}],"player_experience":399526,"relics_obtained":[{"floor":8.0,"key":"Oddly Smooth Stone"},{"floor":9.0,"key":"Anchor"},{"floor":10.0,"key":"Odd Mushroom"},{"floor":21.0,"key":"Torii"},{"floor":21.0,"key":"Bottled Tornado"},{"floor":24.0,"key":"Bronze Scales"},{"floor":26.0,"key":"Kunai"},{"floor":27.0,"key":"Red Mask"},{"floor":36.0,"key":"Shovel"},{"floor":38.0,"key":"Thread and Needle"},{"floor":40.0,"key":"Bag of Preparation"},{"floor":43.0,"key":"Art of War"},{"floor":46.0,"key":"Dream Catcher"},{"floor":49.0,"key":"StoneCalendar"}],"event_choices":[{"damage_healed":0.0,"max_hp_gain":0.0,"max_hp_loss":5.0,"gold_gain":0.0,"event_name":"Golden Idol","player_choice":"Lose Max HP","floor":4.0,"gold_loss":0.0,"damage_taken":0.0,"relics_obtained":["Golden Idol"]},{"damage_healed":0.0,"max_hp_gain":0.0,"max_hp_loss":0.0,"gold_gain":0.0,"event_name":"Scrap Ooze","player_choice":"Success","floor":5.0,"gold_loss":0.0,"damage_taken":7.0,"relics_obtained":["Centennial Puzzle"]},{"damage_healed":0.0,"max_hp_gain":0.0,"max_hp_loss":0.0,"gold_gain":0.0,"event_name":"Mushrooms","player_choice":"Fought Mushrooms","floor":10.0,"gold_loss":0.0,"damage_taken":0.0},{"damage_healed":0.0,"max_hp_gain":0.0,"max_hp_loss":0.0,"gold_gain":0.0,"event_name":"Liars Game","player_choice":"Ignored","floor":12.0,"gold_loss":0.0,"damage_taken":0.0},{"damage_healed":0.0,"max_hp_gain":0.0,"max_hp_loss":0.0,"gold_gain":0.0,"event_name":"Forgotten Altar","player_choice":"Gave Idol","floor":19.0,"relics_lost":["Golden Idol"],"gold_loss":0.0,"damage_taken":0.0,"relics_obtained":["Bloody Idol"]},{"damage_healed":0.0,"max_hp_gain":0.0,"max_hp_loss":0.0,"gold_gain":0.0,"event_name":"Vampires","player_choice":"Ignored","floor":20.0,"gold_loss":0.0,"damage_taken":0.0},{"damage_healed":0.0,"max_hp_gain":0.0,"max_hp_loss":0.0,"gold_gain":0.0,"event_name":"Colosseum","player_choice":"Fight","floor":21.0,"gold_loss":0.0,"damage_taken":0.0},{"damage_healed":0.0,"max_hp_gain":0.0,"max_hp_loss":0.0,"gold_gain":0.0,"event_name":"Colosseum","player_choice":"Fought Nobs","floor":21.0,"gold_loss":0.0,"damage_taken":0.0},{"damage_healed":0.0,"max_hp_gain":0.0,"max_hp_loss":0.0,"gold_gain":99.0,"event_name":"Nest","player_choice":"Stole From Cult","floor":25.0,"gold_loss":0.0,"damage_taken":0.0},{"damage_healed":0.0,"max_hp_gain":0.0,"max_hp_loss":0.0,"gold_gain":0.0,"event_name":"Masked Bandits","player_choice":"Fought Bandits","floor":27.0,"gold_loss":0.0,"damage_taken":0.0},{"damage_healed":0.0,"max_hp_gain":0.0,"max_hp_loss":0.0,"gold_gain":0.0,"event_name":"Mysterious Sphere","player_choice":"Fight","floor":36.0,"gold_loss":0.0,"damage_taken":0.0},{"damage_healed":0.0,"max_hp_gain":0.0,"max_hp_loss":4.0,"gold_gain":0.0,"event_name":"Winding Halls","player_choice":"Max HP","floor":37.0,"gold_loss":0.0,"damage_taken":0.0},{"damage_healed":0.0,"max_hp_gain":0.0,"max_hp_loss":0.0,"gold_gain":0.0,"event_name":"MindBloom","player_choice":"Fight","floor":38.0,"gold_loss":0.0,"damage_taken":0.0},{"damage_healed":0.0,"max_hp_gain":0.0,"max_hp_loss":0.0,"gold_gain":0.0,"event_name":"SensoryStone","player_choice":"Memory 1","floor":39.0,"gold_loss":0.0,"damage_taken":0.0},{"damage_healed":0.0,"max_hp_gain":0.0,"max_hp_loss":0.0,"gold_gain":0.0,"event_name":"The Woman in Blue","player_choice":"Bought 0 Potions","floor":47.0,"gold_loss":0.0,"damage_taken":0.0}],"is_beta":false,"boss_relics":[{"not_picked":["Orrery","Eternal Feather"],"picked":"Empty Cage"},{"not_picked":["Runic Pyramid","Runic Dome"],"picked":"Velvet Choker"}],"items_purged_floors":[2,31],"is_endless":false,"potions_floor_spawned":[1,10,14,21,24,27,28,36,41,45],"ascension_level":4}