{"gold_per_floor":[116,291,291,215,232,264,264,10,33,48,48,48,48,109,109,211,211,222,241,241,43,58,58,58],"floor_reached":24,"playtime":984,"items_purged":[],"score":263,"play_id":"f323c913-3364-457c-a187-dffa482dab3a","local_time":"20190606233710","is_ascension_mode":true,"campfire_choices":[{"floor":7,"key":"REST"},{"floor":13,"key":"REST"},{"floor":15,"key":"REST"},{"floor":23,"key":"REST"}],"neow_cost":"NONE","seed_source_timestamp":171952780308235,"circlet_count":0,"master_deck":["Defend_G","Defend_G","Defend_G","Defend_G","Defend_G","Strike_G","Strike_G","Strike_G","Strike_G","Survivor","Neutralize","Dash","Infinite Blades","Die Die Die","Quick Slash","Deadly Poison","Glass Knife","Bouncing Flask","Caltrops+1","Noxious Fumes","Deadly Poison","Unload","Bouncing Flask"],"relics":["Snecko Eye","The Specimen","Pantograph","Orichalcum","Tiny Chest","Fusion Hammer","Blue Candle"],"potions_floor_usage":[16,22,24],"damage_taken":[{"damage":0,"enemies":"2 Louse","floor":1,"turns":4},{"damage":8,"enemies":"Small Slimes","floor":5,"turns":4},{"damage":28,"enemies":"Lagavulin","floor":6,"turns":9},{"damage":4,"enemies":"Jaw Worm","floor":10,"turns":5},{"damage":20,"enemies":"Gremlin Nob","floor":14,"turns":4},{"damage":61,"enemies":"The Guardian","floor":16,"turns":11},{"damage":10,"enemies":"2 Thieves","floor":18,"turns":4},{"damage":11,"enemies":"3 Byrds","floor":19,"turns":4},{"damage":41,"enemies":"Shelled Parasite and Fungi","floor":22,"turns":5},{"damage":29,"enemies":"Slavers","floor":24,"turns":2}],"seed_played":"7461171557125320737","potions_obtained":[{"floor":14,"key":"EssenceOfSteel"},{"floor":19,"key":"Regen Potion"},{"floor":22,"key":"Explosive Potion"}],"is_trial":false,"path_per_floor":["M","?","?","$","M","E","R","$","T","M","?","?","R","E","R","B",null,"M","M","T","$","M","R","E"],"character_chosen":"THE_SILENT","items_purchased":["Infinite Blades","Pantograph","Noxious Fumes","Deadly Poison","Unload"],"campfire_rested":4,"item_purchase_floors":[4,8,21,21,21],"current_hp_per_floor":[63,63,56,56,48,20,41,41,41,37,37,37,58,38,59,9,55,45,34,34,34,8,29,0],"gold":58,"neow_bonus":"BOSS_RELIC","is_prod":false,"is_daily":false,"chose_seed":false,"campfire_upgraded":0,"win_rate":0,"timestamp":1559878630,"path_taken":["M","?","?","$","?","E","R","$","T","M","?","?","R","E","R","BOSS","M","M","?","$","M","R","E"],"build_version":"2019-01-23","purchased_purges":0,"victory":false,"max_hp_per_floor":[70,70,70,70,70,70,70,70,70,70,70,70,70,70,70,70,70,70,70,70,70,70,70,70],"card_choices":[{"not_picked":["Quick Slash","Dagger Spray"],"picked":"Dash","floor":1},{"not_picked":["Poisoned Stab","PiercingWail","Backflip"],"picked":"SKIP","floor":5},{"not_picked":["Outmaneuver","Flying Knee"],"picked":"Die Die Die","floor":6},{"not_picked":["Tactician","Acrobatics"],"picked":"Quick Slash","floor":10},{"not_picked":["Cloak And Dagger","Underhanded Strike"],"picked":"Deadly Poison","floor":14},{"not_picked":["After Image","Grand Finale"],"picked":"Glass Knife","floor":16},{"not_picked":["Cloak And Dagger","Escape Plan"],"picked":"Bouncing Flask","floor":18},{"not_picked":["Cloak And Dagger","Prepared+1"],"picked":"Caltrops+1","floor":19},{"not_picked":["Cloak And Dagger","Poisoned Stab"],"picked":"Bouncing Flask","floor":22}],"player_experience":394831,"relics_obtained":[{"floor":6,"key":"The Specimen"},{"floor":9,"key":"Orichalcum"},{"floor":14,"key":"Tiny Chest"},{"floor":20,"key":"Blue Candle"}],"event_choices":[{"damage_healed":0,"gold_gain":175,"player_choice":"AGREE","damage_taken":0,"max_hp_gain":0,"max_hp_loss":0,"event_name":"Liars Game","floor":2,"gold_loss":0,"cards_obtained":["Doubt"]},{"cards_removed":["Doubt"],"damage_healed":0,"gold_gain":0,"player_choice":"Card Removal","damage_taken":7,"max_hp_gain":0,"max_hp_loss":0,"event_name":"Golden Wing","floor":3,"gold_loss":0},{"damage_healed":0,"gold_gain":0,"player_choice":"Fled","damage_taken":0,"max_hp_gain":0,"max_hp_loss":0,"event_name":"Scrap Ooze","floor":11,"gold_loss":0},{"cards_removed":["Strike_G"],"damage_healed":0,"gold_gain":0,"player_choice":"Card Removal","damage_taken":0,"max_hp_gain":0,"max_hp_loss":0,"event_name":"Wheel of Change","floor":12,"gold_loss":0}],"is_beta":false,"boss_relics":[{"not_picked":["Black Star","Coffee Dripper"],"picked":"Fusion Hammer"}],"items_purged_floors":[],"is_endless":false,"potions_floor_spawned":[14,19,22],"killed_by":"Slavers","ascension_level":6}