{"gold_per_floor":[112,130,150,150,165,165,177,177,177,190,200,270,295,309,309,414,414,427,445,445,21,41,51,51,64,64,64,77,77,87,99,99,203,203,223,243,243,243,243],"floor_reached":39,"playtime":4103,"items_purged":[],"score":416,"play_id":"19cf3e96-380d-4c51-aacd-8842d75290d3","local_time":"20190722212546","is_ascension_mode":false,"campfire_choices":[{"data":"Neutralize","floor":6.0,"key":"SMITH"},{"floor":8.0,"key":"REST"},{"floor":15.0,"key":"REST"},{"floor":24,"key":"REST"},{"floor":29,"key":"REST"},{"floor":32,"key":"REST"}],"neow_cost":"NONE","seed_source_timestamp":0,"circlet_count":0,"master_deck":["Strike_G","Strike_G","Strike_G","Strike_G","Strike_G","Defend_G","Defend_G","Defend_G","Defend_G","Defend_G","Survivor","Neutralize+1","Backflip","Bouncing Flask","Catalyst","Outmaneuver","Noxious Fumes","Leg Sweep","Outmaneuver","After Image","Catalyst+1","Dodge and Roll+1","J.A.X.","Acrobatics","Caltrops","Deadly Poison+1","PiercingWail","Prepared+1","Caltrops","Outmaneuver+1","Corpse Explosion","Prepared+1","Leg Sweep+1"],"special_seed":0,"relics":["Ring of the Snake","Sundial","Dodecahedron","Molten Egg 2","Runic Pyramid","Strawberry","Centennial Puzzle","Bag of Preparation","Snecko Eye"],"potions_floor_usage":[25,33,39,39,39,39,39],"damage_taken":[{"damage":0.0,"enemies":"Small Slimes","floor":1.0,"turns":3.0},{"damage":0.0,"enemies":"Jaw Worm","floor":2.0,"turns":6.0},{"damage":0.0,"enemies":"2 Louse","floor":3.0,"turns":3.0},{"damage":8.0,"enemies":"Large Slime","floor":5.0,"turns":7.0},{"damage":20.0,"enemies":"Lots of Slimes","floor":7.0,"turns":6.0},{"damage":3.0,"enemies":"2 Fungi Beasts","floor":10.0,"turns":3.0},{"damage":7.0,"enemies":"3 Louse","floor":11.0,"turns":5.0},{"damage":40.0,"enemies":"3 Sentries","floor":13.0,"turns":6.0},{"damage":5.0,"enemies":"Large Slime","floor":14.0,"turns":8.0},{"damage":28.0,"enemies":"Hexaghost","floor":16.0,"turns":10.0},{"damage":9.0,"enemies":"3 Byrds","floor":18.0,"turns":8.0},{"damage":0.0,"enemies":"Shell Parasite","floor":19.0,"turns":3.0},{"damage":12.0,"enemies":"Sentry and Sphere","floor":22.0,"turns":5.0},{"damage":32,"enemies":"Centurion and Healer","floor":23,"turns":7},{"damage":6,"enemies":"Shelled Parasite and Fungi","floor":25,"turns":7},{"damage":11,"enemies":"Snake Plant","floor":28,"turns":4},{"damage":17,"enemies":"Sentry and Sphere","floor":30,"turns":5},{"damage":13,"enemies":"Centurion and Healer","floor":31,"turns":7},{"damage":36,"enemies":"Collector","floor":33,"turns":6},{"damage":4,"enemies":"3 Shapes","floor":35,"turns":3},{"damage":12,"enemies":"3 Darklings","floor":36,"turns":5},{"damage":84,"enemies":"Awakened One","floor":39,"turns":5}],"seed_played":"5252064556620622758","potions_obtained":[{"floor":2.0,"key":"SteroidPotion"},{"floor":10.0,"key":"GhostInAJar"},{"floor":13.0,"key":"GamblersBrew"},{"floor":16.0,"key":"Fire Potion"},{"floor":28,"key":"Strength Potion"},{"floor":33,"key":"EntropicBrew"}],"is_trial":false,"path_per_floor":["M","M","M","?","M","R","M","R","T","M","M","T","E","M","R","B",null,"M","M","?","$","M","M","R","M","T","?","M","R","M","M","R","B",null,"M","M","?","?","B"],"character_chosen":"THE_SILENT","items_purchased":["Strawberry","Centennial Puzzle","Acrobatics","Caltrops"],"campfire_rested":5,"item_purchase_floors":[21,21,21,21],"current_hp_per_floor":[77,77,77,77,69,69,49,72,72,69,62,62,22,17,40,12,77,68,68,68,75,63,31,56,50,50,34,23,49,32,19,45,9,89,85,73,73,73,0],"gold":243,"neow_bonus":"TEN_PERCENT_HP_BONUS","is_prod":false,"is_daily":false,"chose_seed":false,"campfire_upgraded":1,"win_rate":0,"timestamp":1563852346,"path_taken":["M","M","M","?","M","R","M","R","T","M","M","?","E","M","R","BOSS","M","M","?","$","M","M","R","M","T","?","M","R","M","M","R","BOSS","M","M","?","?","BOSS"],"build_version":"2019-07-17","purchased_purges":0,"victory":false,"max_hp_per_floor":[77,77,77,77,77,77,77,77,77,77,77,77,77,77,77,77,77,77,77,77,84,84,84,84,84,84,89,89,89,89,89,89,89,89,89,89,89,89,89],"card_choices":[{"not_picked":["Blade Dance","Underhanded Strike","Tactician"],"picked":"SKIP","floor":1.0},{"not_picked":["Dagger Spray","Catalyst"],"picked":"Backflip","floor":2.0},{"not_picked":["Leg Sweep","Deflect"],"picked":"Bouncing Flask","floor":3.0},{"not_picked":["Deflect","Prepared","Heel Hook"],"picked":"SKIP","floor":5.0},{"not_picked":["Dash","Outmaneuver"],"picked":"Catalyst","floor":7.0},{"not_picked":["Deflect","Riddle With Holes"],"picked":"Outmaneuver","floor":10.0},{"not_picked":["Outmaneuver","Dagger Throw"],"picked":"Noxious Fumes","floor":11.0},{"not_picked":["A Thousand Cuts","Predator"],"picked":"Leg Sweep","floor":13.0},{"not_picked":["Deadly Poison","Blur"],"picked":"Outmaneuver","floor":14.0},{"not_picked":["Adrenaline","Glass Knife+1"],"picked":"After Image","floor":16.0},{"not_picked":["Quick Slash+1","Leg Sweep"],"picked":"Catalyst+1","floor":18.0},{"not_picked":["Flying Knee+1","Leg Sweep"],"picked":"Dodge and Roll+1","floor":19.0},{"not_picked":["Dagger Spray+1","Flying Knee+1"],"picked":"Deadly Poison+1","floor":22},{"not_picked":["Calculated Gamble","Dagger Spray+1"],"picked":"PiercingWail","floor":23},{"not_picked":["Quick Slash+1","Dagger Spray+1"],"picked":"Prepared+1","floor":25},{"not_picked":["Poisoned Stab+1","Calculated Gamble+1"],"picked":"Caltrops","floor":28},{"not_picked":["Underhanded Strike+1","Dagger Spray+1"],"picked":"Outmaneuver+1","floor":30},{"not_picked":["Deadly Poison","Tools of the Trade","Distraction"],"picked":"SKIP","floor":31},{"not_picked":["Doppelganger","Burst"],"picked":"Corpse Explosion","floor":33},{"not_picked":["Choke+1","Acrobatics+1"],"picked":"Prepared+1","floor":35},{"not_picked":["Backstab+1","Flechettes+1"],"picked":"Leg Sweep+1","floor":36}],"player_experience":68563,"relics_obtained":[{"floor":9.0,"key":"Sundial"},{"floor":12.0,"key":"Dodecahedron"},{"floor":13.0,"key":"Molten Egg 2"},{"floor":26,"key":"Bag of Preparation"}],"event_choices":[{"damage_healed":0.0,"max_hp_gain":0.0,"max_hp_loss":0.0,"gold_gain":0.0,"event_name":"Golden Idol","player_choice":"Ignored","floor":4.0,"gold_loss":0.0,"damage_taken":0.0},{"damage_healed":0.0,"max_hp_gain":0.0,"max_hp_loss":0.0,"gold_gain":0.0,"event_name":"Drug Dealer","player_choice":"Obtain J.A.X.","floor":20.0,"gold_loss":0.0,"damage_taken":0.0,"cards_obtained":["J.A.X."]},{"damage_healed":0,"gold_gain":0,"player_choice":"Shed Blood","damage_taken":21,"max_hp_gain":5,"max_hp_loss":0,"event_name":"Forgotten Altar","floor":27,"gold_loss":0},{"damage_healed":0,"gold_gain":0,"player_choice":"Ignored","damage_taken":0,"max_hp_gain":0,"max_hp_loss":0,"event_name":"Mysterious Sphere","floor":37,"gold_loss":0},{"damage_healed":0,"gold_gain":0,"player_choice":"Took Portal","damage_taken":0,"max_hp_gain":0,"max_hp_loss":0,"event_name":"SecretPortal","floor":38,"gold_loss":0}],"is_beta":false,"boss_relics":[{"not_picked":["Empty Cage","Runic Dome"],"picked":"Runic Pyramid"},{"not_picked":["Fusion Hammer","Lizard Tail"],"picked":"Snecko Eye"}],"items_purged_floors":[],"is_endless":false,"potions_floor_spawned":[2,10,13,14,16,19,22,28,31,33],"killed_by":"Awakened One","ascension_level":0}