{"gold_per_floor":[110,124,124,12,31,57,7,39,39,39,39,39,65,65,65,160,160,175,193,193],"floor_reached":20,"playtime":1614,"items_purged":[],"score":276,"play_id":"3a3224ff-512a-4a5d-9263-e055b7020629","local_time":"20181109183753","is_ascension_mode":true,"campfire_choices":[{"floor":10.0,"key":"REST"},{"floor":15.0,"key":"REST"}],"neow_cost":"NONE","seed_source_timestamp":0,"circlet_count":0,"master_deck":["Defend_G","Defend_G","Defend_G","Defend_G","Defend_G","Strike_G+1","Strike_G+1","Survivor","Neutralize+1","Dagger Spray","Prepared","Footwork","Blur","Quick Slash","Skewer","Cloak And Dagger","Dash","Deadly Poison","Bane","Bullet Time","Escape Plan+1","Glass Knife+1","A Thousand Cuts+1","Concentrate","Blur"],"special_seed":0,"relics":["Ring of the Snake","Pen Nib","Mummified Hand","Bag of Marbles","Dream Catcher","Whetstone","Shovel","Astrolabe"],"potions_floor_usage":[],"damage_taken":[{"damage":1.0,"enemies":"2 Louse","floor":1.0,"turns":4.0},{"damage":0.0,"enemies":"Jaw Worm","floor":2.0,"turns":5.0},{"damage":4.0,"enemies":"Small Slimes","floor":5.0,"turns":5.0},{"damage":29.0,"enemies":"3 Sentries","floor":6.0,"turns":11.0},{"damage":10.0,"enemies":"Lagavulin","floor":8.0,"turns":8.0},{"damage":7.0,"enemies":"Gremlin Nob","floor":13.0,"turns":5.0},{"damage":42.0,"enemies":"The Guardian","floor":16.0,"turns":17.0},{"damage":0.0,"enemies":"Spheric Guardian","floor":18.0,"turns":3.0},{"damage":7,"enemies":"Shell Parasite","floor":19,"turns":6},{"damage":64,"enemies":"3 Cultists","floor":20,"turns":6}],"seed_played":"1377983784057157539","potions_obtained":[{"floor":2.0,"key":"SkillPotion"},{"floor":6.0,"key":"GhostInAJar"},{"floor":8.0,"key":"LiquidBronze"},{"floor":13.0,"key":"Ancient Potion"},{"floor":16.0,"key":"Swift Potion"},{"floor":18,"key":"SpeedPotion"}],"is_trial":false,"path_per_floor":["M","M","?","$","M","E","?","E","T","R","$","?","E","?","R","B",null,"M","M","M","M"],"character_chosen":"THE_SILENT","items_purchased":["Footwork","Blur"],"campfire_rested":2,"item_purchase_floors":[4,4],"current_hp_per_floor":[69,69,66,66,62,33,33,23,23,46,46,46,39,39,62,20,63,63,56,0],"gold":193,"neow_bonus":"TEN_PERCENT_HP_BONUS","is_prod":false,"is_daily":false,"chose_seed":false,"campfire_upgraded":0,"win_rate":0,"timestamp":1541788673,"path_taken":["M","M","?","$","M","E","?","E","T","R","$","?","E","?","R","BOSS","M","M","?"],"build_version":"2018-11-08","purchased_purges":0,"victory":false,"max_hp_per_floor":[77,77,77,77,77,77,77,77,77,77,77,77,77,77,77,77,77,77,77,77],"card_choices":[{"not_picked":["Calculated Gamble","Flying Knee"],"picked":"Dagger Spray","floor":1.0},{"not_picked":["Deadly Poison","Expertise"],"picked":"Prepared","floor":2.0},{"not_picked":["Dodge and Roll","Deadly Poison"],"picked":"Quick Slash","floor":5.0},{"not_picked":["Deadly Poison","Unload"],"picked":"Skewer","floor":6.0},{"not_picked":["Sucker Punch","PiercingWail"],"picked":"Cloak And Dagger","floor":8.0},{"not_picked":["Skewer","Calculated Gamble"],"picked":"Dash","floor":10.0},{"not_picked":["Escape Plan","Flying Knee"],"picked":"Deadly Poison","floor":13.0},{"not_picked":["Quick Slash","Poisoned Stab"],"picked":"Bane","floor":15.0},{"not_picked":["Die Die Die","Tools of the Trade"],"picked":"Bullet Time","floor":16.0},{"not_picked":["Poisoned Stab","Acrobatics"],"picked":"Concentrate","floor":18},{"not_picked":["Blade Dance","Deadly Poison+1"],"picked":"Blur","floor":19}],"player_experience":796962,"relics_obtained":[{"floor":6.0,"key":"Mummified Hand"},{"floor":8.0,"key":"Bag of Marbles"},{"floor":9.0,"key":"Dream Catcher"},{"floor":13.0,"key":"Whetstone"}],"event_choices":[{"damage_healed":0.0,"max_hp_gain":0.0,"max_hp_loss":0.0,"gold_gain":0.0,"event_name":"Scrap Ooze","player_choice":"Success","floor":3.0,"gold_loss":0.0,"damage_taken":3.0,"relics_obtained":["Pen Nib"]},{"damage_healed":0.0,"max_hp_gain":0.0,"max_hp_loss":0.0,"gold_gain":0.0,"event_name":"World of Goop","player_choice":"Left Gold","floor":7.0,"gold_loss":50.0,"damage_taken":0.0},{"damage_healed":0.0,"max_hp_gain":0.0,"max_hp_loss":0.0,"gold_gain":0.0,"event_name":"Living Wall","player_choice":"Grow","floor":12.0,"gold_loss":0.0,"damage_taken":0.0,"cards_upgraded":["Neutralize"]},{"damage_healed":0.0,"max_hp_gain":0.0,"max_hp_loss":0.0,"gold_gain":0.0,"event_name":"WeMeetAgain","player_choice":"Gave Potion","floor":14.0,"gold_loss":0.0,"damage_taken":0.0,"relics_obtained":["Shovel"]}],"is_beta":false,"boss_relics":[{"not_picked":["Philosopher\u0027s Stone","Calling Bell"],"picked":"Astrolabe"}],"items_purged_floors":[],"is_endless":false,"potions_floor_spawned":[2,6,8,13,16,18],"killed_by":"3 Cultists","ascension_level":9}