{"gold_per_floor":[113,130,148,148,148,189,189,209,264,284,303,4,24,24,24,145,145,158,108,131,150,163,163,163],"floor_reached":24,"playtime":1337,"items_purged":["Strike_B","Strike_B"],"score":273,"play_id":"7ff5e27e-d999-44b1-8af1-329bf0f1468a","local_time":"20190703142304","is_ascension_mode":true,"campfire_choices":[{"data":"Rip and Tear","floor":7.0,"key":"SMITH"},{"floor":15.0,"key":"REST"},{"floor":23.0,"key":"REST"}],"neow_cost":"NONE","seed_source_timestamp":0,"circlet_count":0,"master_deck":["Defend_B","Defend_B","Defend_B","Defend_B","Zap","Dualcast","Hyperbeam","Sweeping Beam","Rip and Tear+1","Sunder","Rip and Tear","Rip and Tear"],"special_seed":0,"relics":["Cracked Core","Golden Idol","The Courier","DataDisk","Membership Card","Shuriken","Empty Cage"],"potions_floor_usage":[24,24],"damage_taken":[{"damage":4.0,"enemies":"Small Slimes","floor":1.0,"turns":2.0},{"damage":2.0,"enemies":"Jaw Worm","floor":2.0,"turns":3.0},{"damage":4.0,"enemies":"2 Louse","floor":3.0,"turns":2.0},{"damage":20.0,"enemies":"Lagavulin","floor":6.0,"turns":5.0},{"damage":12.0,"enemies":"Lots of Slimes","floor":8.0,"turns":2.0},{"damage":0.0,"enemies":"Large Slime","floor":10.0,"turns":3.0},{"damage":0.0,"enemies":"Gremlin Gang","floor":11.0,"turns":1.0},{"damage":0.0,"enemies":"3 Louse","floor":13.0,"turns":1.0},{"damage":47.0,"enemies":"Hexaghost","floor":16.0,"turns":9.0},{"damage":1.0,"enemies":"Spheric Guardian","floor":18.0,"turns":3.0},{"damage":22.0,"enemies":"2 Thieves","floor":20.0,"turns":2.0},{"damage":20.0,"enemies":"Sentry and Sphere","floor":21.0,"turns":4.0},{"damage":18.0,"enemies":"3 Cultists","floor":22.0,"turns":3.0},{"damage":37,"enemies":"Centurion and Healer","floor":24,"turns":3}],"seed_played":"510731702569871088","potions_obtained":[{"floor":2.0,"key":"SteroidPotion"},{"floor":3.0,"key":"SpeedPotion"},{"floor":11.0,"key":"LiquidBronze"},{"floor":13.0,"key":"Energy Potion"},{"floor":18.0,"key":"Regen Potion"},{"floor":20.0,"key":"EntropicBrew"}],"is_trial":false,"path_per_floor":["M","M","M","?","?","E","R","M","T","M","M","$","M","?","R","B",null,"M","$","M","M","M","R","M"],"character_chosen":"DEFECT","items_purchased":["Membership Card","Shuriken"],"campfire_rested":2,"item_purchase_floors":[12,12],"current_hp_per_floor":[64,62,58,58,63,43,43,31,31,31,31,31,31,31,53,6,57,56,56,34,14,5,27,0],"gold":163,"neow_bonus":"ONE_RANDOM_RARE_CARD","is_prod":false,"is_daily":false,"chose_seed":false,"campfire_upgraded":1,"win_rate":0,"timestamp":1562188984,"path_taken":["M","M","M","?","?","E","R","M","T","M","M","$","?","?","R","BOSS","M","$","M","M","M","R","M"],"build_version":"2019-07-01","purchased_purges":2,"victory":false,"max_hp_per_floor":[75,75,75,69,74,74,74,74,74,74,74,74,74,74,74,74,74,74,74,74,74,74,74,74],"card_choices":[{"not_picked":["Redo","Stack","Compile Driver"],"picked":"SKIP","floor":1.0},{"not_picked":["Conserve Battery","Turbo"],"picked":"Sweeping Beam","floor":2.0},{"not_picked":["Barrage","Heatsinks"],"picked":"Rip and Tear","floor":3.0},{"not_picked":["Skim","Steam","Hologram"],"picked":"SKIP","floor":6.0},{"not_picked":["Buffer","Double Energy"],"picked":"Sunder","floor":8.0},{"not_picked":["Leap","Steam"],"picked":"Rip and Tear","floor":10.0},{"not_picked":["Gash","Barrage"],"picked":"Rip and Tear","floor":11.0},{"not_picked":["Cold Snap","Barrage","Glacier"],"picked":"SKIP","floor":13.0},{"not_picked":["Streamline","Coolheaded","Darkness"],"picked":"SKIP","floor":18.0},{"not_picked":["Redo","Sweeping Beam+1","Turbo+1"],"picked":"SKIP","floor":20.0},{"not_picked":["Beam Cell","Lockon","Streamline"],"picked":"SKIP","floor":21.0},{"not_picked":["Go for the Eyes","Fusion","Sweeping Beam"],"picked":"SKIP","floor":22.0}],"player_experience":468237,"relics_obtained":[{"floor":6.0,"key":"The Courier"},{"floor":9.0,"key":"DataDisk"}],"event_choices":[{"damage_healed":0.0,"max_hp_gain":0.0,"max_hp_loss":6.0,"gold_gain":0.0,"event_name":"Golden Idol","player_choice":"Lose Max HP","floor":4.0,"gold_loss":0.0,"damage_taken":0.0,"relics_obtained":["Golden Idol"]},{"damage_healed":0.0,"max_hp_gain":5.0,"max_hp_loss":0.0,"gold_gain":0.0,"event_name":"Big Fish","player_choice":"Donut","floor":5.0,"gold_loss":0.0,"damage_taken":0.0},{"damage_healed":0.0,"max_hp_gain":0.0,"max_hp_loss":0.0,"gold_gain":0.0,"event_name":"Liars Game","player_choice":"Ignored","floor":14.0,"gold_loss":0.0,"damage_taken":0.0}],"is_beta":false,"boss_relics":[{"not_picked":["Lizard Tail","Orrery"],"picked":"Empty Cage"}],"items_purged_floors":[12,19],"is_endless":false,"potions_floor_spawned":[2,3,11,13,18,20],"killed_by":"Centurion and Healer","ascension_level":7}