{"gold_per_floor":[119,119,138,151,151,171,185,31,31,49,49,49,49,69,69,165,165,165,165,165,165,165,165],"floor_reached":23,"playtime":1825,"items_purged":["Strike_R"],"score":183,"play_id":"94fb2723-e1a1-4671-8718-febebff91883","local_time":"20180718152840","is_ascension_mode":false,"campfire_choices":[{"data":"Armaments","floor":12.0,"key":"SMITH"},{"data":"Body Slam","floor":15.0,"key":"SMITH"}],"neow_cost":"NONE","seed_source_timestamp":0,"circlet_count":0,"master_deck":["Strike_R","Strike_R","Strike_R","Strike_R","Defend_R","Defend_R","Defend_R","Defend_R","Bash","Fire Breathing","Armaments+1","Body Slam+1","Anger","Ghostly Armor","Uppercut","Inflame+1","Juggernaut+1","Demon Form+1","Whirlwind+1","Injury","Rampage"],"special_seed":0,"relics":["Burning Blood","Happy Flower","Frozen Egg 2","Bird Faced Urn","Odd Mushroom","Ectoplasm","Potion Belt"],"potions_floor_usage":[23,23,23],"damage_taken":[{"damage":1.0,"enemies":"Cultist","floor":1.0,"turns":3.0},{"damage":3.0,"enemies":"Small Slimes","floor":3.0,"turns":3.0},{"damage":1.0,"enemies":"2 Louse","floor":4.0,"turns":4.0},{"damage":16.0,"enemies":"Exordium Thugs","floor":6.0,"turns":5.0},{"damage":8.0,"enemies":"Exordium Wildlife","floor":7.0,"turns":3.0},{"damage":20.0,"enemies":"3 Louse","floor":10.0,"turns":4.0},{"damage":11.0,"floor":14.0,"turns":5.0},{"damage":41.0,"enemies":"The Guardian","floor":16.0,"turns":10.0},{"damage":27.0,"enemies":"Spheric Guardian","floor":18.0,"turns":5.0},{"damage":34.0,"enemies":"Chosen","floor":21.0,"turns":6.0},{"damage":14,"enemies":"Snecko","floor":22,"turns":5},{"damage":49,"enemies":"Gremlin Leader","floor":23,"turns":4}],"seed_played":"6049740370695328728","potions_obtained":[{"floor":1.0,"key":"SteroidPotion"},{"floor":4.0,"key":"AttackPotion"},{"floor":6.0,"key":"SkillPotion"},{"floor":7.0,"key":"Strength Potion"},{"floor":21,"key":"Strength Potion"}],"is_trial":false,"path_per_floor":["M","?","M","M","$","M","M","$","T","M","$","R","?","?","R","B",null,"M","?","T","M","M"],"character_chosen":"IRONCLAD","items_purchased":["Uppercut"],"campfire_rested":0,"item_purchase_floors":[8],"current_hp_per_floor":[80,77,80,80,80,74,72,72,72,60,60,60,80,77,77,47,80,61,61,61,41,41,0],"gold":165,"neow_bonus":"RANDOM_COMMON_RELIC","is_prod":false,"is_daily":false,"chose_seed":false,"campfire_upgraded":2,"win_rate":0,"timestamp":1531924120,"path_taken":["M","?","M","M","$","M","M","$","T","M","$","R","?","?","R","BOSS","M","?","?","M","?","E"],"build_version":"2018-07-12","purchased_purges":1,"victory":false,"max_hp_per_floor":[80,80,80,80,80,80,80,80,80,80,80,80,80,80,80,80,80,80,80,80,80,80,80],"card_choices":[{"not_picked":["Uppercut","Corruption"],"picked":"Fire Breathing","floor":1.0},{"not_picked":["Flame Barrier","True Grit"],"picked":"Armaments","floor":3.0},{"not_picked":["Headbutt","Rage"],"picked":"Body Slam","floor":4.0},{"not_picked":["Body Slam","Entrench"],"picked":"Anger","floor":6.0},{"not_picked":["Wild Strike","Havoc"],"picked":"Ghostly Armor","floor":7.0},{"not_picked":["Second Wind","Havoc"],"picked":"Inflame+1","floor":10.0},{"not_picked":["True Grit","Iron Wave"],"picked":"Juggernaut+1","floor":14.0},{"not_picked":["Feed","Brutality+1"],"picked":"Demon Form+1","floor":16.0},{"not_picked":["Body Slam","Sever Soul+1"],"picked":"Whirlwind","floor":18.0},{"not_picked":["Headbutt","Thunderclap+1"],"picked":"Rampage","floor":21},{"not_picked":["Hemokinesis","Combust+1","Bloodletting"],"picked":"SKIP","floor":22}],"player_experience":389060,"relics_obtained":[{"floor":9.0,"key":"Bird Faced Urn"},{"floor":14.0,"key":"Odd Mushroom"},{"floor":20.0,"key":"Potion Belt"}],"event_choices":[{"event_name":"Scrap Ooze","player_choice":"success","floor":2.0,"damage_taken":3.0},{"event_name":"Big Fish","player_choice":"Banana","floor":13.0,"damage_taken":0.0},{"event_name":"Mushrooms","player_choice":"Fought Mushrooms","floor":14.0,"damage_taken":0.0},{"event_name":"Accursed Blacksmith","player_choice":"Forge","floor":19.0,"damage_taken":0.0}],"boss_relics":[{"not_picked":["Orrery","Eternal Feather"],"picked":"Ectoplasm"}],"items_purged_floors":[8],"is_endless":false,"potions_floor_spawned":[1,4,6,7,21],"killed_by":"Gremlin Leader","ascension_level":0}