{"gold_per_floor":[119,20,20,36,111,155,173,224,248,273,298,341,341,355,355,474,537,553,0,0,0,13,13,13,13,70,70,20,43,43,57,57,178,178,201,201,201,214,272,272,312,312,339,339,86,104,104,148,148,148],"floor_reached":51,"playtime":1554,"items_purged":["Strike_B","Strike_B","Strike_B"],"score":937,"play_id":"877f717f-fb87-4024-a31f-fb63bb346bb1","local_time":"20190402020318","is_ascension_mode":true,"campfire_choices":[{"floor":13.0,"key":"REST"},{"floor":15.0,"key":"REST"},{"data":"White Noise","floor":23.0,"key":"SMITH"},{"data":"Scrape","floor":25.0,"key":"SMITH"},{"data":"Dualcast","floor":27.0,"key":"SMITH"},{"floor":32.0,"key":"REST"},{"data":"Reboot","floor":40,"key":"SMITH"},{"data":"Coolheaded","floor":42,"key":"SMITH"},{"data":"Seek","floor":44,"key":"SMITH"},{"floor":49,"key":"REST"}],"neow_cost":"NONE","seed_source_timestamp":0,"circlet_count":0,"master_deck":["Zap+1","Dualcast+1","Cold Snap","Coolheaded+1","Gash","Gash","Gash","Scrape+1","Seek+1","White Noise+1","Beam Cell","Flash of Steel","Glacier+1","Reboot+1","Gash","Go for the Eyes+1","Parasite"],"special_seed":0,"relics":["Cracked Core","NeowsBlessing","Golden Idol","Smiling Mask","Strawberry","Oddly Smooth Stone","Symbiotic Virus","Tiny House","Shuriken","Bag of Preparation","Regal Pillow","Tiny Chest","Pandora\u0027s Box","Ice Cream","Bag of Marbles","Bronze Scales","Bottled Lightning","Letter Opener"],"potions_floor_usage":[39,41,50],"damage_taken":[{"damage":0.0,"enemies":"Small Slimes","floor":1.0,"turns":1.0},{"damage":0.0,"enemies":"Jaw Worm","floor":4.0,"turns":1.0},{"damage":0.0,"enemies":"3 Sentries","floor":6.0,"turns":1.0},{"damage":0.0,"enemies":"Cultist","floor":7.0,"turns":3.0},{"damage":10.0,"enemies":"Large Slime","floor":10.0,"turns":5.0},{"damage":6.0,"enemies":"2 Fungi Beasts","floor":11.0,"turns":3.0},{"damage":18.0,"enemies":"Gremlin Nob","floor":12.0,"turns":4.0},{"damage":7.0,"enemies":"Exordium Wildlife","floor":14.0,"turns":3.0},{"damage":32.0,"enemies":"Hexaghost","floor":16.0,"turns":9.0},{"damage":4.0,"enemies":"Chosen","floor":18.0,"turns":4.0},{"damage":16.0,"enemies":"2 Thieves","floor":22.0,"turns":3.0},{"damage":10.0,"enemies":"Cultist and Chosen","floor":29.0,"turns":3.0},{"damage":0.0,"enemies":"Centurion and Healer","floor":31.0,"turns":4.0},{"damage":22.0,"enemies":"Automaton","floor":33.0,"turns":7.0},{"damage":0.0,"enemies":"3 Darklings","floor":35.0,"turns":3.0},{"damage":0.0,"enemies":"3 Shapes","floor":38.0,"turns":1.0},{"damage":30,"enemies":"2 Orb Walkers","floor":39,"turns":4},{"damage":0,"enemies":"Reptomancer","floor":41,"turns":2},{"damage":0,"enemies":"Writhing Mass","floor":46,"turns":2},{"damage":0,"enemies":"Giant Head","floor":48,"turns":2},{"damage":19,"enemies":"Donu and Deca","floor":50,"turns":4}],"seed_played":"1950552751246993366","potions_obtained":[{"floor":4.0,"key":"EssenceOfSteel"},{"floor":10.0,"key":"Explosive Potion"},{"floor":11.0,"key":"SpeedPotion"},{"floor":14.0,"key":"PowerPotion"},{"floor":33.0,"key":"SteroidPotion"},{"floor":35.0,"key":"Explosive Potion"}],"is_trial":false,"path_per_floor":["M","$","?","M","?","E","M","T","T","M","M","E","R","M","R","B",null,"M","$","?","?","M","R","?","R","T","R","$","M","$","M","R","B",null,"M","$","?","M","?","R","E","R","T","R","$","M","$","E","R","B",null],"character_chosen":"DEFECT","items_purchased":["Coolheaded","Shuriken","Flash of Steel","Bag of Preparation","Bottled Lightning"],"campfire_rested":4,"item_purchase_floors":[2,19,19,19,45],"current_hp_per_floor":[75,75,69,69,58,58,58,65,65,55,49,31,53,46,68,36,81,77,77,77,77,61,61,61,61,61,61,61,51,51,51,81,59,81,81,81,81,81,51,51,51,51,51,51,51,51,51,51,81,62],"gold":148,"neow_bonus":"THREE_ENEMY_KILL","is_prod":false,"is_daily":false,"chose_seed":false,"campfire_upgraded":6,"win_rate":0,"timestamp":1554195798,"path_taken":["M","$","?","M","?","E","M","?","T","M","M","E","R","M","R","BOSS","M","$","?","?","?","R","?","R","T","R","$","M","$","M","R","BOSS","M","$","?","M","?","R","E","R","T","R","$","M","?","E","R","BOSS"],"build_version":"2019-01-23","purchased_purges":3,"victory":true,"max_hp_per_floor":[75,75,69,69,69,69,69,76,76,76,76,76,76,76,76,76,81,81,81,81,81,81,81,81,81,81,81,81,81,81,81,81,81,81,81,81,81,81,81,81,81,81,81,81,81,81,81,81,81,81],"card_choices":[{"not_picked":["Barrage","Rebound"],"picked":"Cold Snap","floor":1.0},{"not_picked":["BootSequence","Compile Driver","Hello World"],"picked":"SKIP","floor":4.0},{"not_picked":["Steam","Recycle"],"picked":"Gash","floor":6.0},{"not_picked":["Barrage","Sweeping Beam"],"picked":"Gash","floor":7.0},{"not_picked":["Conserve Battery","Cold Snap"],"picked":"Gash","floor":10.0},{"not_picked":["Coolheaded","Steam Power"],"picked":"Scrape","floor":11.0},{"not_picked":["Creative AI","Lockon","Turbo"],"picked":"SKIP","floor":12.0},{"not_picked":["Coolheaded","Streamline","Steam"],"picked":"SKIP","floor":14.0},{"not_picked":["Biased Cognition","Core Surge"],"picked":"Seek","floor":16.0},{"not_picked":["Streamline","Heatsinks"],"picked":"White Noise","floor":17.0},{"not_picked":["Heatsinks","Ball Lightning"],"picked":"Beam Cell","floor":18.0},{"not_picked":["Ball Lightning","Barrage+1","Redo+1"],"picked":"SKIP","floor":22.0},{"not_picked":["Storm","Sweeping Beam"],"picked":"Glacier+1","floor":29.0},{"not_picked":["Conserve Battery","Barrage+1","Ball Lightning"],"picked":"SKIP","floor":31.0},{"not_picked":["Core Surge","Amplify"],"picked":"Reboot","floor":33.0},{"not_picked":["Melter","Streamline","Blizzard"],"picked":"SKIP","floor":35.0},{"not_picked":["Lockon+1","Rebound"],"picked":"Gash","floor":38.0},{"not_picked":["Tempest","Consume+1"],"picked":"Go for the Eyes+1","floor":39},{"not_picked":["Conserve Battery","Steam","Sweeping Beam"],"picked":"SKIP","floor":41},{"not_picked":["Coolheaded","Blizzard","Stack+1"],"picked":"SKIP","floor":46},{"not_picked":["Buffer","Tempest","Reinforced Body+1"],"picked":"SKIP","floor":48}],"player_experience":280551,"relics_obtained":[{"floor":6.0,"key":"Smiling Mask"},{"floor":8.0,"key":"Strawberry"},{"floor":9.0,"key":"Oddly Smooth Stone"},{"floor":12.0,"key":"Symbiotic Virus"},{"floor":26.0,"key":"Tiny Chest"},{"floor":39,"key":"Ice Cream"},{"floor":41,"key":"Bag of Marbles"},{"floor":43,"key":"Bronze Scales"},{"floor":48,"key":"Letter Opener"}],"event_choices":[{"damage_healed":0.0,"max_hp_gain":0.0,"max_hp_loss":6.0,"gold_gain":0.0,"event_name":"Golden Idol","player_choice":"Lose Max HP","floor":3.0,"gold_loss":0.0,"damage_taken":0.0,"relics_obtained":["Golden Idol"]},{"damage_healed":0.0,"max_hp_gain":0.0,"max_hp_loss":0.0,"gold_gain":75.0,"event_name":"World of Goop","player_choice":"Gather Gold","floor":5.0,"gold_loss":0.0,"damage_taken":11.0},{"damage_healed":0.0,"max_hp_gain":0.0,"max_hp_loss":0.0,"gold_gain":0.0,"event_name":"The Mausoleum","player_choice":"Opened","floor":20.0,"gold_loss":0.0,"damage_taken":0.0,"relics_obtained":["Regal Pillow"]},{"damage_healed":0.0,"max_hp_gain":0.0,"max_hp_loss":0.0,"gold_gain":0.0,"event_name":"Upgrade Shrine","player_choice":"Upgraded","floor":21.0,"gold_loss":0.0,"damage_taken":0.0,"cards_upgraded":["Zap"]},{"damage_healed":0.0,"max_hp_gain":0.0,"max_hp_loss":0.0,"gold_gain":0.0,"event_name":"Tomb of Lord Red Mask","player_choice":"Ignored","floor":37.0,"gold_loss":0.0,"damage_taken":0.0},{"damage_healed":0,"gold_gain":0,"player_choice":"Fight","damage_taken":0,"max_hp_gain":0,"max_hp_loss":0,"event_name":"Mysterious Sphere","floor":39,"gold_loss":0}],"is_beta":false,"boss_relics":[{"not_picked":["White Beast Statue","Runic Dome"],"picked":"Tiny House"},{"not_picked":["Inserter","Runic Pyramid"],"picked":"Pandora\u0027s Box"}],"items_purged_floors":[2,19,28],"is_endless":false,"potions_floor_spawned":[4,10,11,12,14,18,31,33,35],"ascension_level":2}