{"gold_per_floor":[112,112,112,187,44,44,73,73,154,171,206,101,114,128,128,229,229,239,338,52,52,63,63,88,88,88,0,10,36,36,52,52,52],"floor_reached":33,"playtime":844,"items_purged":[],"score":378,"play_id":"9d20e9da-15f0-4735-9a5f-5a39ba7791ba","local_time":"20190531074659","is_ascension_mode":true,"campfire_choices":[{"floor":6,"key":"REST"},{"floor":8,"key":"REST"},{"floor":15,"key":"REST"},{"floor":23,"key":"REST"},{"floor":25,"key":"REST"},{"floor":32,"key":"REST"}],"neow_cost":"NONE","seed_source_timestamp":499134776716784,"circlet_count":0,"master_deck":["Defend_G","Defend_G","Defend_G","Defend_G","Defend_G","Strike_G","Strike_G","Strike_G","Strike_G","Strike_G","Survivor","Neutralize","Sucker Punch+1","Backstab","Flying Knee","Backstab","Accuracy","Cloak And Dagger","Die Die Die","Backstab","Dash+1"],"relics":["Ring of the Serpent","Centennial Puzzle","Bronze Scales","Bag of Marbles","Ninja Scroll","Blue Candle","StoneCalendar","Peace Pipe","Frozen Egg 2","Question Card"],"potions_floor_usage":[7,11,16,24,33],"damage_taken":[{"damage":0,"enemies":"Cultist","floor":1,"turns":5},{"damage":24,"enemies":"Gremlin Nob","floor":7,"turns":4},{"damage":0,"enemies":"Small Slimes","floor":10,"turns":1},{"damage":12,"enemies":"3 Sentries","floor":11,"turns":8},{"damage":0,"enemies":"2 Louse","floor":13,"turns":1},{"damage":13,"enemies":"Exordium Thugs","floor":14,"turns":1},{"damage":32,"enemies":"Hexaghost","floor":16,"turns":9},{"damage":3,"enemies":"2 Thieves","floor":18,"turns":3},{"damage":9,"enemies":"3 Byrds","floor":22,"turns":3},{"damage":28,"enemies":"Book of Stabbing","floor":24,"turns":5},{"damage":7,"enemies":"Cultist and Chosen","floor":28,"turns":4},{"damage":22,"enemies":"Slavers","floor":29,"turns":6},{"damage":0,"enemies":"Centurion and Healer","floor":31,"turns":4},{"damage":91,"enemies":"Collector","floor":33,"turns":5}],"seed_played":"3829043574007868370","potions_obtained":[{"floor":1,"key":"Explosive Potion"},{"floor":7,"key":"AttackPotion"},{"floor":13,"key":"Block Potion"},{"floor":14,"key":"LiquidBronze"},{"floor":24,"key":"SteroidPotion"},{"floor":29,"key":"Block Potion"}],"is_trial":false,"path_per_floor":["M","T","?","?","$","R","E","R","T","M","E","$","M","M","R","B",null,"M","?","$","?","M","R","E","R","T","?","M","E","?","M","R","B"],"character_chosen":"THE_SILENT","items_purchased":["Bronze Scales","Backstab","Accuracy","StoneCalendar"],"campfire_rested":6,"item_purchase_floors":[5,12,12,20],"current_hp_per_floor":[70,70,70,59,59,77,53,76,76,76,64,64,64,51,74,42,68,65,65,65,65,56,77,49,72,72,72,65,43,43,43,66,0],"gold":52,"neow_bonus":"TEN_PERCENT_HP_BONUS","is_prod":false,"is_daily":false,"chose_seed":false,"campfire_upgraded":0,"win_rate":0,"timestamp":1559303219,"path_taken":["M","?","?","?","$","R","E","R","T","M","E","$","M","M","R","BOSS","M","?","$","?","M","R","E","R","T","?","M","E","?","?","R","BOSS"],"build_version":"2019-01-23","purchased_purges":0,"victory":false,"max_hp_per_floor":[77,77,77,77,77,77,77,77,77,77,77,77,77,77,77,77,77,77,77,77,77,77,77,77,77,77,77,77,77,77,77,77,77],"card_choices":[{"not_picked":["Dodge and Roll","Dagger Throw"],"picked":"Sucker Punch","floor":1},{"not_picked":["Dodge and Roll","Underhanded Strike"],"picked":"Backstab","floor":7},{"not_picked":["Calculated Gamble","Slice","Flying Knee"],"picked":"SKIP","floor":10},{"not_picked":["Calculated Gamble","Deadly Poison"],"picked":"Flying Knee","floor":11},{"not_picked":["PiercingWail","Acrobatics","Outmaneuver"],"picked":"SKIP","floor":13},{"not_picked":["Outmaneuver","Riddle With Holes"],"picked":"Cloak And Dagger","floor":14},{"not_picked":["Doppelganger","Phantasmal Killer"],"picked":"Die Die Die","floor":16},{"not_picked":["Deadly Poison+1","Dagger Throw+1","Acrobatics"],"picked":"SKIP","floor":18},{"not_picked":["Finisher+1","Dagger Spray","Flying Knee"],"picked":"SKIP","floor":22},{"not_picked":["Dodge and Roll","Deadly Poison","Well Laid Plans+1"],"picked":"SKIP","floor":24},{"not_picked":["Sucker Punch","Choke","Prepared"],"picked":"SKIP","floor":28},{"not_picked":["Flechettes","Sucker Punch","Slice+1"],"picked":"SKIP","floor":29},{"not_picked":["Sucker Punch","Bouncing Flask","Blur+1"],"picked":"Dash+1","floor":31}],"player_experience":370813,"relics_obtained":[{"floor":2,"key":"Centennial Puzzle"},{"floor":7,"key":"Bag of Marbles"},{"floor":9,"key":"Ninja Scroll"},{"floor":11,"key":"Blue Candle"},{"floor":24,"key":"Peace Pipe"},{"floor":26,"key":"Frozen Egg 2"},{"floor":29,"key":"Question Card"}],"event_choices":[{"damage_healed":0,"gold_gain":0,"player_choice":"Grow","damage_taken":0,"max_hp_gain":0,"max_hp_loss":0,"event_name":"Living Wall","floor":3,"gold_loss":0,"cards_upgraded":["Sucker Punch"]},{"damage_healed":0,"gold_gain":75,"player_choice":"Gather Gold","damage_taken":11,"max_hp_gain":0,"max_hp_loss":0,"event_name":"World of Goop","floor":4,"gold_loss":0},{"damage_healed":0,"gold_gain":99,"player_choice":"Stole From Cult","damage_taken":0,"max_hp_gain":0,"max_hp_loss":0,"event_name":"Nest","floor":19,"gold_loss":0},{"damage_healed":0,"gold_gain":0,"player_choice":"Ignored","damage_taken":0,"max_hp_gain":0,"max_hp_loss":0,"event_name":"Beggar","floor":21,"gold_loss":0},{"damage_healed":0,"gold_gain":0,"player_choice":"Paid Fearfully","damage_taken":0,"max_hp_gain":0,"max_hp_loss":0,"event_name":"Masked Bandits","floor":27,"gold_loss":88},{"damage_healed":0,"gold_gain":0,"player_choice":"Copied","damage_taken":0,"max_hp_gain":0,"max_hp_loss":0,"event_name":"Duplicator","floor":30,"gold_loss":0,"cards_obtained":["Backstab"]}],"is_beta":false,"boss_relics":[{"not_picked":["Runic Pyramid","Snecko Eye"],"picked":"Ring of the Serpent"}],"items_purged_floors":[],"is_endless":false,"potions_floor_spawned":[1,7,13,14,24,29],"killed_by":"Collector","ascension_level":6}