{"gold_per_floor":[116,136,155,80,98,129,140,140,140,173,187,187,91,91,91,91],"floor_reached":16,"playtime":795,"items_purged":["Strike_G"],"score":123,"play_id":"873f3f1e-0bc4-482a-b31a-7eb3a730b820","local_time":"20190219105442","is_ascension_mode":true,"campfire_choices":[{"floor":8,"key":"REST"},{"floor":12,"key":"REST"},{"floor":15,"key":"REST"}],"neow_cost":"NONE","seed_source_timestamp":134369055239899,"circlet_count":0,"master_deck":["Defend_G","Defend_G","Defend_G","Defend_G","Defend_G","Strike_G","Strike_G","Strike_G","Strike_G","Survivor","Neutralize","Flash of Steel","Parasite"],"special_seed":0,"relics":["Ring of the Snake","Bag of Preparation","Vajra","Pear","Bottled Lightning"],"potions_floor_usage":[6,6,16],"damage_taken":[{"damage":0,"enemies":"Cultist","floor":1,"turns":4},{"damage":0,"enemies":"Small Slimes","floor":2,"turns":5},{"damage":0,"enemies":"2 Louse","floor":3,"turns":5},{"damage":0,"enemies":"Blue Slaver","floor":5,"turns":8},{"damage":57,"enemies":"Lagavulin","floor":6,"turns":12},{"damage":10,"enemies":"Red Slaver","floor":7,"turns":3},{"damage":27,"enemies":"3 Sentries","floor":10,"turns":11},{"damage":1,"enemies":"2 Fungi Beasts","floor":11,"turns":4},{"damage":75,"enemies":"Slime Boss","floor":16,"turns":16}],"seed_played":"-3844811363167156464","potions_obtained":[{"floor":1,"key":"Block Potion"},{"floor":2,"key":"Block Potion"},{"floor":5,"key":"GhostInAJar"}],"is_trial":false,"path_per_floor":["M","M","M","$","M","E","M","R","T","E","M","R","$","?","R","B"],"character_chosen":"THE_SILENT","items_purchased":["Flash of Steel"],"campfire_rested":3,"item_purchase_floors":[13],"current_hp_per_floor":[70,70,70,70,70,13,3,24,34,7,6,30,30,50,74,0],"gold":91,"neow_bonus":"RANDOM_COMMON_RELIC","is_prod":false,"is_daily":false,"chose_seed":false,"campfire_upgraded":0,"win_rate":0,"timestamp":1550602482,"path_taken":["M","M","M","$","?","E","M","R","T","E","M","R","$","?","R","BOSS"],"build_version":"2019-01-23","purchased_purges":1,"victory":false,"max_hp_per_floor":[70,70,70,70,70,70,70,70,80,80,80,80,80,80,80,80],"card_choices":[{"not_picked":["Riddle With Holes","Quick Slash","Leg Sweep"],"picked":"SKIP","floor":1},{"not_picked":["Eviscerate","Outmaneuver","Underhanded Strike"],"picked":"SKIP","floor":2},{"not_picked":["Footwork","Outmaneuver","Slice"],"picked":"SKIP","floor":3},{"not_picked":["Poisoned Stab","Adrenaline","Accuracy"],"picked":"SKIP","floor":5},{"not_picked":["Dagger Spray","Underhanded Strike","Expertise"],"picked":"SKIP","floor":6},{"not_picked":["Bane","Quick Slash","Outmaneuver"],"picked":"SKIP","floor":7},{"not_picked":["Storm of Steel","Dodge and Roll","Prepared"],"picked":"SKIP","floor":10},{"not_picked":["Storm of Steel","Dodge and Roll","Prepared"],"picked":"SKIP","floor":10},{"not_picked":["Sucker Punch","Flying Knee","Dash"],"picked":"SKIP","floor":11}],"player_experience":210471,"relics_obtained":[{"floor":6,"key":"Vajra"},{"floor":9,"key":"Pear"},{"floor":10,"key":"Bottled Lightning"}],"event_choices":[{"damage_healed":20,"gold_gain":0,"player_choice":"Healed and dodged fight","damage_taken":0,"max_hp_gain":0,"max_hp_loss":0,"event_name":"Mushrooms","floor":14,"gold_loss":0,"cards_obtained":["Parasite"]}],"is_beta":false,"boss_relics":[],"items_purged_floors":[4],"is_endless":false,"potions_floor_spawned":[1,2,5],"killed_by":"Slime Boss","ascension_level":2}