{"gold_per_floor":[119,137,157,168,93,93,110,110,160,160,160,187,187,187,187,261,261,273,173,173,187,199,199,24,57,57,71,81,131,131,147,147,220,220,240,257,357,374,386,386,397,397,451,451,463,463,463,328,328,328],"floor_reached":51,"playtime":2978,"items_purged":["Strike_R","Defend_R","Strike_R+1"],"score":1211,"play_id":"047392dc-b8b8-4c19-b863-afd9c362d92d","local_time":"20190731163537","is_ascension_mode":true,"campfire_choices":[{"data":"Flex","floor":6.0,"key":"SMITH"},{"data":"Heavy Blade","floor":11.0,"key":"SMITH"},{"data":"Flex","floor":13.0,"key":"SMITH"},{"floor":15.0,"key":"REST"},{"data":"Bash","floor":23.0,"key":"SMITH"},{"data":"Sword Boomerang","floor":30.0,"key":"SMITH"},{"floor":32.0,"key":"REST"},{"floor":40,"key":"REST"},{"data":"Thunderclap","floor":42,"key":"SMITH"},{"data":"Defend_R","floor":44,"key":"SMITH"},{"data":"Defend_R","floor":49,"key":"SMITH"}],"neow_cost":"NONE","seed_source_timestamp":0,"circlet_count":0,"master_deck":["AscendersBane","Defend_R+1","Defend_R+1","Defend_R","Bash+1","Heavy Blade+1","Flex+1","Thunderclap+1","Necronomicurse","Sword Boomerang+1","Battle Trance+1","Flex+1","Offering+1"],"special_seed":0,"relics":["Burning Blood","Champion Belt","Ancient Tea Set","Toxic Egg 2","Empty Cage","Necronomicon","Red Mask","Meat on the Bone","White Beast Statue","Prayer Wheel","PreservedInsect","Turnip"],"potions_floor_usage":[38,39,50,50],"damage_taken":[{"damage":2.0,"enemies":"Cultist","floor":1.0,"turns":4.0},{"damage":1.0,"enemies":"2 Louse","floor":2.0,"turns":4.0},{"damage":0.0,"enemies":"Small Slimes","floor":3.0,"turns":3.0},{"damage":9.0,"enemies":"Blue Slaver","floor":4.0,"turns":3.0},{"damage":28.0,"enemies":"Exordium Wildlife","floor":7.0,"turns":5.0},{"damage":22.0,"enemies":"3 Sentries","floor":12.0,"turns":7.0},{"damage":24.0,"enemies":"Hexaghost","floor":16.0,"turns":8.0},{"damage":4.0,"enemies":"Chosen","floor":18.0,"turns":3.0},{"damage":0.0,"enemies":"Shell Parasite","floor":21.0,"turns":1.0},{"damage":0.0,"enemies":"Chosen and Byrds","floor":22.0,"turns":4.0},{"damage":27.0,"enemies":"Masked Bandits","floor":25.0,"turns":4.0},{"damage":28.0,"enemies":"Snecko","floor":27.0,"turns":5.0},{"damage":26.0,"enemies":"Snake Plant","floor":28.0,"turns":3.0},{"damage":1.0,"enemies":"Centurion and Healer","floor":31.0,"turns":2.0},{"damage":27.0,"enemies":"Automaton","floor":33.0,"turns":5.0},{"damage":0.0,"enemies":"Orb Walker","floor":35.0,"turns":1.0},{"damage":0.0,"enemies":"3 Shapes","floor":36.0,"turns":2.0},{"damage":0.0,"enemies":"Mind Bloom Boss Battle","floor":37.0,"turns":3.0},{"damage":33,"enemies":"Sphere and 2 Shapes","floor":38,"turns":3},{"damage":6,"enemies":"Writhing Mass","floor":39,"turns":1},{"damage":6,"enemies":"Transient","floor":41,"turns":6},{"damage":6,"enemies":"Maw","floor":45,"turns":2},{"damage":31,"enemies":"Time Eater","floor":50,"turns":4}],"seed_played":"2436495827925208540","potions_obtained":[{"floor":0.0,"key":"BloodPotion"},{"floor":0.0,"key":"Block Potion"},{"floor":7.0,"key":"PowerPotion"},{"floor":12.0,"key":"Block Potion"},{"floor":16.0,"key":"Ancient Potion"},{"floor":22.0,"key":"Dexterity Potion"},{"floor":25.0,"key":"BloodPotion"},{"floor":31.0,"key":"EssenceOfSteel"},{"floor":35.0,"key":"SpeedPotion"},{"floor":36.0,"key":"Energy Potion"},{"floor":37.0,"key":"Ancient Potion"},{"floor":38,"key":"SteroidPotion"},{"floor":39,"key":"EssenceOfSteel"}],"is_trial":false,"path_per_floor":["M","M","M","M","$","R","M","T","T","?","R","E","R","?","R","B",null,"M","$","?","M","M","R","$","?","T","M","M","?","R","M","R","B",null,"M","M","?","M","M","R","M","R","T","R","M","?","?","?","R","B",null],"character_chosen":"IRONCLAD","items_purchased":["Sword Boomerang"],"campfire_rested":3,"item_purchase_floors":[24],"current_hp_per_floor":[72,75,75,72,72,72,68,68,68,68,68,52,52,29,51,33,65,67,67,46,52,58,58,58,37,37,45,37,37,37,54,75,54,70,75,75,75,48,48,70,70,70,70,70,70,70,70,70,70,45],"gold":328,"neow_bonus":"THREE_SMALL_POTIONS","is_prod":false,"is_daily":false,"chose_seed":false,"campfire_upgraded":8,"win_rate":0,"timestamp":1564616137,"path_taken":["M","M","M","M","$","R","?","?","T","?","R","E","R","?","R","BOSS","M","$","?","M","M","R","$","?","T","M","?","?","R","M","R","BOSS","M","M","?","M","M","R","M","R","T","R","M","?","?","?","R","BOSS"],"build_version":"2019-07-17","purchased_purges":3,"victory":true,"max_hp_per_floor":[75,75,75,75,75,75,75,75,75,75,75,75,75,75,75,75,75,75,75,75,75,75,75,75,75,75,75,75,75,75,75,75,75,75,75,75,75,75,75,75,75,75,75,75,75,75,75,75,75,75],"card_choices":[{"not_picked":["Shockwave","Battle Trance"],"picked":"Heavy Blade","floor":1.0},{"not_picked":["Heavy Blade","Havoc"],"picked":"Flex","floor":2.0},{"not_picked":["Heavy Blade","Warcry","Clash"],"picked":"SKIP","floor":3.0},{"not_picked":["Inflame","Cleave"],"picked":"Flex","floor":4.0},{"not_picked":["Shrug It Off","Metallicize"],"picked":"Thunderclap","floor":7.0},{"not_picked":["Metallicize","Hemokinesis","Rage"],"picked":"SKIP","floor":12.0},{"not_picked":["Headbutt","Burning Pact+1","Clothesline"],"picked":"SKIP","floor":18.0},{"not_picked":["Warcry+1","Perfected Strike","Havoc+1"],"picked":"SKIP","floor":21.0},{"not_picked":["Anger","Thunderclap","Clothesline"],"picked":"SKIP","floor":22.0},{"not_picked":["Heavy Blade+1","Armaments+1","Feel No Pain"],"picked":"SKIP","floor":27.0},{"not_picked":["Heavy Blade+1","Headbutt","Sever Soul"],"picked":"SKIP","floor":28.0},{"not_picked":["Havoc+1","Exhume+1"],"picked":"Battle Trance+1","floor":31.0},{"not_picked":["Headbutt+1","Ghostly Armor+1","Warcry+1"],"picked":"SKIP","floor":35.0},{"not_picked":["Sentinel+1","Combust","Anger"],"picked":"SKIP","floor":36.0},{"not_picked":["Anger+1","Armaments+1"],"picked":"Flex+1","floor":37.0},{"not_picked":["Headbutt","Carnage","Pummel"],"picked":"SKIP","floor":38},{"not_picked":["Offering+1","Ghostly Armor+1","Pummel"],"picked":"SKIP","floor":38},{"not_picked":["Ghostly Armor+1","Pummel"],"picked":"Offering+1","floor":38},{"not_picked":["Headbutt","Carnage","Pummel"],"picked":"SKIP","floor":38},{"not_picked":["Shrug It Off+1","Disarm+1","Wild Strike"],"picked":"SKIP","floor":39},{"not_picked":["Havoc+1","Flex+1","Hemokinesis"],"picked":"SKIP","floor":39},{"not_picked":["Warcry+1","Headbutt+1","True Grit+1"],"picked":"SKIP","floor":41},{"not_picked":["Clothesline+1","Twin Strike","Rage+1"],"picked":"SKIP","floor":41},{"not_picked":["Warcry+1","Headbutt+1","True Grit+1"],"picked":"SKIP","floor":41},{"not_picked":["Clothesline+1","Twin Strike","Rage+1"],"picked":"SKIP","floor":41},{"not_picked":["Warcry+1","Headbutt+1","True Grit+1"],"picked":"SKIP","floor":41},{"not_picked":["Clothesline+1","Twin Strike","Rage+1"],"picked":"SKIP","floor":41},{"not_picked":["Havoc+1","Dual Wield+1","Thunderclap+1"],"picked":"SKIP","floor":45},{"not_picked":["Headbutt","Metallicize","Armaments+1"],"picked":"SKIP","floor":45}],"player_experience":480339,"relics_obtained":[{"floor":8.0,"key":"Champion Belt"},{"floor":9.0,"key":"Ancient Tea Set"},{"floor":12.0,"key":"Toxic Egg 2"},{"floor":20.0,"key":"Necronomicon"},{"floor":25.0,"key":"Red Mask"},{"floor":26.0,"key":"Meat on the Bone"},{"floor":37.0,"key":"Prayer Wheel"},{"floor":43,"key":"PreservedInsect"}],"event_choices":[{"cards_removed":["Strike_R"],"damage_healed":0.0,"max_hp_gain":0.0,"max_hp_loss":0.0,"gold_gain":0.0,"event_name":"Living Wall","player_choice":"Forget","floor":10.0,"gold_loss":0.0,"damage_taken":0.0},{"damage_healed":0.0,"max_hp_gain":0.0,"max_hp_loss":0.0,"gold_gain":0.0,"event_name":"Shining Light","player_choice":"Entered Light","floor":14.0,"gold_loss":0.0,"damage_taken":23.0,"cards_upgraded":["Strike_R","Strike_R"]},{"damage_healed":0.0,"max_hp_gain":0.0,"max_hp_loss":0.0,"gold_gain":0.0,"event_name":"Cursed Tome","player_choice":"Obtained Book","floor":20.0,"gold_loss":0.0,"damage_taken":21.0},{"damage_healed":0.0,"max_hp_gain":0.0,"max_hp_loss":0.0,"gold_gain":0.0,"event_name":"Masked Bandits","player_choice":"Fought Bandits","floor":25.0,"gold_loss":0.0,"damage_taken":0.0},{"damage_healed":0.0,"max_hp_gain":0.0,"max_hp_loss":0.0,"gold_gain":50.0,"event_name":"Nest","player_choice":"Stole From Cult","floor":29.0,"gold_loss":0.0,"damage_taken":0.0},{"damage_healed":0.0,"max_hp_gain":0.0,"max_hp_loss":0.0,"gold_gain":0.0,"event_name":"MindBloom","player_choice":"Fight","floor":37.0,"gold_loss":0.0,"damage_taken":0.0},{"cards_removed":["Flex"],"damage_healed":0,"gold_gain":0,"player_choice":"Removed Skill","damage_taken":0,"max_hp_gain":0,"max_hp_loss":0,"event_name":"Falling","floor":46,"gold_loss":0},{"damage_healed":0,"gold_gain":0,"player_choice":"Memory 1","damage_taken":0,"max_hp_gain":0,"max_hp_loss":0,"event_name":"SensoryStone","floor":47,"gold_loss":0},{"damage_healed":0,"gold_gain":0,"player_choice":"Paid Gold","damage_taken":0,"relics_obtained":["Turnip"],"max_hp_gain":0,"max_hp_loss":0,"event_name":"WeMeetAgain","floor":48,"gold_loss":135}],"is_beta":false,"boss_relics":[{"not_picked":["Black Blood","Coffee Dripper"],"picked":"Empty Cage"},{"not_picked":["Astrolabe","Runic Pyramid"],"picked":"White Beast Statue"}],"items_purged_floors":[5,19,24],"is_endless":false,"potions_floor_spawned":[7,12,16,22,25,31,35,36,37,38,39,41,45],"ascension_level":18}