{"gold_per_floor":[111,111,124,124,74,74,90,90,169,179,104,129,204,220,220,292,292,308,208,208,13,13,27,61,61,87,87,118,145,20,30,30,105,105,125,125,137,137,137,137,170,188,214,314,369,369,384,403,403,403],"floor_reached":50,"playtime":3384,"items_purged":["Strike_R","Strike_R","Defend_R"],"score":886,"play_id":"96a063bf-5ebf-4518-a80a-a55487691ad9","local_time":"20190507210134","is_ascension_mode":true,"campfire_choices":[{"data":"Whirlwind","floor":6.0,"key":"SMITH"},{"data":"Flex","floor":8.0,"key":"SMITH"},{"data":"Demon Form","floor":15.0,"key":"SMITH"},{"floor":25.0,"key":"REST"},{"data":"Heavy Blade","floor":27.0,"key":"SMITH"},{"floor":32.0,"key":"REST"},{"data":"Sword Boomerang","floor":40.0,"key":"SMITH"},{"floor":49.0,"key":"REST"}],"neow_cost":"NONE","seed_source_timestamp":0,"circlet_count":0,"master_deck":["AscendersBane","Defend_R","Defend_R","Heavy Blade+1","Whirlwind+1","Demon Form+1","Flex+1","Battle Trance","Flex+1","Sword Boomerang+1","Thunderclap"],"special_seed":0,"relics":["Burning Blood","Mercury Hourglass","Odd Mushroom","Calling Bell","Juzu Bracelet","Kunai","FossilizedHelix","NlothsMask","DollysMirror","Charon\u0027s Ashes","Dream Catcher","Pen Nib","Empty Cage","Red Skull","Omamori","Shovel","Bird Faced Urn"],"potions_floor_usage":[50],"damage_taken":[{"damage":10.0,"enemies":"Jaw Worm","floor":1.0,"turns":5.0},{"damage":10.0,"enemies":"Cultist","floor":3.0,"turns":5.0},{"damage":0.0,"enemies":"2 Louse","floor":7.0,"turns":1.0},{"damage":6.0,"enemies":"Looter","floor":10.0,"turns":2.0},{"damage":0.0,"enemies":"The Mushroom Lair","floor":12.0,"turns":1.0},{"damage":13.0,"enemies":"Blue Slaver","floor":14.0,"turns":3.0},{"damage":16.0,"enemies":"Slime Boss","floor":16.0,"turns":8.0},{"damage":22.0,"enemies":"Spheric Guardian","floor":18.0,"turns":4.0},{"damage":0.0,"enemies":"3 Byrds","floor":23.0,"turns":2.0},{"damage":65.0,"enemies":"Book of Stabbing","floor":24.0,"turns":5.0},{"damage":35.0,"enemies":"Gremlin Leader","floor":28.0,"turns":3.0},{"damage":0.0,"enemies":"Snecko","floor":31.0,"turns":3.0},{"damage":8.0,"enemies":"Automaton","floor":33.0,"turns":4.0},{"damage":4.0,"enemies":"Orb Walker","floor":35.0,"turns":3.0},{"damage":0.0,"enemies":"3 Darklings","floor":37.0,"turns":2.0},{"damage":31.0,"enemies":"Nemesis","floor":41.0,"turns":5.0},{"damage":0.0,"enemies":"Jaw Worm Horde","floor":42.0,"turns":2.0},{"damage":0.0,"enemies":"Mind Bloom Boss Battle","floor":44.0,"turns":3.0},{"damage":46.0,"enemies":"2 Orb Walkers","floor":45.0,"turns":3.0},{"damage":35.0,"enemies":"Writhing Mass","floor":47.0,"turns":3.0},{"damage":0.0,"enemies":"Spire Growth","floor":48.0,"turns":1.0},{"damage":72,"enemies":"Time Eater","floor":50,"turns":5}],"seed_played":"-4531670355832201720","potions_obtained":[{"floor":1.0,"key":"Regen Potion"},{"floor":10.0,"key":"FearPotion"},{"floor":14.0,"key":"Block Potion"},{"floor":18.0,"key":"AttackPotion"},{"floor":31.0,"key":"GamblersBrew"},{"floor":33.0,"key":"Strength Potion"},{"floor":44.0,"key":"Weak Potion"},{"floor":45.0,"key":"Swift Potion"},{"floor":48.0,"key":"SpeedPotion"}],"is_trial":false,"path_per_floor":["M","?","M","?","?","R","M","R","T","M","$","?","?","M","R","B",null,"M","$","?","$","?","M","E","R","T","R","E","T","$","M","R","B",null,"M","$","M","?","$","R","E","M","T","?","?","?","M","M","R","B"],"character_chosen":"IRONCLAD","items_purchased":["DollysMirror"],"campfire_rested":3,"item_purchase_floors":[21],"current_hp_per_floor":[64,64,60,53,53,53,59,59,59,59,59,65,54,47,47,52,69,53,53,53,53,75,75,16,38,38,38,9,9,9,15,37,35,65,67,67,73,73,73,73,48,54,54,60,20,39,10,16,38,0],"gold":403,"neow_bonus":"THREE_CARDS","is_prod":false,"is_daily":false,"chose_seed":false,"campfire_upgraded":5,"win_rate":0,"timestamp":1557288094,"path_taken":["M","?","?","?","?","R","M","R","T","M","$","?","?","M","R","BOSS","M","$","?","?","?","M","E","R","T","R","E","?","$","M","R","BOSS","M","$","M","?","$","R","E","M","T","?","?","?","M","M","R","BOSS"],"build_version":"2019-01-23","purchased_purges":3,"victory":false,"max_hp_per_floor":[75,75,75,75,75,75,75,75,75,75,75,75,75,75,75,75,75,75,75,75,75,75,75,75,75,75,75,75,75,75,75,75,75,75,75,75,75,75,75,75,75,75,75,75,75,75,75,75,75,75],"card_choices":[{"not_picked":["Intimidate","Wild Strike"],"picked":"Heavy Blade","floor":0.0},{"not_picked":["Rampage","Heavy Blade"],"picked":"Whirlwind","floor":1.0},{"not_picked":["Wild Strike","Whirlwind","Heavy Blade"],"picked":"SKIP","floor":3.0},{"not_picked":["Thunderclap","Anger"],"picked":"Flex","floor":7.0},{"not_picked":["Rupture","Sever Soul","Sentinel"],"picked":"SKIP","floor":10.0},{"not_picked":["Berserk","Pommel Strike","Armaments"],"picked":"SKIP","floor":14.0},{"not_picked":["Cleave","Whirlwind"],"picked":"Battle Trance","floor":18.0},{"not_picked":["Fire Breathing+1","Hemokinesis","Evolve"],"picked":"SKIP","floor":23.0},{"not_picked":["Clash","Cleave","Perfected Strike"],"picked":"SKIP","floor":24.0},{"not_picked":["Whirlwind","Seeing Red","Burning Pact"],"picked":"SKIP","floor":28.0},{"not_picked":["Power Through","Combust"],"picked":"Sword Boomerang","floor":31.0},{"not_picked":["Iron Wave","Body Slam"],"picked":"Thunderclap","floor":35.0},{"not_picked":["Iron Wave","Thunderclap","Warcry"],"picked":"SKIP","floor":37.0},{"not_picked":["Perfected Strike","Juggernaut","Body Slam"],"picked":"SKIP","floor":41.0},{"not_picked":["Sword Boomerang","Anger","Body Slam+1"],"picked":"SKIP","floor":42.0},{"not_picked":["Rage","Evolve","Rupture"],"picked":"SKIP","floor":47.0},{"not_picked":["Ghostly Armor+1","Heavy Blade","Feed"],"picked":"SKIP","floor":48.0}],"player_experience":377923,"relics_obtained":[{"floor":9.0,"key":"Mercury Hourglass"},{"floor":12.0,"key":"Odd Mushroom"},{"floor":17.0,"key":"Juzu Bracelet"},{"floor":17.0,"key":"Kunai"},{"floor":17.0,"key":"FossilizedHelix"},{"floor":24.0,"key":"Charon\u0027s Ashes"},{"floor":28.0,"key":"Dream Catcher"},{"floor":29.0,"key":"Pen Nib"},{"floor":41.0,"key":"Red Skull"},{"floor":43.0,"key":"Omamori"},{"floor":44.0,"key":"Shovel"},{"floor":45.0,"key":"Bird Faced Urn"}],"event_choices":[{"damage_healed":0.0,"max_hp_gain":0.0,"max_hp_loss":0.0,"gold_gain":0.0,"cards_transformed":["Strike_R"],"event_name":"Transmorgrifier","player_choice":"Transformed","floor":2.0,"gold_loss":0.0,"damage_taken":0.0,"cards_obtained":["Demon Form"]},{"cards_removed":["Strike_R"],"damage_healed":0.0,"max_hp_gain":0.0,"max_hp_loss":0.0,"gold_gain":0.0,"event_name":"Golden Wing","player_choice":"Card Removal","floor":4.0,"gold_loss":0.0,"damage_taken":7.0},{"cards_removed":["Strike_R"],"damage_healed":0.0,"max_hp_gain":0.0,"max_hp_loss":0.0,"gold_gain":0.0,"event_name":"The Cleric","player_choice":"Card Removal","floor":5.0,"gold_loss":50.0,"damage_taken":0.0},{"damage_healed":0.0,"max_hp_gain":0.0,"max_hp_loss":0.0,"gold_gain":0.0,"event_name":"Mushrooms","player_choice":"Fought Mushrooms","floor":12.0,"gold_loss":0.0,"damage_taken":0.0},{"damage_healed":0.0,"max_hp_gain":0.0,"max_hp_loss":0.0,"gold_gain":75.0,"event_name":"World of Goop","player_choice":"Gather Gold","floor":13.0,"gold_loss":0.0,"damage_taken":11.0},{"damage_healed":0.0,"max_hp_gain":0.0,"max_hp_loss":0.0,"gold_gain":0.0,"event_name":"FaceTrader","player_choice":"Trade","floor":20.0,"gold_loss":0.0,"damage_taken":0.0,"relics_obtained":["NlothsMask"]},{"damage_healed":25.0,"max_hp_gain":0.0,"max_hp_loss":0.0,"gold_gain":0.0,"event_name":"The Library","player_choice":"Heal","floor":22.0,"gold_loss":0.0,"damage_taken":0.0},{"damage_healed":0.0,"max_hp_gain":0.0,"max_hp_loss":0.0,"gold_gain":0.0,"event_name":"Tomb of Lord Red Mask","player_choice":"Ignored","floor":38.0,"gold_loss":0.0,"damage_taken":0.0},{"damage_healed":0.0,"max_hp_gain":0.0,"max_hp_loss":0.0,"gold_gain":0.0,"event_name":"MindBloom","player_choice":"Fight","floor":44.0,"gold_loss":0.0,"damage_taken":0.0},{"damage_healed":0.0,"max_hp_gain":0.0,"max_hp_loss":0.0,"gold_gain":0.0,"event_name":"Mysterious Sphere","player_choice":"Fight","floor":45.0,"gold_loss":0.0,"damage_taken":0.0},{"damage_healed":19.0,"max_hp_gain":0.0,"max_hp_loss":0.0,"gold_gain":0.0,"event_name":"Winding Halls","player_choice":"Writhe","floor":46.0,"gold_loss":0.0,"damage_taken":0.0,"cards_obtained":["Writhe"]}],"is_beta":false,"boss_relics":[{"not_picked":["Astrolabe","Snecko Eye"],"picked":"Calling Bell"},{"not_picked":["Tiny House","Fusion Hammer"],"picked":"Empty Cage"}],"items_purged_floors":[11,19,30],"is_endless":false,"potions_floor_spawned":[1,10,14,18,31,33,44,45,48],"killed_by":"Time Eater","ascension_level":14}