{"gold_per_floor":[119,44,44,62,12,12,42,42,42,16,16,27,41,41,41,164,164,147,147,147,147],"floor_reached":21,"playtime":1052,"items_purged":["Strike_R"],"score":201,"play_id":"15f4f8a4-276d-4bc7-982c-e303368b318e","local_time":"20190210193902","is_ascension_mode":true,"campfire_choices":[{"data":"Flex","floor":6,"key":"SMITH"},{"floor":8,"key":"REST"},{"data":"Flex","floor":15,"key":"SMITH"}],"neow_cost":"TEN_PERCENT_HP_LOSS","seed_source_timestamp":124579827445700,"circlet_count":0,"master_deck":["Strike_R","Strike_R","Defend_R","Defend_R","Defend_R","Bash","Flex+1","Pommel Strike","Shrug It Off","Flex+1","Inflame","Demon Form","Spot Weakness","Berserk"],"relics":["Burning Blood","Ice Cream","Self Forming Clay","Pantograph","Matryoshka","Golden Idol","Empty Cage"],"potions_floor_usage":[16,18],"damage_taken":[{"damage":3,"enemies":"2 Louse","floor":1,"turns":4},{"damage":0,"enemies":"Small Slimes","floor":4,"turns":3},{"damage":52,"enemies":"3 Sentries","floor":7,"turns":12},{"damage":2,"enemies":"Jaw Worm","floor":12,"turns":3},{"damage":10,"enemies":"2 Fungi Beasts","floor":13,"turns":3},{"damage":17,"enemies":"The Guardian","floor":16,"turns":11},{"damage":38,"enemies":"2 Thieves","floor":18,"turns":4},{"damage":38,"enemies":"Spheric Guardian","floor":21,"turns":5}],"seed_played":"3534223460097310823","potions_obtained":[{"floor":7,"key":"PowerPotion"},{"floor":16,"key":"SkillPotion"}],"is_trial":false,"path_per_floor":["M","$","?","M","?","R","E","R","T","$","?","M","M","?","R","B",null,"M","?","?","M"],"character_chosen":"IRONCLAD","items_purchased":["Shrug It Off"],"campfire_rested":1,"item_purchase_floors":[10],"current_hp_per_floor":[72,72,54,60,60,60,14,35,35,35,59,63,59,59,59,56,67,35,35,35,0],"gold":147,"neow_bonus":"ONE_RARE_RELIC","is_prod":false,"is_daily":false,"chose_seed":false,"campfire_upgraded":2,"win_rate":0,"timestamp":1549856342,"path_taken":["M","$","?","M","?","R","E","R","T","?","?","M","M","?","R","BOSS","M","?","?","?"],"build_version":"2019-01-23","purchased_purges":1,"victory":false,"max_hp_per_floor":[72,72,72,72,72,72,72,72,72,72,72,72,72,67,67,67,67,67,67,67,67],"card_choices":[{"not_picked":["Wild Strike","Thunderclap","Heavy Blade"],"picked":"SKIP","floor":1},{"not_picked":["Clash","Armaments"],"picked":"Flex","floor":4},{"not_picked":["Flex","Reaper"],"picked":"Pommel Strike","floor":7},{"not_picked":["Body Slam","Clash"],"picked":"Flex","floor":12},{"not_picked":["Rupture","Wild Strike"],"picked":"Inflame","floor":13},{"not_picked":["Berserk","Reaper"],"picked":"Demon Form","floor":16},{"not_picked":["Battle Trance","Corruption","Inflame"],"picked":"SKIP","floor":18}],"player_experience":121698,"relics_obtained":[{"floor":7,"key":"Pantograph"},{"floor":9,"key":"Matryoshka"}],"event_choices":[{"damage_healed":0,"gold_gain":0,"player_choice":"Success","damage_taken":18,"relics_obtained":["Self Forming Clay"],"max_hp_gain":0,"max_hp_loss":0,"event_name":"Scrap Ooze","floor":3,"gold_loss":0},{"cards_removed":["Strike_R"],"damage_healed":0,"gold_gain":0,"player_choice":"Card Removal","damage_taken":0,"max_hp_gain":0,"max_hp_loss":0,"event_name":"The Cleric","floor":5,"gold_loss":50},{"damage_healed":24,"gold_gain":0,"player_choice":"Banana","damage_taken":0,"max_hp_gain":0,"max_hp_loss":0,"event_name":"Big Fish","floor":11,"gold_loss":0},{"damage_healed":0,"gold_gain":0,"player_choice":"Lose Max HP","damage_taken":0,"relics_obtained":["Golden Idol"],"max_hp_gain":0,"max_hp_loss":5,"event_name":"Golden Idol","floor":14,"gold_loss":0},{"damage_healed":0,"gold_gain":0,"player_choice":"Ignored","damage_taken":0,"max_hp_gain":0,"max_hp_loss":0,"event_name":"Ghosts","floor":19,"gold_loss":0},{"damage_healed":0,"gold_gain":0,"player_choice":"2 cards matched","damage_taken":0,"max_hp_gain":0,"max_hp_loss":0,"event_name":"Match and Keep!","floor":20,"gold_loss":0,"cards_obtained":["Spot Weakness","Berserk"]}],"is_beta":false,"boss_relics":[{"not_picked":["Runic Pyramid","Coffee Dripper"],"picked":"Empty Cage"}],"items_purged_floors":[2],"is_endless":false,"potions_floor_spawned":[7,16],"killed_by":"Spheric Guardian","ascension_level":3}