{"gold_per_floor":[116,41,58,58,8,8,8,18,18,118,134,149,149,163,163,163],"floor_reached":16,"playtime":1151,"items_purged":["Strike_G"],"score":97,"play_id":"69363252-41d5-40d9-adcb-c6d0a2bef7cf","local_time":"20180722020102","is_ascension_mode":true,"campfire_choices":[{"data":"Outmaneuver","floor":6,"key":"SMITH"},{"data":"Neutralize","floor":13,"key":"SMITH"},{"data":"Blur","floor":15,"key":"SMITH"}],"neow_cost":"NONE","seed_source_timestamp":965886723878663,"circlet_count":0,"master_deck":["Defend_G","Defend_G","Defend_G","Defend_G","Defend_G","Strike_G","Strike_G","Survivor","Neutralize+1","Bane","Outmaneuver+1","Flying Knee","Catalyst","Backflip","Blur+1"],"relics":["Ring of the Snake","Darkstone Periapt"],"potions_floor_usage":[],"damage_taken":[{"damage":3,"enemies":"Jaw Worm","floor":1,"turns":5},{"damage":0,"enemies":"2 Louse","floor":3,"turns":4},{"damage":2,"enemies":"Small Slimes","floor":8,"turns":4},{"damage":0,"enemies":"3 Louse","floor":11,"turns":7},{"damage":0,"enemies":"Exordium Wildlife","floor":12,"turns":4},{"damage":3,"enemies":"Lots of Slimes","floor":14,"turns":8},{"damage":49,"enemies":"Hexaghost","floor":16,"turns":15}],"seed_played":"870483865217254074","potions_obtained":[{"floor":8,"key":"GhostInAJar"},{"floor":14,"key":"Swift Potion"}],"is_trial":false,"path_per_floor":["M","$","M","?","?","R","$","M","T","?","M","M","R","M","R"],"character_chosen":"THE_SILENT","items_purchased":[],"campfire_rested":0,"item_purchase_floors":[],"current_hp_per_floor":[67,67,67,72,72,72,72,70,70,70,70,70,70,67,67,18],"gold":163,"neow_bonus":"TRANSFORM_CARD","is_prod":false,"is_daily":false,"chose_seed":false,"campfire_upgraded":3,"win_rate":0,"timestamp":1532221262,"path_taken":["M","$","M","?","?","R","?","?","T","?","M","M","R","M","R","BOSS"],"build_version":"2018-07-19v2","purchased_purges":1,"victory":false,"max_hp_per_floor":[70,70,70,75,75,75,75,75,75,75,75,75,75,75,75,75],"card_choices":[{"not_picked":["Flying Knee","Dodge and Roll"],"picked":"Outmaneuver","floor":1},{"not_picked":["Cloak And Dagger","Dagger Spray"],"picked":"Flying Knee","floor":3},{"not_picked":["Calculated Gamble","Deflect"],"picked":"Catalyst","floor":8},{"not_picked":["Outmaneuver","Dagger Spray"],"picked":"Backflip","floor":11},{"not_picked":["Sucker Punch","Dagger Throw","Riddle With Holes"],"picked":"SKIP","floor":12},{"not_picked":["Prepared","Deflect"],"picked":"Blur","floor":14}],"player_experience":438330,"relics_obtained":[{"floor":9,"key":"Darkstone Periapt"}],"event_choices":[{"event_name":"Big Fish","player_choice":"Donut","floor":4,"damage_taken":0},{"event_name":"The Cleric","player_choice":"Card Removal","floor":5,"damage_taken":0},{"event_name":"Golden Shrine","player_choice":"Pray","floor":10,"damage_taken":0}],"is_beta":false,"boss_relics":[],"items_purged_floors":[2],"is_endless":false,"potions_floor_spawned":[8,14],"killed_by":"Hexaghost","ascension_level":1}