{"gold_per_floor":[113,288,304,34,34,34,63,63,63,74,24,24,43,54,54,154,154,169,169,0,0,10,20,20,38,38,38,38,71,81,101,101,206,206,216,91,0,15,33,33,46,46,70,70,99,199,199,247,247,247],"floor_reached":51,"playtime":1658,"items_purged":["Doubt","Strike_G","Dagger Spray"],"score":1075,"play_id":"d787e829-a5a4-4fe3-bebd-21121b58cc83","local_time":"20190522214008","is_ascension_mode":true,"campfire_choices":[{"data":"Catalyst","floor":6,"key":"SMITH"},{"data":"Catalyst","floor":8,"key":"SMITH"},{"data":"Deadly Poison","floor":12,"key":"SMITH"},{"data":"Neutralize","floor":15,"key":"SMITH"},{"data":"Burst","floor":24,"key":"SMITH"},{"floor":28,"key":"REST"},{"floor":32,"key":"REST"},{"data":"Adrenaline","floor":40,"key":"SMITH"},{"floor":42,"key":"REST"},{"data":"Survivor","floor":44,"key":"SMITH"},{"data":"Corpse Explosion","floor":49,"key":"SMITH"}],"neow_cost":"NONE","seed_source_timestamp":414147165485000,"circlet_count":0,"master_deck":["Survivor+1","Neutralize+1","Catalyst+1","Catalyst+1","Deadly Poison+1","Burst+1","Well Laid Plans+1","Bouncing Flask+1","Adrenaline+1","Corpse Explosion+1"],"relics":["Ring of the Snake","NeowsBlessing","DollysMirror","Letter Opener","Frozen Egg 2","Eternal Feather","MutagenicStrength","Paper Crane","Molten Egg 2","Pandora\u0027s Box","Red Mask","Juzu Bracelet","Oddly Smooth Stone","Du-Vu Doll","Lantern"],"potions_floor_usage":[16,22,25,33,33,33],"damage_taken":[{"damage":0,"enemies":"2 Louse","floor":1,"turns":1},{"damage":0,"enemies":"Jaw Worm","floor":3,"turns":1},{"damage":0,"enemies":"Lagavulin","floor":7,"turns":1},{"damage":5,"enemies":"Cultist","floor":10,"turns":6},{"damage":0,"enemies":"Blue Slaver","floor":13,"turns":3},{"damage":5,"enemies":"Exordium Thugs","floor":14,"turns":6},{"damage":0,"enemies":"The Guardian","floor":16,"turns":7},{"damage":7,"enemies":"Chosen","floor":18,"turns":2},{"damage":9,"enemies":"2 Thieves","floor":22,"turns":4},{"damage":16,"enemies":"Centurion and Healer","floor":23,"turns":6},{"damage":6,"enemies":"Cultist and Chosen","floor":25,"turns":4},{"damage":43,"enemies":"Slavers","floor":29,"turns":7},{"damage":0,"enemies":"Snake Plant","floor":30,"turns":1},{"damage":0,"enemies":"Chosen and Byrds","floor":31,"turns":4},{"damage":0,"enemies":"Collector","floor":33,"turns":3},{"damage":0,"enemies":"Orb Walker","floor":35,"turns":1},{"damage":10,"enemies":"3 Darklings","floor":38,"turns":7},{"damage":0,"enemies":"Transient","floor":39,"turns":2},{"damage":0,"enemies":"Maw","floor":41,"turns":2},{"damage":0,"enemies":"Nemesis","floor":45,"turns":1},{"damage":0,"enemies":"Mind Bloom Boss Battle","floor":46,"turns":1},{"damage":7,"enemies":"Time Eater","floor":50,"turns":2}],"seed_played":"3635969544087477291","potions_obtained":[{"floor":1,"key":"LiquidBronze"},{"floor":7,"key":"Fire Potion"},{"floor":13,"key":"FearPotion"},{"floor":22,"key":"Dexterity Potion"},{"floor":23,"key":"AttackPotion"},{"floor":31,"key":"Explosive Potion"},{"floor":38,"key":"EssenceOfSteel"},{"floor":39,"key":"LiquidBronze"}],"is_trial":false,"path_per_floor":["M","?","M","$","?","R","E","R","T","M","?","R","M","M","R","B",null,"M","?","$","?","M","M","R","M","T","?","R","E","M","M","R","B",null,"M","$","?","M","M","R","M","R","T","R","E","?","?","T","R","B",null],"character_chosen":"THE_SILENT","items_purchased":["DollysMirror","Well Laid Plans+1"],"campfire_rested":3,"item_purchase_floors":[4,20],"current_hp_per_floor":[70,70,70,70,70,70,70,70,70,65,65,65,65,60,60,60,68,61,61,61,61,52,36,42,36,36,36,63,20,20,20,50,50,65,65,65,65,55,55,58,58,70,70,70,70,70,66,66,66,59],"gold":247,"neow_bonus":"THREE_ENEMY_KILL","is_prod":false,"is_daily":false,"chose_seed":false,"campfire_upgraded":8,"win_rate":0,"timestamp":1558586408,"path_taken":["M","?","M","$","?","R","E","R","T","?","?","R","M","M","R","BOSS","M","?","$","?","M","M","R","?","T","?","R","E","M","M","R","BOSS","M","$","?","M","M","R","M","R","T","R","E","?","?","?","R","BOSS"],"build_version":"2019-01-23","purchased_purges":3,"victory":true,"max_hp_per_floor":[70,70,70,70,70,70,70,70,70,70,70,70,70,70,70,70,70,70,70,70,70,70,70,70,70,70,70,70,70,70,70,70,70,70,70,70,70,70,70,70,70,70,70,70,70,70,66,66,66,66],"card_choices":[{"not_picked":["Heel Hook","Tactician","Sucker Punch"],"picked":"SKIP","floor":1},{"not_picked":["Dodge and Roll","Sucker Punch"],"picked":"Catalyst","floor":3},{"not_picked":["Finisher","Sucker Punch","Choke"],"picked":"SKIP","floor":7},{"not_picked":["Sucker Punch","Backflip"],"picked":"Deadly Poison","floor":10},{"not_picked":["Caltrops+1","Underhanded Strike"],"picked":"Dagger Spray","floor":13},{"not_picked":["Dagger Throw","Predator","Deflect"],"picked":"SKIP","floor":14},{"not_picked":["Storm of Steel","Envenom+1"],"picked":"Burst","floor":16},{"not_picked":["Prepared+1","Outmaneuver","Tactician"],"picked":"SKIP","floor":18},{"not_picked":["Dagger Spray","Acrobatics","Underhanded Strike+1"],"picked":"SKIP","floor":22},{"not_picked":["Sucker Punch","Outmaneuver+1","Riddle With Holes"],"picked":"SKIP","floor":23},{"not_picked":["Outmaneuver","Eviscerate+1","Flechettes+1"],"picked":"SKIP","floor":25},{"not_picked":["Expertise","Setup"],"picked":"Bouncing Flask+1","floor":29},{"not_picked":["Sucker Punch+1","Outmaneuver+1","Predator+1"],"picked":"SKIP","floor":30},{"not_picked":["Blade Dance","Dagger Throw+1","Eviscerate+1"],"picked":"SKIP","floor":31},{"not_picked":["Night Terror","Malaise"],"picked":"Adrenaline","floor":33},{"not_picked":["Deflect","Outmaneuver","Deadly Poison+1"],"picked":"SKIP","floor":35},{"not_picked":["Sucker Punch+1","Deflect","Bane+1"],"picked":"SKIP","floor":38},{"not_picked":["Quick Slash+1","Setup","Backflip+1"],"picked":"SKIP","floor":39},{"not_picked":["Finisher+1","Deadly Poison+1","Malaise"],"picked":"SKIP","floor":41},{"not_picked":["Cloak And Dagger","Blur+1"],"picked":"Corpse Explosion","floor":45}],"player_experience":401884,"relics_obtained":[{"floor":7,"key":"Letter Opener"},{"floor":9,"key":"Frozen Egg 2"},{"floor":26,"key":"Paper Crane"},{"floor":29,"key":"Molten Egg 2"},{"floor":43,"key":"Juzu Bracelet"},{"floor":45,"key":"Oddly Smooth Stone"},{"floor":46,"key":"Du-Vu Doll"},{"floor":48,"key":"Lantern"}],"event_choices":[{"damage_healed":0,"gold_gain":175,"player_choice":"AGREE","damage_taken":0,"max_hp_gain":0,"max_hp_loss":0,"event_name":"Liars Game","floor":2,"gold_loss":0,"cards_obtained":["Doubt"]},{"cards_removed":["Strike_G"],"damage_healed":0,"gold_gain":0,"player_choice":"Purged","damage_taken":0,"max_hp_gain":0,"max_hp_loss":0,"event_name":"Purifier","floor":5,"gold_loss":0},{"cards_removed":["Strike_G"],"damage_healed":0,"gold_gain":0,"player_choice":"Card Removal","damage_taken":0,"max_hp_gain":0,"max_hp_loss":0,"event_name":"The Cleric","floor":11,"gold_loss":50},{"cards_removed":["Defend_G"],"damage_healed":0,"gold_gain":0,"player_choice":"Elegance","damage_taken":0,"max_hp_gain":0,"max_hp_loss":0,"event_name":"Back to Basics","floor":19,"gold_loss":0},{"damage_healed":0,"gold_gain":0,"player_choice":"Inject Mutagens","damage_taken":0,"relics_obtained":["MutagenicStrength"],"max_hp_gain":0,"max_hp_loss":0,"event_name":"Drug Dealer","floor":21,"gold_loss":0},{"damage_healed":0,"gold_gain":0,"player_choice":"Paid","damage_taken":0,"relics_obtained":["Red Mask"],"max_hp_gain":0,"max_hp_loss":0,"event_name":"Tomb of Lord Red Mask","floor":37,"gold_loss":91},{"damage_healed":0,"gold_gain":0,"player_choice":"Fight","damage_taken":0,"max_hp_gain":0,"max_hp_loss":0,"event_name":"MindBloom","floor":46,"gold_loss":0},{"damage_healed":0,"gold_gain":0,"player_choice":"Max HP","damage_taken":0,"max_hp_gain":0,"max_hp_loss":4,"event_name":"Winding Halls","floor":47,"gold_loss":0}],"is_beta":false,"boss_relics":[{"not_picked":["Astrolabe","WristBlade"],"picked":"Eternal Feather"},{"not_picked":["Tiny House","Coffee Dripper"],"picked":"Pandora\u0027s Box"}],"items_purged_floors":[4,20,36],"is_endless":false,"potions_floor_spawned":[1,7,13,22,23,31,38,39],"ascension_level":5}