{"gold_per_floor":[110,12,12,29,42,42,76,29,29,29,43,43,43,54,54,152,152,164,164,164,64,76,107,107,120,174,174,174,49,63,82,82,82],"floor_reached":33,"playtime":988,"items_purged":["Strike_G","Strike_G","Strike_G"],"score":358,"play_id":"6387d8e5-33ee-45e5-bbed-7ac86cfd6611","local_time":"20190523221902","is_ascension_mode":true,"campfire_choices":[{"data":"Crippling Poison","floor":6.0,"key":"SMITH"},{"data":"Poisoned Stab","floor":10.0,"key":"SMITH"},{"data":"Bane","floor":15.0,"key":"SMITH"},{"floor":24.0,"key":"REST"},{"floor":28,"key":"REST"},{"floor":32,"key":"REST"}],"neow_cost":"NONE","seed_source_timestamp":0,"circlet_count":0,"master_deck":["Defend_G","Defend_G","Defend_G","Defend_G","Defend_G","Strike_G","Strike_G","Survivor","Neutralize","Poisoned Stab+1","Bane+1","Crippling Poison+1","Poisoned Stab+1","Bane+1","Grand Finale+1","Poisoned Stab+1","Burst"],"special_seed":0,"relics":["Ring of the Snake","Molten Egg 2","Mummified Hand","Calling Bell","Art of War","Shuriken","Tingsha","Potion Belt","Boot"],"potions_floor_usage":[31,33,33,33],"damage_taken":[{"damage":4.0,"enemies":"Small Slimes","floor":1.0,"turns":6.0},{"damage":1.0,"enemies":"Jaw Worm","floor":4.0,"turns":4.0},{"damage":0.0,"enemies":"Cultist","floor":5.0,"turns":3.0},{"damage":24.0,"enemies":"Gremlin Nob","floor":7.0,"turns":4.0},{"damage":1.0,"enemies":"Looter","floor":11.0,"turns":3.0},{"damage":8.0,"enemies":"Exordium Thugs","floor":14.0,"turns":4.0},{"damage":25.0,"enemies":"Hexaghost","floor":16.0,"turns":7.0},{"damage":3.0,"enemies":"Chosen","floor":18.0,"turns":4.0},{"damage":9.0,"enemies":"3 Byrds","floor":22.0,"turns":5.0},{"damage":43.0,"enemies":"Book of Stabbing","floor":23.0,"turns":4.0},{"damage":8,"enemies":"Cultist and Chosen","floor":25,"turns":4},{"damage":24,"enemies":"Colosseum Slavers","floor":27,"turns":4},{"damage":21,"enemies":"Snecko","floor":30,"turns":4},{"damage":3,"enemies":"Chosen and Byrds","floor":31,"turns":3},{"damage":32,"enemies":"Automaton","floor":33,"turns":4}],"seed_played":"34366113327587172","potions_obtained":[{"floor":4.0,"key":"Dexterity Potion"},{"floor":7.0,"key":"GhostInAJar"},{"floor":11.0,"key":"Explosive Potion"},{"floor":16.0,"key":"GhostInAJar"},{"floor":18.0,"key":"PowerPotion"},{"floor":22.0,"key":"AttackPotion"},{"floor":23.0,"key":"SteroidPotion"},{"floor":30,"key":"SneckoOil"}],"is_trial":false,"path_per_floor":["M","$","?","M","M","R","E","$","T","R","M","$","?","M","R","B",null,"M","?","?","$","M","E","R","M","T","?","R","$","M","M","R","B"],"character_chosen":"THE_SILENT","items_purchased":["Poisoned Stab","Poisoned Stab+1"],"campfire_rested":3,"item_purchase_floors":[2,8],"current_hp_per_floor":[66,66,66,65,65,65,41,41,41,41,40,40,65,57,57,32,66,63,63,63,63,54,11,34,26,26,2,25,25,4,1,24,0],"gold":82,"neow_bonus":"TEN_PERCENT_HP_BONUS","is_prod":false,"is_daily":false,"chose_seed":false,"campfire_upgraded":3,"win_rate":0,"timestamp":1558675142,"path_taken":["M","$","?","M","M","R","E","?","T","R","M","$","?","?","R","BOSS","M","?","?","$","M","E","R","?","T","?","R","$","M","M","R","BOSS"],"build_version":"2019-01-23","purchased_purges":3,"victory":false,"max_hp_per_floor":[77,77,77,77,77,77,77,77,77,77,77,77,77,77,77,77,77,77,77,77,77,77,77,77,77,77,77,77,77,77,77,77,77],"card_choices":[{"not_picked":["Underhanded Strike","Slice","Deflect"],"picked":"SKIP","floor":1.0},{"not_picked":["Crippling Poison","Leg Sweep"],"picked":"Bane","floor":4.0},{"not_picked":["Prepared","Deflect"],"picked":"Crippling Poison","floor":5.0},{"not_picked":["Dash","Distraction","Concentrate"],"picked":"SKIP","floor":7.0},{"not_picked":["Calculated Gamble","PiercingWail"],"picked":"Bane+1","floor":11.0},{"not_picked":["Dagger Throw+1","Acrobatics","Bane+1"],"picked":"SKIP","floor":14.0},{"not_picked":["Wraith Form v2","Envenom"],"picked":"Grand Finale+1","floor":16.0},{"not_picked":["Heel Hook+1","Deflect","Backflip"],"picked":"SKIP","floor":18.0},{"not_picked":["Reflex+1","Masterful Stab+1","Flying Knee+1"],"picked":"SKIP","floor":22.0},{"not_picked":["Riddle With Holes+1","Cloak And Dagger"],"picked":"Burst","floor":23.0},{"not_picked":["Deflect","Endless Agony+1","Poisoned Stab+1"],"picked":"SKIP","floor":25},{"not_picked":["Outmaneuver","Dodge and Roll","Acrobatics"],"picked":"SKIP","floor":30},{"not_picked":["Prepared","Blade Dance","PiercingWail"],"picked":"SKIP","floor":31}],"player_experience":409155,"relics_obtained":[{"floor":7.0,"key":"Molten Egg 2"},{"floor":9.0,"key":"Mummified Hand"},{"floor":17.0,"key":"Art of War"},{"floor":17.0,"key":"Shuriken"},{"floor":17.0,"key":"Tingsha"},{"floor":23.0,"key":"Potion Belt"},{"floor":26,"key":"Boot"}],"event_choices":[{"damage_healed":0.0,"max_hp_gain":0.0,"max_hp_loss":0.0,"gold_gain":0.0,"event_name":"The Cleric","player_choice":"Leave","floor":3.0,"gold_loss":0.0,"damage_taken":0.0},{"damage_healed":25.0,"max_hp_gain":0.0,"max_hp_loss":0.0,"gold_gain":0.0,"event_name":"Big Fish","player_choice":"Banana","floor":13.0,"gold_loss":0.0,"damage_taken":0.0},{"damage_healed":0.0,"max_hp_gain":0.0,"max_hp_loss":0.0,"gold_gain":0.0,"event_name":"The Library","player_choice":"Read","floor":20.0,"gold_loss":0.0,"damage_taken":0.0,"cards_obtained":["Poisoned Stab"]},{"damage_healed":0,"gold_gain":0,"player_choice":"Fight","damage_taken":0,"max_hp_gain":0,"max_hp_loss":0,"event_name":"Colosseum","floor":27,"gold_loss":0},{"damage_healed":0,"gold_gain":0,"player_choice":"Fled From Nobs","damage_taken":0,"max_hp_gain":0,"max_hp_loss":0,"event_name":"Colosseum","floor":27,"gold_loss":0}],"is_beta":false,"boss_relics":[{"not_picked":["WristBlade","Astrolabe"],"picked":"Calling Bell"}],"items_purged_floors":[2,21,29],"is_endless":false,"potions_floor_spawned":[4,7,11,16,18,22,23,30],"killed_by":"Automaton","ascension_level":7}