{"gold_per_floor":[110,87,98,98,111,111,144,164,188,201,201,231,231,112,112,217,217,172,172,172,26,26,26,26,26,26,26,26,26,26,26,26,26],"floor_reached":33,"playtime":1074,"items_purged":[],"score":409,"play_id":"cba9b479-ee8d-41e4-b80b-237dbe123c3f","local_time":"20190621121546","is_ascension_mode":true,"campfire_choices":[{"floor":6,"key":"REST"},{"floor":15,"key":"REST"},{"floor":23,"key":"REST"},{"floor":25,"key":"REST"},{"floor":27,"key":"REST"},{"floor":32,"key":"REST"}],"neow_cost":"NONE","seed_source_timestamp":643412916922818,"circlet_count":0,"master_deck":["Defend_G+1","Defend_G","Defend_G+1","Defend_G","Defend_G","Survivor","Neutralize","Poisoned Stab","Deadly Poison","Dash","Deadly Poison","Deadly Poison","Backflip","Noxious Fumes","Heel Hook","Bullet Time","Deadly Poison","Noxious Fumes+1","Bite","Bite","Bite","Bite","Bite","Bouncing Flask","Deadly Poison","Shame","Deadly Poison+1","Quick Slash"],"relics":["Cursed Key","Art of War","Juzu Bracelet","Spirit Poop","Ectoplasm","Vajra","Mercury Hourglass","Boot"],"potions_floor_usage":[16,18,18,18,33,33,33],"damage_taken":[{"damage":9,"enemies":"2 Louse","floor":1,"turns":4},{"damage":0,"enemies":"Small Slimes","floor":3,"turns":3},{"damage":9,"enemies":"Jaw Worm","floor":5,"turns":3},{"damage":15,"enemies":"3 Sentries","floor":7,"turns":10},{"damage":4,"enemies":"Blue Slaver","floor":8,"turns":3},{"damage":0,"enemies":"Red Slaver","floor":10,"turns":4},{"damage":31,"enemies":"Hexaghost","floor":16,"turns":7},{"damage":8,"enemies":"2 Thieves","floor":18,"turns":4},{"damage":14,"enemies":"Spheric Guardian","floor":19,"turns":4},{"damage":20,"enemies":"Cultist and Chosen","floor":22,"turns":6},{"damage":40,"enemies":"Gremlin Leader","floor":24,"turns":6},{"damage":21,"enemies":"3 Cultists","floor":28,"turns":5},{"damage":16,"enemies":"Centurion and Healer","floor":29,"turns":5},{"damage":24,"enemies":"Snake Plant","floor":31,"turns":3},{"damage":71,"enemies":"Automaton","floor":33,"turns":6}],"seed_played":"-8697540864274097042","potions_obtained":[{"floor":3,"key":"Poison Potion"},{"floor":7,"key":"GamblersBrew"},{"floor":8,"key":"Swift Potion"},{"floor":16,"key":"AttackPotion"},{"floor":24,"key":"SpeedPotion"},{"floor":28,"key":"Explosive Potion"},{"floor":31,"key":"Poison Potion"}],"is_trial":false,"path_per_floor":["M","$","M","?","M","R","E","M","T","M","?","?","?","$","R","B",null,"M","M","?","$","M","R","E","R","T","R","M","M","?","M","R","B"],"character_chosen":"THE_SILENT","items_purchased":["Deadly Poison","Noxious Fumes","Heel Hook","Vajra"],"campfire_rested":6,"item_purchase_floors":[2,14,14,21],"current_hp_per_floor":[54,54,54,40,31,52,37,35,35,37,34,34,34,34,55,26,59,53,41,41,41,33,54,28,49,49,70,51,45,45,27,48,0],"gold":26,"neow_bonus":"BOSS_RELIC","is_prod":false,"is_daily":false,"chose_seed":false,"campfire_upgraded":0,"win_rate":0,"timestamp":1561133746,"path_taken":["M","$","M","?","M","R","E","M","T","M","?","?","?","$","R","BOSS","M","M","?","$","M","R","E","R","T","R","M","M","?","M","R","BOSS"],"build_version":"2019-01-23","purchased_purges":0,"victory":false,"max_hp_per_floor":[70,70,70,70,70,70,70,70,70,70,70,70,70,70,70,70,70,70,70,70,70,70,70,70,70,70,70,70,70,70,70,70,70],"card_choices":[{"not_picked":["Underhanded Strike","Slice"],"picked":"Poisoned Stab","floor":1},{"not_picked":["Eviscerate","Blade Dance","Predator"],"picked":"SKIP","floor":3},{"not_picked":["Outmaneuver","Blur"],"picked":"Dash","floor":5},{"not_picked":["Wraith Form v2","Quick Slash"],"picked":"Deadly Poison","floor":7},{"not_picked":["Dash","Well Laid Plans"],"picked":"Deadly Poison","floor":8},{"not_picked":["Sucker Punch","Cloak And Dagger"],"picked":"Backflip","floor":10},{"not_picked":["Adrenaline","Venomology"],"picked":"Bullet Time","floor":16},{"not_picked":["Dagger Spray","Dagger Throw+1"],"picked":"Deadly Poison","floor":18},{"not_picked":["Terror","Dagger Spray"],"picked":"Noxious Fumes+1","floor":19},{"not_picked":["Venomology","Deflect+1"],"picked":"Bouncing Flask","floor":22},{"not_picked":["Outmaneuver+1","Backflip"],"picked":"Deadly Poison","floor":24},{"not_picked":["Dagger Throw","Sucker Punch"],"picked":"Deadly Poison+1","floor":28},{"not_picked":["Blade Dance","Deflect","Acrobatics"],"picked":"SKIP","floor":29},{"not_picked":["Outmaneuver+1","Phantasmal Killer"],"picked":"Quick Slash","floor":31}],"player_experience":478851,"relics_obtained":[{"floor":7,"key":"Blood Vial"},{"floor":9,"key":"Art of War"},{"floor":24,"key":"Mercury Hourglass"},{"floor":26,"key":"Boot"}],"event_choices":[{"damage_healed":0,"gold_gain":0,"player_choice":"Entered Light","damage_taken":14,"max_hp_gain":0,"max_hp_loss":0,"event_name":"Shining Light","floor":4,"gold_loss":0,"cards_upgraded":["Defend_G","Defend_G"]},{"damage_healed":0,"gold_gain":0,"player_choice":"Success","damage_taken":3,"relics_obtained":["Juzu Bracelet"],"max_hp_gain":0,"max_hp_loss":0,"event_name":"Scrap Ooze","floor":11,"gold_loss":0},{"damage_healed":0,"gold_gain":30,"player_choice":"Searched \u00271\u0027 times","damage_taken":0,"max_hp_gain":0,"max_hp_loss":0,"event_name":"Dead Adventurer","floor":12,"gold_loss":0},{"cards_removed":["Writhe"],"damage_healed":0,"gold_gain":0,"player_choice":"Offered Curse","damage_taken":0,"relics_obtained":["Spirit Poop"],"max_hp_gain":0,"max_hp_loss":0,"event_name":"Bonfire Elementals","floor":13,"gold_loss":0},{"damage_healed":0,"gold_gain":0,"player_choice":"Became a vampire (Vial)","damage_taken":0,"max_hp_gain":0,"max_hp_loss":0,"event_name":"Vampires","floor":20,"relics_lost":["Blood Vial"],"gold_loss":0,"cards_obtained":["Bite","Bite","Bite","Bite","Bite"]}],"is_beta":false,"boss_relics":[{"not_picked":["White Beast Statue","Runic Pyramid"],"picked":"Ectoplasm"}],"items_purged_floors":[],"is_endless":false,"potions_floor_spawned":[3,7,8,16,24,28,31],"killed_by":"Automaton","ascension_level":7}