{"gold_per_floor":[115,115,40,40,60,60,92,92,164,164,64,64,77,88,88,190,190,205,205,217,70,70,70,89,109,109,109],"floor_reached":27,"playtime":1978,"items_purged":["Strike_R","Strike_R","Strike_R"],"score":243,"play_id":"583c273c-4318-43b6-9956-3a8b9aa5167c","local_time":"20190210211542","is_ascension_mode":true,"campfire_choices":[{"data":"Bash","floor":6,"key":"SMITH"},{"data":"Pommel Strike","floor":8,"key":"SMITH"},{"data":"Strike_R","floor":12,"key":"SMITH"},{"floor":15,"key":"REST"},{"data":"Flex","floor":23,"key":"SMITH"}],"neow_cost":"NONE","seed_source_timestamp":129452805692700,"circlet_count":0,"master_deck":["Strike_R+1","Strike_R+1","Defend_R+1","Defend_R","Defend_R","Defend_R","Bash+1","Double Tap+1","Pommel Strike+1","Flex+1","Berserk","Thunderclap","Shrug It Off","Seeing Red"],"relics":["Burning Blood","Orichalcum","Bottled Flame","Runic Pyramid","Frozen Egg 2"],"potions_floor_usage":[10,16,18,25,25],"damage_taken":[{"damage":7,"enemies":"2 Louse","floor":1,"turns":2},{"damage":0,"enemies":"Cultist","floor":5,"turns":2},{"damage":34,"enemies":"3 Sentries","floor":7,"turns":7},{"damage":0,"enemies":"Small Slimes","floor":13,"turns":2},{"damage":9,"enemies":"Gremlin Gang","floor":14,"turns":4},{"damage":42,"enemies":"Hexaghost","floor":16,"turns":5},{"damage":12,"enemies":"3 Byrds","floor":18,"turns":3},{"damage":21,"enemies":"Spheric Guardian","floor":20,"turns":4},{"damage":45,"enemies":"Centurion and Healer","floor":24,"turns":5},{"damage":6,"enemies":"3 Cultists","floor":25,"turns":4},{"damage":15,"enemies":"Slavers","floor":27,"turns":1}],"seed_played":"4240483584804628367","potions_obtained":[{"floor":5,"key":"Ancient Potion"},{"floor":7,"key":"LiquidBronze"},{"floor":10,"key":"Fruit Juice"},{"floor":10,"key":"SkillPotion"},{"floor":10,"key":"Weak Potion"},{"floor":16,"key":"EssenceOfSteel"}],"is_trial":false,"path_per_floor":["M","?","$","?","M","R","E","R","T","?","$","R","M","M","R","B",null,"M","?","M","$","?","R","M","M","T","E"],"character_chosen":"IRONCLAD","items_purchased":["Shrug It Off"],"campfire_rested":1,"item_purchase_floors":[21],"current_hp_per_floor":[79,63,63,63,69,69,41,41,41,46,46,46,52,49,74,38,85,79,79,64,64,48,48,9,9,9,0],"gold":109,"neow_bonus":"ONE_RANDOM_RARE_CARD","is_prod":false,"is_daily":false,"chose_seed":false,"campfire_upgraded":4,"win_rate":0,"timestamp":1549862142,"path_taken":["M","?","$","?","?","R","E","R","T","?","$","R","?","M","R","BOSS","M","?","M","$","?","R","M","M","T","E"],"build_version":"2019-01-23","purchased_purges":3,"victory":false,"max_hp_per_floor":[80,80,80,80,80,80,80,80,80,85,85,85,85,85,85,85,85,85,85,85,85,90,90,90,90,90,90],"card_choices":[{"not_picked":["Inflame","Shrug It Off"],"picked":"Pommel Strike","floor":1},{"not_picked":["Rupture","Clothesline","Thunderclap"],"picked":"SKIP","floor":5},{"not_picked":["Headbutt","Dropkick","Perfected Strike"],"picked":"SKIP","floor":7},{"not_picked":["Anger","Warcry"],"picked":"Flex","floor":13},{"not_picked":["Intimidate","Sword Boomerang","Wild Strike"],"picked":"SKIP","floor":14},{"not_picked":["Juggernaut","Fiend Fire"],"picked":"Berserk","floor":16},{"not_picked":["Uppercut","Thunderclap","Sever Soul"],"picked":"SKIP","floor":18},{"not_picked":["Pummel","Anger+1","Power Through"],"picked":"SKIP","floor":20},{"not_picked":["Havoc","Heavy Blade"],"picked":"Seeing Red","floor":24},{"not_picked":["Seeing Red","Clash","Armaments"],"picked":"SKIP","floor":25}],"player_experience":125762,"relics_obtained":[{"floor":7,"key":"Orichalcum"},{"floor":9,"key":"Bottled Flame"},{"floor":26,"key":"Frozen Egg 2"}],"event_choices":[{"damage_healed":0,"gold_gain":0,"player_choice":"Entered Light","damage_taken":16,"max_hp_gain":0,"max_hp_loss":0,"event_name":"Shining Light","floor":2,"gold_loss":0,"cards_upgraded":["Strike_R","Defend_R"]},{"damage_healed":0,"gold_gain":0,"player_choice":"Upgraded","damage_taken":0,"max_hp_gain":0,"max_hp_loss":0,"event_name":"Upgrade Shrine","floor":4,"gold_loss":0,"cards_upgraded":["Double Tap"]},{"damage_healed":0,"gold_gain":0,"player_choice":"Got Potions","damage_taken":0,"max_hp_gain":0,"max_hp_loss":0,"event_name":"Lab","floor":10,"gold_loss":0},{"damage_healed":0,"gold_gain":0,"player_choice":"Read","damage_taken":0,"max_hp_gain":0,"max_hp_loss":0,"event_name":"The Library","floor":19,"gold_loss":0,"cards_obtained":["Thunderclap"]},{"damage_healed":0,"gold_gain":0,"player_choice":"Shed Blood","damage_taken":21,"max_hp_gain":5,"max_hp_loss":0,"event_name":"Forgotten Altar","floor":22,"gold_loss":0}],"is_beta":false,"boss_relics":[{"not_picked":["Black Blood","Lizard Tail"],"picked":"Runic Pyramid"}],"items_purged_floors":[3,11,21],"is_endless":false,"potions_floor_spawned":[5,7,16],"killed_by":"Slavers","ascension_level":3}