{"gold_per_floor":[118,68,68,80,94,94,94,111,111,128,152,187,187,200,200,303,303,320,245,345,345,345,345,360,360,360,260,270,195,110,110,110,110],"floor_reached":33,"playtime":1442,"items_purged":["Strike_R","Defend_R"],"score":353,"play_id":"6f3deba3-1c4e-4b8b-9633-64fd582a25b7","local_time":"20190304105306","is_ascension_mode":true,"campfire_choices":[{"data":"Rage","floor":6,"key":"SMITH"},{"data":"Rage","floor":13,"key":"SMITH"},{"data":"Pommel Strike","floor":15,"key":"SMITH"},{"data":"Body Slam","floor":23,"key":"SMITH"},{"data":"Thunderclap","floor":25,"key":"SMITH"},{"data":"Flex","floor":32,"key":"SMITH"}],"neow_cost":"NONE","seed_source_timestamp":136898990722800,"circlet_count":0,"master_deck":["Defend_R","Bash","Rage+1","Thunderclap+1","Rage+1","Juggernaut","Clash","Pommel Strike+1","Feed","Battle Trance+1","Flex+1","Body Slam+1","Bite","Bite","Bite","Bite","Bite","Combust+1","Writhe"],"relics":["Burning Blood","Sundial","Vajra","Bottled Lightning","Sozu","Nunchaku","Bottled Flame","Gremlin Horn","Frozen Egg 2","Dream Catcher"],"potions_floor_usage":[12,14,16],"damage_taken":[{"damage":4,"enemies":"Jaw Worm","floor":1,"turns":4},{"damage":0,"enemies":"Cultist","floor":4,"turns":4},{"damage":0,"enemies":"2 Louse","floor":5,"turns":3},{"damage":1,"enemies":"Red Slaver","floor":8,"turns":4},{"damage":0,"enemies":"Exordium Wildlife","floor":10,"turns":3},{"damage":4,"enemies":"Lagavulin","floor":12,"turns":5},{"damage":0,"enemies":"Looter","floor":14,"turns":2},{"damage":39,"enemies":"Hexaghost","floor":16,"turns":8},{"damage":14,"enemies":"2 Thieves","floor":18,"turns":4},{"damage":9,"enemies":"Colosseum Slavers","floor":20,"turns":4},{"damage":16,"enemies":"Colosseum Nobs","floor":20,"turns":6},{"damage":1,"enemies":"Spheric Guardian","floor":24,"turns":3},{"damage":0,"enemies":"Chosen and Byrds","floor":28,"turns":3},{"damage":86,"enemies":"Champ","floor":33,"turns":8}],"seed_played":"-4848287691213770392","potions_obtained":[{"floor":5,"key":"Fire Potion"},{"floor":10,"key":"SpeedPotion"},{"floor":12,"key":"Energy Potion"}],"is_trial":false,"path_per_floor":["M","?","?","M","M","R","?","M","T","M","T","E","R","M","R","B",null,"M","$","?","?","?","R","M","R","T","$","M","?","?","?","R","B"],"character_chosen":"IRONCLAD","items_purchased":[],"campfire_rested":0,"item_purchase_floors":[],"current_hp_per_floor":[74,74,74,80,80,80,80,80,80,80,80,80,80,80,80,47,72,67,67,57,57,57,57,60,60,60,60,63,63,63,63,63,0],"gold":110,"neow_bonus":"THREE_CARDS","is_prod":false,"is_daily":false,"chose_seed":false,"campfire_upgraded":6,"win_rate":0,"timestamp":1551725586,"path_taken":["M","?","?","?","M","R","?","?","T","M","?","E","R","M","R","BOSS","M","$","?","?","?","R","M","R","T","$","?","?","?","?","R","BOSS"],"build_version":"2019-01-23","purchased_purges":2,"victory":false,"max_hp_per_floor":[80,80,80,80,80,80,80,80,80,80,80,80,80,80,80,80,80,83,83,86,86,60,60,60,60,60,60,63,63,63,63,63,63],"card_choices":[{"not_picked":["Bloodletting","Havoc"],"picked":"Rage","floor":0},{"not_picked":["Twin Strike","Headbutt"],"picked":"Thunderclap","floor":1},{"not_picked":["Sentinel","Shrug It Off"],"picked":"Rage","floor":4},{"not_picked":["Headbutt","Dual Wield","Clothesline"],"picked":"SKIP","floor":5},{"not_picked":["Clothesline","True Grit","Havoc"],"picked":"SKIP","floor":8},{"not_picked":["Whirlwind","Heavy Blade","Combust"],"picked":"SKIP","floor":10},{"not_picked":["Hemokinesis","Heavy Blade"],"picked":"Clash","floor":12},{"not_picked":["Flex","Seeing Red"],"picked":"Pommel Strike","floor":14},{"not_picked":["Offering","Reaper"],"picked":"Feed","floor":16},{"not_picked":["Headbutt+1","Flex"],"picked":"Battle Trance+1","floor":18},{"not_picked":["Perfected Strike","Clothesline+1"],"picked":"Flex","floor":20},{"not_picked":["Anger","Offering","Thunderclap"],"picked":"SKIP","floor":24},{"not_picked":["Flex","Rupture+1"],"picked":"Combust+1","floor":28}],"player_experience":263772,"relics_obtained":[{"floor":9,"key":"Sundial"},{"floor":11,"key":"Vajra"},{"floor":12,"key":"Bottled Lightning"},{"floor":20,"key":"Nunchaku"},{"floor":20,"key":"Bottled Flame"},{"floor":26,"key":"Gremlin Horn"}],"event_choices":[{"cards_removed":["Strike_R"],"damage_healed":0,"gold_gain":0,"player_choice":"Card Removal","damage_taken":0,"max_hp_gain":0,"max_hp_loss":0,"event_name":"The Cleric","floor":2,"gold_loss":50},{"cards_removed":["Defend_R"],"damage_healed":0,"gold_gain":0,"player_choice":"Purged","damage_taken":0,"max_hp_gain":0,"max_hp_loss":0,"event_name":"Purifier","floor":3,"gold_loss":0},{"damage_healed":0,"gold_gain":0,"player_choice":"1 cards matched","damage_taken":0,"max_hp_gain":0,"max_hp_loss":0,"event_name":"Match and Keep!","floor":7,"gold_loss":0,"cards_obtained":["Juggernaut"]},{"damage_healed":0,"gold_gain":0,"player_choice":"Fight","damage_taken":0,"max_hp_gain":0,"max_hp_loss":0,"event_name":"Colosseum","floor":20,"gold_loss":0},{"damage_healed":0,"gold_gain":0,"player_choice":"Fought Nobs","damage_taken":0,"max_hp_gain":0,"max_hp_loss":0,"event_name":"Colosseum","floor":20,"gold_loss":0},{"damage_healed":0,"gold_gain":0,"player_choice":"Read","damage_taken":0,"max_hp_gain":0,"max_hp_loss":0,"event_name":"The Library","floor":21,"gold_loss":0,"cards_obtained":["Body Slam"]},{"damage_healed":0,"gold_gain":0,"player_choice":"Became a vampire","damage_taken":0,"max_hp_gain":0,"max_hp_loss":26,"event_name":"Vampires","floor":22,"gold_loss":0,"cards_obtained":["Bite","Bite","Bite","Bite","Bite"]},{"cards_removed":["Defend_R"],"damage_healed":0,"gold_gain":0,"player_choice":"Gave Gold","damage_taken":0,"max_hp_gain":0,"max_hp_loss":0,"event_name":"Beggar","floor":29,"gold_loss":75},{"damage_healed":0,"gold_gain":0,"player_choice":"Obtained Relic","damage_taken":0,"relics_obtained":["Frozen Egg 2"],"max_hp_gain":0,"max_hp_loss":0,"event_name":"Addict","floor":30,"gold_loss":85},{"damage_healed":0,"gold_gain":0,"player_choice":"Opened","damage_taken":0,"relics_obtained":["Dream Catcher"],"max_hp_gain":0,"max_hp_loss":0,"event_name":"The Mausoleum","floor":31,"gold_loss":0,"cards_obtained":["Writhe"]}],"is_beta":false,"boss_relics":[{"not_picked":["Black Star","Runic Cube"],"picked":"Sozu"}],"items_purged_floors":[19,27],"is_endless":false,"potions_floor_spawned":[5,10,12,20,24,28],"killed_by":"Champ","ascension_level":7}