{"gold_per_floor":[112,112,130,142,161,86,102,102,102,116,129,140,140,151,151,247,247,263,362,362,70,70,70,83,93,170,170,45,45,60,35,35,132,132,150,168,128,139,149,149,249,249,249,267,287,137,0,13,13,13],"floor_reached":51,"playtime":4974,"items_purged":["Defend_B","Strike_B","Strike_B","Defend_B"],"score":645,"play_id":"89680b62-45e1-4903-bf19-3675db3286e4","local_time":"20190218210927","is_ascension_mode":false,"campfire_choices":[{"floor":13.0,"key":"REST"},{"floor":15.0,"key":"REST"},{"data":"Storm","floor":23,"key":"SMITH"},{"floor":27,"key":"REST"},{"floor":32,"key":"REST"},{"floor":40,"key":"REST"},{"floor":42,"key":"REST"},{"floor":49,"key":"REST"}],"neow_cost":"NONE","seed_source_timestamp":80746595352400,"circlet_count":0,"master_deck":["Zap","Dualcast","Storm+1","Ball Lightning","Static Discharge","Barrage","Conserve Battery","Beam Cell","Redo+1","White Noise+1","Electrodynamics","White Noise+1","All For One+1","Leap+1","Fission+1","Barrage+1","Ball Lightning+1","Storm","Redo+1","Static Discharge","Beam Cell+1","Hologram+1","White Noise+1"],"special_seed":0,"relics":["Cracked Core","Centennial Puzzle","CultistMask","Toxic Egg 2","Inserter","DollysMirror","Molten Egg 2","Empty Cage","Turnip","Dodecahedron","Red Mask"],"potions_floor_usage":[33,33,39,44,50,50],"damage_taken":[{"damage":3.0,"enemies":"Jaw Worm","floor":1.0,"turns":4.0},{"damage":0.0,"enemies":"Small Slimes","floor":3.0,"turns":3.0},{"damage":1.0,"enemies":"Cultist","floor":4.0,"turns":3.0},{"damage":2.0,"enemies":"Large Slime","floor":5.0,"turns":4.0},{"damage":14.0,"enemies":"Blue Slaver","floor":7.0,"turns":3.0},{"damage":14.0,"enemies":"Exordium Wildlife","floor":10.0,"turns":3.0},{"damage":10.0,"enemies":"3 Louse","floor":11.0,"turns":3.0},{"damage":13.0,"enemies":"Red Slaver","floor":12.0,"turns":2.0},{"damage":6.0,"enemies":"Exordium Thugs","floor":14.0,"turns":2.0},{"damage":0.0,"enemies":"Slime Boss","floor":16.0,"turns":5.0},{"damage":15.0,"enemies":"Shell Parasite","floor":18.0,"turns":3.0},{"damage":10,"enemies":"3 Byrds","floor":24,"turns":2},{"damage":18,"enemies":"Snecko","floor":25,"turns":4},{"damage":40,"enemies":"Shelled Parasite and Fungi","floor":30,"turns":3},{"damage":11,"enemies":"Collector","floor":33,"turns":6},{"damage":14,"enemies":"3 Darklings","floor":35,"turns":3},{"damage":15,"enemies":"Orb Walker","floor":36,"turns":3},{"damage":24,"enemies":"Jaw Worm Horde","floor":38,"turns":2},{"damage":1,"enemies":"4 Shapes","floor":39,"turns":3},{"damage":0,"enemies":"Mind Bloom Boss Battle","floor":41,"turns":4},{"damage":0,"enemies":"3 Darklings","floor":44,"turns":3},{"damage":0,"enemies":"Transient","floor":45,"turns":5},{"damage":5,"enemies":"Jaw Worm Horde","floor":48,"turns":2},{"damage":43,"enemies":"Donu and Deca","floor":50,"turns":5}],"seed_played":"4525641145569230513","potions_obtained":[{"floor":1.0,"key":"GamblersBrew"},{"floor":4.0,"key":"Regen Potion"},{"floor":5.0,"key":"Strength Potion"},{"floor":10.0,"key":"SkillPotion"},{"floor":25,"key":"Block Potion"},{"floor":30,"key":"AttackPotion"},{"floor":33,"key":"SteroidPotion"},{"floor":38,"key":"Block Potion"},{"floor":39,"key":"FearPotion"},{"floor":45,"key":"Fire Potion"}],"is_trial":false,"path_per_floor":["M","?","M","M","M","$","M","?","T","M","M","M","R","M","R","B",null,"M","?","?","$","?","R","M","M","T","R","$","?","M","$","R","B",null,"M","M","$","M","M","R","?","R","T","M","M","$","?","M","R","B",null],"character_chosen":"DEFECT","items_purchased":["DollysMirror","Leap+1","Storm"],"campfire_rested":7,"item_purchase_floors":[21,31,37],"current_hp_per_floor":[72,72,72,71,69,69,55,55,55,53,43,30,52,46,68,68,75,60,60,60,60,60,60,50,32,32,54,54,54,14,14,36,25,75,61,46,46,22,21,43,43,65,65,65,65,65,65,60,75,32],"gold":13,"neow_bonus":"RANDOM_COMMON_RELIC","is_prod":false,"is_daily":false,"chose_seed":false,"campfire_upgraded":1,"win_rate":0.0,"timestamp":1550552967,"path_taken":["M","?","M","M","M","?","M","?","T","M","?","M","R","M","R","BOSS","M","?","?","?","?","R","M","M","T","R","$","?","?","$","R","BOSS","M","M","$","M","M","R","?","R","T","M","M","$","?","M","R","BOSS"],"build_version":"2019-01-23","purchased_purges":4,"victory":true,"max_hp_per_floor":[75,75,75,75,75,75,75,75,75,75,75,75,75,75,75,75,75,75,75,75,75,75,75,75,75,75,75,75,75,75,75,75,75,75,75,75,75,75,75,75,75,75,75,75,75,75,75,75,75,75],"card_choices":[{"not_picked":["Fusion","Ball Lightning"],"picked":"Storm","floor":1.0},{"not_picked":["FTL","Consume"],"picked":"Ball Lightning","floor":3.0},{"not_picked":["Barrage","Compile Driver"],"picked":"Static Discharge","floor":4.0},{"not_picked":["Undo","Force Field"],"picked":"Barrage","floor":5.0},{"not_picked":["Turbo","Compile Driver"],"picked":"Conserve Battery","floor":7.0},{"not_picked":["Gash","Stack+1"],"picked":"Beam Cell","floor":10.0},{"not_picked":["Recycle+1","Go for the Eyes"],"picked":"Redo+1","floor":11.0},{"not_picked":["Conserve Battery+1","Go for the Eyes"],"picked":"White Noise+1","floor":12.0},{"not_picked":["Force Field+1","Stack+1","Compile Driver"],"picked":"SKIP","floor":14.0},{"not_picked":["Seek+1","Biased Cognition"],"picked":"Electrodynamics","floor":16.0},{"not_picked":["Rebound","Turbo+1","Streamline"],"picked":"SKIP","floor":18.0},{"not_picked":["Stack+1","Rip and Tear","Sweeping Beam"],"picked":"SKIP","floor":24},{"not_picked":["Rebound+1","Streamline","Barrage"],"picked":"SKIP","floor":25},{"not_picked":["Sweeping Beam+1","Streamline+1"],"picked":"All For One+1","floor":30},{"not_picked":["Meteor Strike+1","All For One+1"],"picked":"Fission+1","floor":33},{"not_picked":["Static Discharge","Coolheaded+1"],"picked":"Barrage+1","floor":35},{"not_picked":["Sweeping Beam+1","Barrage+1"],"picked":"Ball Lightning+1","floor":36},{"not_picked":["Auto Shields+1","BootSequence+1"],"picked":"Redo+1","floor":38},{"not_picked":["Redo+1","Leap+1"],"picked":"Static Discharge","floor":39},{"not_picked":["Rip and Tear+1","Go for the Eyes+1"],"picked":"Beam Cell+1","floor":41},{"not_picked":["Rebound+1","Rip and Tear+1"],"picked":"Hologram+1","floor":44},{"not_picked":["Force Field+1","Cold Snap+1"],"picked":"White Noise+1","floor":45},{"not_picked":["Coolheaded+1","Leap+1","Sweeping Beam+1"],"picked":"SKIP","floor":48}],"player_experience":195039,"relics_obtained":[{"floor":9.0,"key":"Toxic Egg 2"},{"floor":26,"key":"Molten Egg 2"},{"floor":41,"key":"Turnip"},{"floor":43,"key":"Dodecahedron"}],"event_choices":[{"damage_healed":0.0,"max_hp_gain":0.0,"max_hp_loss":0.0,"gold_gain":0.0,"event_name":"Liars Game","player_choice":"Ignored","floor":2.0,"gold_loss":0.0,"damage_taken":0.0},{"damage_healed":0.0,"max_hp_gain":0.0,"max_hp_loss":0.0,"gold_gain":0.0,"event_name":"FaceTrader","player_choice":"Trade","floor":8.0,"gold_loss":0.0,"damage_taken":0.0,"relics_obtained":["CultistMask"]},{"damage_healed":0.0,"max_hp_gain":0.0,"max_hp_loss":0.0,"gold_gain":99.0,"event_name":"Nest","player_choice":"Stole From Cult","floor":19.0,"gold_loss":0.0,"damage_taken":0.0},{"damage_healed":0.0,"max_hp_gain":0.0,"max_hp_loss":0.0,"gold_gain":0.0,"event_name":"Vampires","player_choice":"Ignored","floor":20.0,"gold_loss":0.0,"damage_taken":0.0},{"cards_removed":["Strike_B"],"damage_healed":0,"gold_gain":0,"player_choice":"Elegance","damage_taken":0,"max_hp_gain":0,"max_hp_loss":0,"event_name":"Back to Basics","floor":22,"gold_loss":0},{"cards_removed":["Strike_B"],"damage_healed":0,"gold_gain":0,"player_choice":"Offered Basic","damage_taken":0,"max_hp_gain":0,"max_hp_loss":0,"event_name":"Bonfire Elementals","floor":29,"gold_loss":0},{"damage_healed":0,"gold_gain":0,"player_choice":"Fight","damage_taken":0,"max_hp_gain":0,"max_hp_loss":0,"event_name":"MindBloom","floor":41,"gold_loss":0},{"damage_healed":0,"gold_gain":0,"player_choice":"Paid","damage_taken":0,"relics_obtained":["Red Mask"],"max_hp_gain":0,"max_hp_loss":0,"event_name":"Tomb of Lord Red Mask","floor":47,"gold_loss":137}],"is_beta":false,"boss_relics":[{"not_picked":["White Beast Statue","Ectoplasm"],"picked":"Inserter"},{"not_picked":["Snecko Eye","Cursed Key"],"picked":"Empty Cage"}],"items_purged_floors":[6,21,28,46],"is_endless":false,"potions_floor_spawned":[1,4,5,10,25,30,33,38,39,45],"ascension_level":0}