{"gold_per_floor":[115,115,115,115,115,171,182,182,250,265,32,42,42,70,70,70],"floor_reached":16,"playtime":940,"items_purged":["Strike_G"],"score":166,"play_id":"08d79582-4a44-43b2-88e8-b2c891423c04","local_time":"20180901005939","is_ascension_mode":true,"campfire_choices":[{"data":"Neutralize","floor":8,"key":"SMITH"},{"floor":13,"key":"REST"},{"floor":15,"key":"REST"}],"neow_cost":"NONE","seed_source_timestamp":233501179798963,"circlet_count":0,"master_deck":["Defend_G","Defend_G","Defend_G","Defend_G","Defend_G","Strike_G","Strike_G","Strike_G","Survivor","Neutralize+1","Skewer+1","Dagger Throw","Blur","Infinite Blades","A Thousand Cuts","Flying Knee","Leg Sweep"],"relics":["Ring of the Snake","NeowsBlessing","Tiny Chest","Meat on the Bone","Question Card"],"potions_floor_usage":[12,14],"damage_taken":[{"damage":0,"enemies":"Jaw Worm","floor":1,"turns":1},{"damage":0,"enemies":"3 Sentries","floor":6,"turns":1},{"damage":0,"enemies":"Cultist","floor":7,"turns":1},{"damage":0,"enemies":"2 Louse","floor":10,"turns":2},{"damage":21,"enemies":"Lots of Slimes","floor":12,"turns":4},{"damage":12,"enemies":"Lagavulin","floor":14,"turns":7},{"damage":75,"enemies":"Hexaghost","floor":16,"turns":15}],"seed_played":"5595824929980579801","potions_obtained":[{"floor":6,"key":"SkillPotion"},{"floor":7,"key":"Fire Potion"}],"is_trial":false,"path_per_floor":["M","?","?","?","?","E","M","R","T","M","$","M","R","E","R"],"character_chosen":"THE_SILENT","items_purchased":["A Thousand Cuts"],"campfire_rested":2,"item_purchase_floors":[11],"current_hp_per_floor":[70,70,70,70,70,70,70,70,70,70,70,49,70,58,70,0],"gold":70,"neow_bonus":"THREE_ENEMY_KILL","is_prod":false,"is_daily":false,"chose_seed":false,"campfire_upgraded":1,"win_rate":0,"timestamp":1535759979,"path_taken":["M","?","?","?","?","E","M","R","T","M","$","?","R","E","R","BOSS"],"build_version":"2018-08-30","purchased_purges":1,"victory":false,"max_hp_per_floor":[70,70,70,70,70,70,70,70,70,70,70,70,70,70,70,70],"card_choices":[{"not_picked":["Deflect","Well Laid Plans"],"picked":"Skewer","floor":1},{"not_picked":["Acrobatics","Finisher"],"picked":"Dagger Throw","floor":6},{"not_picked":["Quick Slash","Poisoned Stab"],"picked":"Blur","floor":7},{"not_picked":["Prepared","Bane"],"picked":"Infinite Blades","floor":10},{"not_picked":["Predator","Masterful Stab"],"picked":"Flying Knee","floor":12},{"not_picked":["Terror","Concentrate"],"picked":"Leg Sweep","floor":14}],"player_experience":658787,"relics_obtained":[{"floor":6,"key":"Tiny Chest"},{"floor":9,"key":"Meat on the Bone"},{"floor":14,"key":"Question Card"}],"event_choices":[{"event_name":"Bonfire Elementals","player_choice":"BASIC","floor":2,"damage_taken":0},{"event_name":"Living Wall","player_choice":"Grow","floor":3,"damage_taken":0},{"event_name":"Shining Light","player_choice":"Ignored","floor":4,"damage_taken":0},{"event_name":"Liars Game","player_choice":"disagreed","floor":5,"damage_taken":0}],"is_beta":false,"boss_relics":[],"items_purged_floors":[11],"is_endless":false,"potions_floor_spawned":[6,7],"killed_by":"Hexaghost","ascension_level":5}