{"gold_per_floor":[13,13,13,38,88,88,88,88,114,139,169,106,106,142,142,142],"floor_reached":16,"playtime":462,"items_purged":["Strike_R"],"score":186,"play_id":"3b4f297f-67b9-423a-85bb-6c791ef083e0","local_time":"20190730132422","is_ascension_mode":true,"campfire_choices":[{"data":"Bash","floor":6,"key":"SMITH"},{"data":"Defend_R","floor":8,"key":"SMITH"},{"data":"Feed","floor":13,"key":"SMITH"},{"floor":15,"key":"REST"}],"neow_cost":"NO_GOLD","seed_source_timestamp":421686681860800,"circlet_count":0,"master_deck":["AscendersBane","Strike_R","Strike_R","Strike_R","Defend_R","Defend_R+1","Defend_R","Bash+1","Thunderclap+1","Feed+1"],"relics":["Burning Blood","Golden Idol","Boot","MawBank","Ancient Tea Set"],"potions_floor_usage":[14,16,16],"damage_taken":[{"damage":4,"enemies":"Small Slimes","floor":1,"turns":4},{"damage":4,"enemies":"2 Louse","floor":4,"turns":4},{"damage":0,"enemies":"Jaw Worm","floor":10,"turns":3},{"damage":9,"enemies":"3 Louse","floor":11,"turns":4},{"damage":31,"enemies":"Gremlin Nob","floor":14,"turns":4},{"damage":66,"enemies":"Hexaghost","floor":16,"turns":11}],"seed_played":"486271365266191970","potions_obtained":[{"floor":4,"key":"LiquidBronze"},{"floor":11,"key":"Fire Potion"},{"floor":14,"key":"Weak Potion"}],"is_trial":false,"path_per_floor":["M","?","?","M","T","R","?","R","T","M","M","$","R","E","R","B"],"character_chosen":"IRONCLAD","items_purchased":[],"campfire_rested":1,"item_purchase_floors":[],"current_hp_per_floor":[70,68,68,68,68,68,68,68,68,68,65,65,65,44,65,0],"gold":142,"neow_bonus":"REMOVE_TWO","is_prod":false,"is_daily":false,"chose_seed":false,"campfire_upgraded":3,"win_rate":0,"timestamp":1564518262,"path_taken":["M","?","?","M","?","R","?","R","T","M","?","$","R","E","R","BOSS"],"build_version":"2019-07-17","purchased_purges":1,"victory":false,"max_hp_per_floor":[75,68,68,68,68,68,68,68,68,68,68,68,68,72,72,72],"card_choices":[{"not_picked":["Pommel Strike","Havoc","Shrug It Off"],"picked":"SKIP","floor":1},{"not_picked":["Intimidate","Disarm"],"picked":"Thunderclap","floor":4},{"not_picked":["Blood for Blood","Second Wind","Clash"],"picked":"SKIP","floor":10},{"not_picked":["Headbutt","True Grit"],"picked":"Feed","floor":11},{"not_picked":["Berserk","Cleave","Headbutt"],"picked":"SKIP","floor":14}],"player_experience":474468,"relics_obtained":[{"floor":5,"key":"Boot"},{"floor":9,"key":"MawBank"},{"floor":14,"key":"Ancient Tea Set"}],"event_choices":[{"damage_healed":0,"gold_gain":0,"player_choice":"Lose Max HP","damage_taken":0,"relics_obtained":["Golden Idol"],"max_hp_gain":0,"max_hp_loss":7,"event_name":"Golden Idol","floor":2,"gold_loss":0},{"damage_healed":0,"gold_gain":0,"player_choice":"Ignored","damage_taken":0,"max_hp_gain":0,"max_hp_loss":0,"event_name":"Liars Game","floor":3,"gold_loss":0},{"damage_healed":0,"gold_gain":0,"player_choice":"Grow","damage_taken":0,"max_hp_gain":0,"max_hp_loss":0,"event_name":"Living Wall","floor":7,"gold_loss":0,"cards_upgraded":["Thunderclap"]}],"is_beta":false,"boss_relics":[],"items_purged_floors":[12],"is_endless":false,"potions_floor_spawned":[4,11,14],"killed_by":"Hexaghost","ascension_level":18}