{"gold_per_floor":[109,109,109,34,34,34,48,48,71,94,94,194,214,232,232,232],"floor_reached":16,"playtime":544,"items_purged":["Defend_G"],"score":95,"play_id":"c387f808-4c32-4853-bb26-b48bf5a78850","local_time":"20190212140831","is_ascension_mode":true,"campfire_choices":[{"data":"Unload","floor":6,"key":"SMITH"},{"data":"Footwork","floor":8,"key":"SMITH"},{"floor":15,"key":"REST"}],"neow_cost":"NONE","seed_source_timestamp":278072755613300,"circlet_count":0,"master_deck":["Defend_G","Defend_G","Defend_G","Defend_G","Strike_G","Strike_G","Strike_G","Survivor","Neutralize","Unload+1","Concentrate","Footwork+1","All Out Attack","Quick Slash"],"relics":["Ring of the Snake","Golden Idol","Happy Flower"],"potions_floor_usage":[16,16],"damage_taken":[{"damage":0,"enemies":"Small Slimes","floor":1,"turns":3},{"damage":0,"enemies":"2 Louse","floor":7,"turns":3},{"damage":4,"enemies":"Cultist","floor":10,"turns":4},{"damage":9,"enemies":"Blue Slaver","floor":13,"turns":3},{"damage":0,"enemies":"Exordium Wildlife","floor":14,"turns":4},{"damage":70,"enemies":"Slime Boss","floor":16,"turns":8}],"seed_played":"-3644170954690621454","potions_obtained":[{"floor":1,"key":"LiquidBronze"},{"floor":13,"key":"FearPotion"}],"is_trial":false,"path_per_floor":["M","?","?","$","?","R","M","R","T","M","$","?","M","M","R","B"],"character_chosen":"THE_SILENT","items_purchased":[],"campfire_rested":1,"item_purchase_floors":[],"current_hp_per_floor":[70,65,58,58,58,58,58,58,58,54,54,54,45,45,64,0],"gold":232,"neow_bonus":"ONE_RANDOM_RARE_CARD","is_prod":false,"is_daily":false,"chose_seed":false,"campfire_upgraded":2,"win_rate":0,"timestamp":1550009311,"path_taken":["M","?","?","$","?","R","M","R","T","M","$","?","M","M","R","BOSS"],"build_version":"2019-01-23","purchased_purges":1,"victory":false,"max_hp_per_floor":[70,65,65,65,65,65,65,65,65,65,65,65,65,65,65,65],"card_choices":[{"not_picked":["Leg Sweep","Setup"],"picked":"Concentrate","floor":1},{"not_picked":["Deadly Poison","Predator"],"picked":"Footwork","floor":7},{"not_picked":["Bane","Sucker Punch"],"picked":"All Out Attack","floor":10},{"not_picked":["Tactician","Slice"],"picked":"Quick Slash","floor":13},{"not_picked":["Blade Dance","Acrobatics","Predator"],"picked":"SKIP","floor":14}],"player_experience":151802,"relics_obtained":[{"floor":9,"key":"Happy Flower"}],"event_choices":[{"damage_healed":0,"gold_gain":0,"player_choice":"Lose Max HP","damage_taken":0,"relics_obtained":["Golden Idol"],"max_hp_gain":0,"max_hp_loss":5,"event_name":"Golden Idol","floor":2,"gold_loss":0},{"cards_removed":["Strike_G"],"damage_healed":0,"gold_gain":0,"player_choice":"Card Removal","damage_taken":7,"max_hp_gain":0,"max_hp_loss":0,"event_name":"Golden Wing","floor":3,"gold_loss":0},{"cards_removed":["Strike_G"],"damage_healed":0,"gold_gain":0,"player_choice":"Forget","damage_taken":0,"max_hp_gain":0,"max_hp_loss":0,"event_name":"Living Wall","floor":5,"gold_loss":0},{"damage_healed":0,"gold_gain":100,"player_choice":"Gold","damage_taken":0,"max_hp_gain":0,"max_hp_loss":0,"event_name":"Wheel of Change","floor":12,"gold_loss":0}],"is_beta":false,"boss_relics":[],"items_purged_floors":[4],"is_endless":false,"potions_floor_spawned":[1,13],"killed_by":"Slime Boss","ascension_level":1}