{"gold_per_floor":[112,112,127,77,89,115,115,4,58,58,58,58,58,81,81,200,200,219,144,144,165,178,178,78,78,127,2,20,59,59,59,59,59],"floor_reached":33,"playtime":810,"items_purged":["Defend_R","Strike_R","Strike_R"],"score":389,"play_id":"da56aa6e-bc3e-497a-8c16-ec9728863d71","local_time":"20190219112237","is_ascension_mode":true,"campfire_choices":[{"data":"Immolate","floor":7,"key":"SMITH"},{"data":"Inflame","floor":10,"key":"SMITH"},{"data":"Flex","floor":12,"key":"SMITH"},{"data":"Bash","floor":15,"key":"SMITH"},{"data":"Thunderclap","floor":23,"key":"SMITH"},{"data":"Immolate","floor":25,"key":"SMITH"},{"data":"Whirlwind","floor":30,"key":"SMITH"},{"floor":32,"key":"REST"}],"neow_cost":"NONE","seed_source_timestamp":136133410511300,"circlet_count":0,"master_deck":["Strike_R","Strike_R","Defend_R","Defend_R","Bash+1","Immolate+1","Flex+1","Inflame+1","Whirlwind+1","Immolate+1","Thunderclap+1"],"relics":["Burning Blood","Oddly Smooth Stone","Tiny Chest","Golden Idol","Busted Crown","Regal Pillow","Anchor","Omamori"],"potions_floor_usage":[6,16,22,33,33],"damage_taken":[{"damage":0,"enemies":"Small Slimes","floor":1,"turns":3},{"damage":0,"enemies":"Cultist","floor":3,"turns":2},{"damage":0,"enemies":"2 Louse","floor":5,"turns":1},{"damage":5,"enemies":"3 Sentries","floor":6,"turns":2},{"damage":0,"enemies":"2 Fungi Beasts","floor":14,"turns":2},{"damage":0,"enemies":"Slime Boss","floor":16,"turns":6},{"damage":6,"enemies":"3 Byrds","floor":18,"turns":2},{"damage":11,"enemies":"Spheric Guardian","floor":21,"turns":3},{"damage":0,"enemies":"3 Cultists","floor":22,"turns":1},{"damage":4,"enemies":"Snecko","floor":28,"turns":3},{"damage":39,"enemies":"Book of Stabbing","floor":29,"turns":4},{"damage":84,"enemies":"Champ","floor":33,"turns":5}],"seed_played":"-2378996439854239755","potions_obtained":[{"floor":1,"key":"Swift Potion"},{"floor":5,"key":"Swift Potion"},{"floor":16,"key":"SteroidPotion"},{"floor":18,"key":"Dexterity Potion"},{"floor":28,"key":"PowerPotion"}],"is_trial":false,"path_per_floor":["M","?","M","?","M","E","R","$","T","R","?","R","$","M","R","B",null,"M","?","T","M","M","R","$","R","T","$","M","E","R","?","R","B"],"character_chosen":"IRONCLAD","items_purchased":["Inflame"],"campfire_rested":1,"item_purchase_floors":[8],"current_hp_per_floor":[80,80,80,80,80,80,80,80,80,80,60,60,60,66,66,72,78,78,78,78,73,79,79,79,79,79,79,80,47,47,47,80,0],"gold":59,"neow_bonus":"ONE_RANDOM_RARE_CARD","is_prod":false,"is_daily":false,"chose_seed":false,"campfire_upgraded":7,"win_rate":0,"timestamp":1550604157,"path_taken":["M","?","?","?","M","E","R","$","T","R","?","R","?","M","R","BOSS","M","?","?","M","M","R","$","R","T","$","?","E","R","?","R","BOSS"],"build_version":"2019-01-23","purchased_purges":3,"victory":false,"max_hp_per_floor":[80,80,80,80,80,80,80,80,80,80,80,80,80,80,80,80,80,80,80,80,80,80,80,80,80,80,80,80,80,80,80,80,80],"card_choices":[{"not_picked":["Infernal Blade","Metallicize"],"picked":"Flex","floor":1},{"not_picked":["Sentinel","Armaments","Anger"],"picked":"SKIP","floor":3},{"not_picked":["Warcry","Second Wind","Heavy Blade"],"picked":"SKIP","floor":5},{"not_picked":["Flame Barrier","Dual Wield","Pummel"],"picked":"SKIP","floor":6},{"not_picked":["Sever Soul","Evolve"],"picked":"Whirlwind","floor":14},{"not_picked":["Brutality","Reaper"],"picked":"Immolate","floor":16},{"not_picked":["Rupture"],"picked":"SKIP","floor":18},{"not_picked":["Combust+1"],"picked":"SKIP","floor":21},{"not_picked":["Combust+1"],"picked":"SKIP","floor":21},{"not_picked":[],"picked":"Thunderclap","floor":22},{"not_picked":["Combust"],"picked":"SKIP","floor":28},{"not_picked":["Body Slam"],"picked":"SKIP","floor":29}],"player_experience":211995,"relics_obtained":[{"floor":6,"key":"Oddly Smooth Stone"},{"floor":9,"key":"Tiny Chest"},{"floor":20,"key":"Regal Pillow"},{"floor":26,"key":"Anchor"},{"floor":29,"key":"Omamori"}],"event_choices":[{"damage_healed":0,"gold_gain":0,"player_choice":"Bought 0 Potions","damage_taken":0,"max_hp_gain":0,"max_hp_loss":0,"event_name":"The Woman in Blue","floor":2,"gold_loss":0},{"cards_removed":["Strike_R"],"damage_healed":0,"gold_gain":0,"player_choice":"Card Removal","damage_taken":0,"max_hp_gain":0,"max_hp_loss":0,"event_name":"The Cleric","floor":4,"gold_loss":50},{"damage_healed":0,"gold_gain":0,"player_choice":"Take Damage","damage_taken":20,"relics_obtained":["Golden Idol"],"max_hp_gain":0,"max_hp_loss":0,"event_name":"Golden Idol","floor":11,"gold_loss":0},{"cards_removed":["Defend_R"],"damage_healed":0,"gold_gain":0,"player_choice":"Gave Gold","damage_taken":0,"max_hp_gain":0,"max_hp_loss":0,"event_name":"Beggar","floor":19,"gold_loss":75}],"is_beta":false,"boss_relics":[{"not_picked":["Calling Bell","Coffee Dripper"],"picked":"Busted Crown"}],"items_purged_floors":[8,24,27],"is_endless":false,"potions_floor_spawned":[1,5,16,18,28],"killed_by":"Champ","ascension_level":5}