{"gold_per_floor":[368,384,384,384,399,418,418,190,190,190,265,265,285,69,69,170,170,183,83,83,83,83,83,83,100,153,153,153,186,136,156,156,251,251,262,262,262,362,167,167,167,167,167,167,179,193,193,193],"floor_reached":48,"playtime":5203,"items_purged":["Strike_R","Strike_R","Defend_R","Defend_R"],"score":457,"play_id":"457fd69b-742c-4895-af91-9cd67291aafa","local_time":"20190206130024","is_ascension_mode":false,"campfire_choices":[{"data":"Battle Trance","floor":7,"key":"SMITH"},{"data":"Disarm","floor":10,"key":"SMITH"},{"data":"Apotheosis","floor":15,"key":"SMITH"},{"data":"Barricade","floor":23,"key":"SMITH"},{"data":"Double Tap","floor":27,"key":"SMITH"},{"data":"Shockwave","floor":32,"key":"SMITH"},{"data":"Demon Form","floor":40,"key":"SMITH"},{"data":"Pommel Strike","floor":44,"key":"SMITH"}],"neow_cost":"PERCENT_DAMAGE","seed_source_timestamp":296692680478959,"circlet_count":0,"master_deck":["Defend_R+1","Bash","Disarm+1","Cleave+1","Battle Trance+1","Apotheosis+1","Barricade+1","Ghostly Armor","Ghostly Armor","Shockwave+1","Double Tap+1","Metallicize+1","Demon Form+1","Shrug It Off","Seeing Red+1","Madness+1","Madness","Heavy Blade+1"],"relics":["Burning Blood","Juzu Bracelet","Centennial Puzzle","Runic Cube","Nilry\u0027s Codex","Smiling Mask","Self Forming Clay","Dodecahedron","Orrery","WingedGreaves","Vajra","Bottled Tornado"],"potions_floor_usage":[16,16,16,33,46,48],"damage_taken":[{"damage":3,"enemies":"Cultist","floor":1,"turns":5},{"damage":0,"enemies":"2 Louse","floor":2,"turns":4},{"damage":0,"enemies":"Small Slimes","floor":5,"turns":4},{"damage":14,"enemies":"3 Louse","floor":6,"turns":4},{"damage":2,"enemies":"Lots of Slimes","floor":13,"turns":3},{"damage":17,"enemies":"The Guardian","floor":16,"turns":9},{"damage":7,"enemies":"Chosen","floor":18,"turns":7},{"damage":0,"enemies":"Shell Parasite","floor":25,"turns":7},{"damage":16,"enemies":"Gremlin Leader","floor":29,"turns":12},{"damage":1,"enemies":"Shelled Parasite and Fungi","floor":31,"turns":9},{"damage":40,"enemies":"Automaton","floor":33,"turns":14},{"damage":13,"enemies":"3 Darklings","floor":35,"turns":8},{"damage":0,"enemies":"Mind Bloom Boss Battle","floor":38,"turns":12},{"damage":63,"enemies":"3 Shapes","floor":45,"turns":4},{"damage":0,"enemies":"Maw","floor":46,"turns":10},{"damage":21,"enemies":"2 Orb Walkers","floor":48,"turns":4}],"seed_played":"-4142235519179894293","potions_obtained":[{"floor":1,"key":"Swift Potion"},{"floor":6,"key":"AttackPotion"},{"floor":13,"key":"Strength Potion"},{"floor":31,"key":"Energy Potion"},{"floor":35,"key":"SpeedPotion"},{"floor":46,"key":"Fire Potion"}],"is_trial":false,"path_per_floor":["M","M","?","?","M","M","R","$","T","R","?","?","M","$","R","B",null,"M","$","?","?","?","R","?","M","T","R","?","E","$","M","R","B",null,"M","?","?","?","$","R","?","?","T","R","M","M","?","?"],"character_chosen":"IRONCLAD","items_purchased":["Juzu Bracelet","Pommel Strike","Apotheosis","Vajra"],"campfire_rested":0,"item_purchase_floors":[8,14,14,39],"current_hp_per_floor":[59,65,65,65,71,63,63,63,63,63,52,36,40,40,40,29,80,79,79,79,79,79,79,63,69,69,69,69,59,59,64,64,30,80,73,63,63,69,69,69,69,69,69,69,12,18,18,0],"gold":193,"neow_bonus":"TWO_FIFTY_GOLD","is_prod":false,"is_daily":false,"chose_seed":false,"campfire_upgraded":8,"win_rate":0.0,"timestamp":1549486824,"path_taken":["M","M","?","?","M","M","R","$","T","R","?","?","M","$","R","BOSS","M","$","?","?","?","R","?","M","T","R","?","E","?","M","R","BOSS","M","?","?","?","$","R","?","?","T","R","M","M","?","?"],"build_version":"2019-01-23","purchased_purges":4,"victory":false,"max_hp_per_floor":[80,80,80,80,80,80,80,80,80,80,80,80,80,80,80,80,80,80,80,80,80,80,80,80,80,80,80,80,80,80,80,80,80,80,80,80,80,80,80,80,80,80,80,80,80,80,80,80],"card_choices":[{"not_picked":["Carnage","Reckless Charge"],"picked":"Disarm","floor":1},{"not_picked":["Clash","Bloodletting"],"picked":"Cleave","floor":2},{"not_picked":["Iron Wave","Body Slam"],"picked":"Battle Trance","floor":5},{"not_picked":["Armaments","Clothesline","Warcry"],"picked":"SKIP","floor":6},{"not_picked":["Disarm","Entrench","Juggernaut"],"picked":"SKIP","floor":13},{"not_picked":["Bludgeon","Dark Embrace"],"picked":"Barricade","floor":16},{"not_picked":["Heavy Blade","Headbutt"],"picked":"Ghostly Armor","floor":18},{"not_picked":["Heavy Blade","Twin Strike"],"picked":"Metallicize+1","floor":25},{"not_picked":["Metallicize","Dropkick+1","Exhume"],"picked":"SKIP","floor":29},{"not_picked":["Wild Strike","Flex","Evolve"],"picked":"SKIP","floor":31},{"not_picked":["Immolate","Limit Break"],"picked":"Demon Form","floor":33},{"not_picked":["Cleave","Shockwave"],"picked":"Shrug It Off","floor":34},{"not_picked":["Infernal Blade+1","Iron Wave+1"],"picked":"Seeing Red+1","floor":34},{"not_picked":["Sever Soul","Carnage","Intimidate+1"],"picked":"SKIP","floor":35},{"not_picked":["Demon Form","Havoc+1","Reckless Charge"],"picked":"SKIP","floor":45},{"not_picked":["Perfected Strike+1","Thunderclap+1"],"picked":"Heavy Blade+1","floor":46}],"player_experience":46893,"relics_obtained":[{"floor":9,"key":"Centennial Puzzle"},{"floor":24,"key":"Nilry\u0027s Codex"},{"floor":26,"key":"Smiling Mask"},{"floor":29,"key":"Dodecahedron"},{"floor":38,"key":"WingedGreaves"},{"floor":43,"key":"Bottled Tornado"}],"event_choices":[{"damage_healed":0,"gold_gain":0,"player_choice":"Ignored","damage_taken":0,"max_hp_gain":0,"max_hp_loss":0,"event_name":"Liars Game","floor":3,"gold_loss":0},{"cards_removed":["Strike_R"],"damage_healed":0,"gold_gain":0,"player_choice":"Forget","damage_taken":0,"max_hp_gain":0,"max_hp_loss":0,"event_name":"Living Wall","floor":4,"gold_loss":0},{"damage_healed":0,"gold_gain":75,"player_choice":"Gather Gold","damage_taken":11,"max_hp_gain":0,"max_hp_loss":0,"event_name":"World of Goop","floor":11,"gold_loss":0},{"damage_healed":0,"gold_gain":0,"player_choice":"Entered Light","damage_taken":16,"max_hp_gain":0,"max_hp_loss":0,"event_name":"Shining Light","floor":12,"gold_loss":0,"cards_upgraded":["Defend_R","Cleave"]},{"damage_healed":0,"gold_gain":0,"player_choice":"Copied","damage_taken":0,"max_hp_gain":0,"max_hp_loss":0,"event_name":"Duplicator","floor":20,"gold_loss":0,"cards_obtained":["Ghostly Armor"]},{"damage_healed":0,"gold_gain":0,"cards_transformed":["Strike_R","Strike_R"],"player_choice":"Became Test Subject","damage_taken":0,"max_hp_gain":0,"max_hp_loss":0,"event_name":"Drug Dealer","floor":22,"gold_loss":0,"cards_obtained":["Shockwave","Double Tap"]},{"damage_healed":0,"gold_gain":0,"player_choice":"Obtained Book","damage_taken":16,"max_hp_gain":0,"max_hp_loss":0,"event_name":"Cursed Tome","floor":24,"gold_loss":0},{"damage_healed":0,"gold_gain":0,"player_choice":"Opened","damage_taken":0,"relics_obtained":["Self Forming Clay"],"max_hp_gain":0,"max_hp_loss":0,"event_name":"The Mausoleum","floor":28,"gold_loss":0},{"damage_healed":0,"gold_gain":0,"player_choice":"Embrace Madness","damage_taken":10,"max_hp_gain":0,"max_hp_loss":0,"event_name":"Winding Halls","floor":36,"gold_loss":0,"cards_obtained":["Madness","Madness"]},{"damage_healed":0,"gold_gain":0,"player_choice":"Forge","damage_taken":0,"max_hp_gain":0,"max_hp_loss":0,"event_name":"Accursed Blacksmith","floor":37,"gold_loss":0,"cards_upgraded":["Madness"]},{"damage_healed":0,"gold_gain":0,"player_choice":"Fight","damage_taken":0,"max_hp_gain":0,"max_hp_loss":0,"event_name":"MindBloom","floor":38,"gold_loss":0},{"damage_healed":0,"gold_gain":0,"player_choice":"Ignored","damage_taken":0,"max_hp_gain":0,"max_hp_loss":0,"event_name":"Tomb of Lord Red Mask","floor":41,"gold_loss":0},{"cards_removed":["Defend_R"],"damage_healed":0,"gold_gain":0,"player_choice":"Purged","damage_taken":0,"max_hp_gain":0,"max_hp_loss":0,"event_name":"Purifier","floor":42,"gold_loss":0},{"cards_removed":["Pommel Strike"],"damage_healed":0,"gold_gain":0,"player_choice":"Removed Attack","damage_taken":0,"max_hp_gain":0,"max_hp_loss":0,"event_name":"Falling","floor":47,"gold_loss":0},{"damage_healed":0,"gold_gain":0,"player_choice":"Fight","damage_taken":0,"max_hp_gain":0,"max_hp_loss":0,"event_name":"Mysterious Sphere","floor":48,"gold_loss":0}],"is_beta":false,"boss_relics":[{"not_picked":["Lizard Tail","Runic Dome"],"picked":"Runic Cube"},{"not_picked":["Black Blood","White Beast Statue"],"picked":"Orrery"}],"items_purged_floors":[8,19,30,39],"is_endless":false,"potions_floor_spawned":[1,6,13,31,35,46],"killed_by":"2 Orb Walkers","ascension_level":0}