{"gold_per_floor":[115,40,40,40,57,57,67,67,91,91,106,171,171,171,171,268,268,288,263,313,326,291,291,307,337,416,416,316,328,203,217,217,312,312,324,374,115,165,90,90,124,124,124,141,191,207,207,222,222,222],"floor_reached":51,"playtime":2314,"items_purged":["Strike_G","Strike_G","Strike_G"],"score":1146,"play_id":"35f937cd-44c8-4797-aa39-1abfe5635df3","local_time":"20190609000152","is_ascension_mode":true,"campfire_choices":[{"data":"Catalyst","floor":6.0,"key":"SMITH"},{"data":"Deadly Poison","floor":8.0,"key":"SMITH"},{"data":"Poisoned Stab","floor":10.0,"key":"SMITH"},{"floor":13.0,"key":"REST"},{"floor":15.0,"key":"REST"},{"data":"Burst","floor":23.0,"key":"SMITH"},{"data":"Neutralize","floor":27.0,"key":"SMITH"},{"floor":32.0,"key":"REST"},{"data":"Well Laid Plans","floor":40.0,"key":"SMITH"},{"data":"Defend_G","floor":42.0,"key":"SMITH"},{"data":"Defend_G","floor":47.0,"key":"SMITH"},{"floor":49.0,"key":"REST"}],"neow_cost":"NONE","seed_source_timestamp":0,"circlet_count":0,"master_deck":["Defend_G+1","Defend_G+1","Defend_G+1","Defend_G+1","Defend_G","Survivor+1","Neutralize+1","Die Die Die+1","Catalyst+1","Deadly Poison+1","Poisoned Stab+1","Burst+1","Deadly Poison+1","Well Laid Plans+1"],"special_seed":0,"relics":["Ring of the Snake","Anchor","Ancient Tea Set","Bag of Preparation","SsserpentHead","Sozu","Ninja Scroll","Snake Skull","Meat on the Bone","Tiny Chest","Eternal Feather","Bottled Lightning","War Paint","Lantern"],"potions_floor_usage":[],"damage_taken":[{"damage":0.0,"enemies":"2 Louse","floor":1.0,"turns":1.0},{"damage":0.0,"enemies":"Jaw Worm","floor":5.0,"turns":5.0},{"damage":0.0,"enemies":"Cultist","floor":7.0,"turns":3.0},{"damage":0.0,"enemies":"Exordium Wildlife","floor":11.0,"turns":2.0},{"damage":25.0,"enemies":"Lagavulin Event","floor":12.0,"turns":4.0},{"damage":11.0,"enemies":"Hexaghost","floor":16.0,"turns":6.0},{"damage":1.0,"enemies":"2 Thieves","floor":18.0,"turns":3.0},{"damage":0.0,"enemies":"Spheric Guardian","floor":21.0,"turns":2.0},{"damage":1.0,"enemies":"3 Cultists","floor":24.0,"turns":4.0},{"damage":0.0,"enemies":"Gremlin Leader","floor":25.0,"turns":5.0},{"damage":0.0,"enemies":"Cultist and Chosen","floor":29.0,"turns":4.0},{"damage":9.0,"enemies":"Centurion and Healer","floor":31.0,"turns":4.0},{"damage":0.0,"enemies":"Champ","floor":33.0,"turns":5.0},{"damage":36.0,"enemies":"3 Darklings","floor":35.0,"turns":7.0},{"damage":0.0,"enemies":"Reptomancer","floor":41.0,"turns":1.0},{"damage":0.0,"enemies":"Orb Walker","floor":44.0,"turns":1.0},{"damage":23.0,"enemies":"Spire Growth","floor":46.0,"turns":3.0},{"damage":12.0,"enemies":"Jaw Worm Horde","floor":48.0,"turns":5.0},{"damage":40,"enemies":"Awakened One","floor":50,"turns":18}],"seed_played":"1965277423618857791","potions_obtained":[{"floor":5.0,"key":"FearPotion"}],"is_trial":false,"path_per_floor":["M","$","?","?","M","R","M","R","T","R","M","?","R","?","R","B",null,"M","?","T","M","?","R","M","E","T","R","$","M","$","M","R","B",null,"M","?","$","?","$","R","E","R","T","M","?","M","R","M","R","B",null],"character_chosen":"THE_SILENT","items_purchased":["Bottled Lightning","Well Laid Plans"],"campfire_rested":4,"item_purchase_floors":[37,39],"current_hp_per_floor":[63,63,49,42,42,42,42,42,42,42,42,17,38,38,59,48,65,64,64,64,64,64,64,63,63,63,63,63,63,63,54,70,70,70,46,46,46,46,46,55,55,64,64,64,64,41,47,35,60,32],"gold":222,"neow_bonus":"ONE_RANDOM_RARE_CARD","is_prod":false,"is_daily":false,"chose_seed":false,"campfire_upgraded":8,"win_rate":0,"timestamp":1560063712,"path_taken":["M","$","?","?","M","R","M","R","T","R","M","?","R","?","R","BOSS","M","?","?","M","?","R","M","E","T","R","$","M","$","M","R","BOSS","M","?","$","?","$","R","E","R","T","M","?","M","R","M","R","BOSS"],"build_version":"2019-01-23","purchased_purges":3,"victory":true,"max_hp_per_floor":[70,70,70,70,70,70,70,70,70,70,70,70,70,70,70,70,70,70,70,70,70,70,70,70,70,70,70,70,70,70,70,70,70,70,70,70,70,66,66,66,66,66,66,66,66,66,66,66,66,66],"card_choices":[{"not_picked":["Flying Knee","Acrobatics"],"picked":"Catalyst","floor":1.0},{"not_picked":["Blade Dance","PiercingWail"],"picked":"Deadly Poison","floor":5.0},{"not_picked":["Bane","Slice"],"picked":"Poisoned Stab","floor":7.0},{"not_picked":["Escape Plan","Wraith Form v2","Caltrops"],"picked":"SKIP","floor":11.0},{"not_picked":["Grand Finale","Storm of Steel"],"picked":"Burst","floor":16.0},{"not_picked":["Flying Knee","Underhanded Strike"],"picked":"Deadly Poison+1","floor":18.0},{"not_picked":["Deflect","Underhanded Strike","Poisoned Stab"],"picked":"SKIP","floor":21.0},{"not_picked":["Dash+1","Prepared","Reflex+1"],"picked":"SKIP","floor":24.0},{"not_picked":["Grand Finale","Outmaneuver+1","Masterful Stab"],"picked":"SKIP","floor":25.0},{"not_picked":["Underhanded Strike+1","Prepared","Sucker Punch"],"picked":"SKIP","floor":29.0},{"not_picked":["Tactician+1","Dodge and Roll","Prepared"],"picked":"SKIP","floor":31.0},{"not_picked":["Dagger Throw","Cloak And Dagger+1","Accuracy"],"picked":"SKIP","floor":35.0},{"not_picked":["Concentrate+1","Caltrops","Prepared"],"picked":"SKIP","floor":41.0},{"not_picked":["Dagger Spray+1","Flechettes+1","Noxious Fumes+1"],"picked":"SKIP","floor":44.0},{"not_picked":["Underhanded Strike+1","Concentrate+1","Infinite Blades+1"],"picked":"SKIP","floor":46.0},{"not_picked":["Heel Hook+1","Finisher","Prepared"],"picked":"SKIP","floor":48.0}],"player_experience":446405,"relics_obtained":[{"floor":9.0,"key":"Ancient Tea Set"},{"floor":12.0,"key":"Bag of Preparation"},{"floor":20.0,"key":"Ninja Scroll"},{"floor":25.0,"key":"Meat on the Bone"},{"floor":26.0,"key":"Tiny Chest"},{"floor":41.0,"key":"War Paint"},{"floor":43.0,"key":"Lantern"}],"event_choices":[{"damage_healed":0.0,"max_hp_gain":0.0,"max_hp_loss":0.0,"gold_gain":0.0,"event_name":"Shining Light","player_choice":"Entered Light","floor":3.0,"gold_loss":0.0,"damage_taken":14.0,"cards_upgraded":["Defend_G","Die Die Die"]},{"damage_healed":0.0,"max_hp_gain":0.0,"max_hp_loss":0.0,"gold_gain":0.0,"event_name":"Scrap Ooze","player_choice":"Success","floor":4.0,"gold_loss":0.0,"damage_taken":7.0,"relics_obtained":["Anchor"]},{"damage_healed":0.0,"max_hp_gain":0.0,"max_hp_loss":0.0,"gold_gain":0.0,"event_name":"Dead Adventurer","player_choice":"Searched \u00272\u0027 times","floor":12.0,"gold_loss":0.0,"damage_taken":0.0},{"damage_healed":0.0,"max_hp_gain":0.0,"max_hp_loss":0.0,"gold_gain":0.0,"event_name":"FaceTrader","player_choice":"Trade","floor":14.0,"gold_loss":0.0,"damage_taken":0.0,"relics_obtained":["SsserpentHead"]},{"cards_removed":["Strike_G"],"damage_healed":0.0,"max_hp_gain":0.0,"max_hp_loss":0.0,"gold_gain":0.0,"event_name":"Beggar","player_choice":"Gave Gold","floor":19.0,"gold_loss":75.0,"damage_taken":0.0},{"damage_healed":0.0,"max_hp_gain":0.0,"max_hp_loss":0.0,"gold_gain":0.0,"event_name":"Addict","player_choice":"Obtained Relic","floor":22.0,"gold_loss":85.0,"damage_taken":0.0,"relics_obtained":["Snake Skull"]},{"damage_healed":0.0,"max_hp_gain":0.0,"max_hp_loss":0.0,"gold_gain":0.0,"event_name":"Tomb of Lord Red Mask","player_choice":"Ignored","floor":36.0,"gold_loss":0.0,"damage_taken":0.0},{"damage_healed":0.0,"max_hp_gain":0.0,"max_hp_loss":4.0,"gold_gain":0.0,"event_name":"Winding Halls","player_choice":"Max HP","floor":38.0,"gold_loss":0.0,"damage_taken":0.0},{"cards_removed":["Strike_G"],"damage_healed":0.0,"max_hp_gain":0.0,"max_hp_loss":0.0,"gold_gain":0.0,"event_name":"Falling","player_choice":"Removed Attack","floor":45.0,"gold_loss":0.0,"damage_taken":0.0}],"is_beta":false,"boss_relics":[{"not_picked":["Astrolabe","Empty Cage"],"picked":"Sozu"},{"not_picked":["Runic Dome","White Beast Statue"],"picked":"Eternal Feather"}],"items_purged_floors":[2,28,30],"is_endless":false,"potions_floor_spawned":[5,18,24,35,48],"ascension_level":9}