{"gold_per_floor":[365,365,365,377,391,391,426,426,426,426,437,467,392,492,492,567,617,634,600,224,224,240,240,60,60,86,105,105,115,149,149,149,224,224,238,89,89,109,125,125,139,139,192,204,40,40,56,75,75,75],"floor_reached":51,"playtime":2013,"items_purged":["Strike_R","Defend_R","Defend_R","Defend_R","Defend_R+1"],"score":1134,"play_id":"ec2f7e35-4bc0-404d-80cd-fb3de29605b9","local_time":"20190504195359","is_ascension_mode":true,"campfire_choices":[{"data":"Bash","floor":6.0,"key":"SMITH"},{"floor":8.0,"key":"REST"},{"floor":15.0,"key":"REST"},{"data":"Bludgeon","floor":23.0,"key":"SMITH"},{"data":"Clash","floor":25.0,"key":"SMITH"},{"floor":28.0,"key":"REST"},{"data":"Clash","floor":32,"key":"SMITH"},{"data":"Demon Form","floor":40,"key":"SMITH"},{"data":"Whirlwind","floor":42,"key":"SMITH"},{"floor":49,"key":"REST"}],"neow_cost":"TEN_PERCENT_HP_LOSS","seed_source_timestamp":0,"circlet_count":0,"master_deck":["AscendersBane","Strike_R","Strike_R","Strike_R","Bash+1","Bludgeon+1","Reaper","Clash+1","Clash+1","Whirlwind+1","Clash+1","Demon Form+1","Impatience+1","Flex+1","Rage+1","Flex+1"],"special_seed":0,"relics":["Burning Blood","Paper Frog","Orichalcum","Bag of Marbles","Membership Card","Sundial","MutagenicStrength","HandDrill","Lantern","Toxic Egg 2","Nloth\u0027s Gift","Calling Bell","Art of War","Mummified Hand","Gambling Chip","Happy Flower","Anchor"],"potions_floor_usage":[33,35,47],"damage_taken":[{"damage":0.0,"enemies":"2 Louse","floor":1.0,"turns":3.0},{"damage":6.0,"enemies":"Jaw Worm","floor":4.0,"turns":5.0},{"damage":1.0,"enemies":"Cultist","floor":5.0,"turns":3.0},{"damage":65.0,"enemies":"3 Sentries","floor":7.0,"turns":14.0},{"damage":13.0,"enemies":"Large Slime","floor":11.0,"turns":2.0},{"damage":40.0,"enemies":"Hexaghost","floor":16.0,"turns":9.0},{"damage":6.0,"enemies":"Chosen","floor":18.0,"turns":3.0},{"damage":37.0,"enemies":"2 Thieves","floor":19.0,"turns":5.0},{"damage":21.0,"enemies":"3 Cultists","floor":22.0,"turns":5.0},{"damage":0.0,"enemies":"Snecko","floor":27.0,"turns":2.0},{"damage":6,"enemies":"Centurion and Healer","floor":29,"turns":4},{"damage":8,"enemies":"Book of Stabbing","floor":30,"turns":2},{"damage":61,"enemies":"Champ","floor":33,"turns":6},{"damage":10,"enemies":"3 Shapes","floor":35,"turns":2},{"damage":0,"enemies":"Orb Walker","floor":38,"turns":1},{"damage":14,"enemies":"Transient","floor":39,"turns":5},{"damage":33,"enemies":"4 Shapes","floor":41,"turns":5},{"damage":24,"enemies":"3 Darklings","floor":44,"turns":4},{"damage":5,"enemies":"Sphere and 2 Shapes","floor":47,"turns":3},{"damage":27,"enemies":"Maw","floor":48,"turns":6},{"damage":94,"enemies":"Time Eater","floor":50,"turns":6}],"seed_played":"-7769422005481006856","potions_obtained":[{"floor":1.0,"key":"Dexterity Potion"},{"floor":7.0,"key":"Poison Potion"},{"floor":11.0,"key":"Energy Potion"},{"floor":16.0,"key":"SneckoOil"},{"floor":17.0,"key":"SneckoOil"},{"floor":22.0,"key":"SpeedPotion"},{"floor":29,"key":"GamblersBrew"},{"floor":30,"key":"SkillPotion"},{"floor":33,"key":"Poison Potion"},{"floor":39,"key":"Ancient Potion"},{"floor":48,"key":"SpeedPotion"}],"is_trial":false,"path_per_floor":["M","?","?","M","M","R","E","R","T","?","M","?","$","?","R","B",null,"M","M","$","?","M","R","$","R","T","M","R","M","E","?","R","B",null,"M","$","?","M","M","R","M","R","T","M","$","?","M","M","R","B",null],"character_chosen":"IRONCLAD","items_purchased":["Membership Card","Sundial","HandDrill","Clash","Happy Flower","Rage+1","Regen Potion"],"campfire_rested":4,"item_purchase_floors":[20,20,24,24,36,45,45],"current_hp_per_floor":[72,77,65,65,70,70,11,34,34,34,27,27,27,27,50,16,67,67,36,36,36,29,29,29,29,29,47,71,75,73,73,73,19,66,62,62,62,68,60,60,63,63,63,59,59,59,65,50,74,8],"gold":75,"neow_bonus":"TWO_FIFTY_GOLD","is_prod":false,"is_daily":false,"chose_seed":false,"campfire_upgraded":6,"win_rate":0,"timestamp":1557024839,"path_taken":["M","?","?","?","M","R","E","R","T","?","?","?","$","?","R","BOSS","M","M","?","?","?","R","$","R","T","M","R","M","E","?","R","BOSS","M","?","?","M","?","R","M","R","T","M","$","?","?","M","R","BOSS"],"build_version":"2019-01-23","purchased_purges":5,"victory":true,"max_hp_per_floor":[72,77,77,77,77,77,77,77,77,77,77,77,77,77,77,77,82,82,82,82,82,82,82,82,82,82,82,82,82,82,82,82,82,82,82,82,82,82,82,82,82,82,82,82,82,82,82,82,82,82],"card_choices":[{"not_picked":["Fire Breathing","Rage","Headbutt"],"picked":"SKIP","floor":1.0},{"not_picked":["Evolve","Corruption","Dual Wield"],"picked":"SKIP","floor":4.0},{"not_picked":["Ghostly Armor","Armaments","Havoc"],"picked":"SKIP","floor":5.0},{"not_picked":["True Grit","Corruption"],"picked":"Bludgeon","floor":7.0},{"not_picked":["Shrug It Off","True Grit","Blood for Blood"],"picked":"SKIP","floor":11.0},{"not_picked":["Brutality","Bludgeon"],"picked":"Reaper","floor":16.0},{"not_picked":["Perfected Strike","Shrug It Off"],"picked":"Clash","floor":17.0},{"not_picked":["Clothesline","Hemokinesis+1","Twin Strike"],"picked":"SKIP","floor":18.0},{"not_picked":["True Grit","Iron Wave","Anger"],"picked":"SKIP","floor":19.0},{"not_picked":["Barricade","Twin Strike","Uppercut"],"picked":"SKIP","floor":22.0},{"not_picked":["Warcry","Pommel Strike","Entrench"],"picked":"SKIP","floor":27.0},{"not_picked":["Wild Strike","Headbutt"],"picked":"Whirlwind","floor":29},{"not_picked":["Warcry","Anger"],"picked":"Clash","floor":30},{"not_picked":["Reaper","Bludgeon"],"picked":"Demon Form","floor":33},{"not_picked":["True Grit+1","Shrug It Off+1","Wild Strike"],"picked":"SKIP","floor":35},{"not_picked":["Jack Of All Trades+1","Discovery+1"],"picked":"Impatience+1","floor":37},{"not_picked":["Rupture","Reckless Charge","Combust+1"],"picked":"SKIP","floor":38},{"not_picked":["Barricade","Anger","Warcry+1"],"picked":"SKIP","floor":39},{"not_picked":["Heavy Blade","Immolate"],"picked":"Flex+1","floor":41},{"not_picked":["Whirlwind","Warcry+1","Infernal Blade+1"],"picked":"SKIP","floor":44},{"not_picked":["Armaments+1","Clothesline"],"picked":"Flex+1","floor":47},{"not_picked":["Shrug It Off+1","Iron Wave","Clash"],"picked":"SKIP","floor":48}],"player_experience":368767,"relics_obtained":[{"floor":7.0,"key":"Orichalcum"},{"floor":9.0,"key":"Bag of Marbles"},{"floor":26.0,"key":"Lantern"},{"floor":30,"key":"Toxic Egg 2"},{"floor":34,"key":"Art of War"},{"floor":34,"key":"Mummified Hand"},{"floor":34,"key":"Gambling Chip"},{"floor":43,"key":"Anchor"}],"event_choices":[{"damage_healed":0.0,"max_hp_gain":5.0,"max_hp_loss":0.0,"gold_gain":0.0,"event_name":"Big Fish","player_choice":"Donut","floor":2.0,"gold_loss":0.0,"damage_taken":0.0},{"damage_healed":0.0,"max_hp_gain":0.0,"max_hp_loss":0.0,"gold_gain":0.0,"event_name":"Scrap Ooze","player_choice":"Success","floor":3.0,"gold_loss":0.0,"damage_taken":12.0,"relics_obtained":["Paper Frog"]},{"cards_removed":["Strike_R"],"damage_healed":0.0,"max_hp_gain":0.0,"max_hp_loss":0.0,"gold_gain":0.0,"event_name":"Purifier","player_choice":"Purged","floor":10.0,"gold_loss":0.0,"damage_taken":0.0},{"damage_healed":0.0,"max_hp_gain":0.0,"max_hp_loss":0.0,"gold_gain":30.0,"event_name":"Dead Adventurer","player_choice":"Searched \u00271\u0027 times","floor":12.0,"gold_loss":0.0,"damage_taken":0.0},{"damage_healed":0.0,"max_hp_gain":0.0,"max_hp_loss":0.0,"gold_gain":100.0,"event_name":"Golden Shrine","player_choice":"Pray","floor":14.0,"gold_loss":0.0,"damage_taken":0.0},{"damage_healed":0.0,"max_hp_gain":0.0,"max_hp_loss":0.0,"gold_gain":0.0,"event_name":"Drug Dealer","player_choice":"Inject Mutagens","floor":21.0,"gold_loss":0.0,"damage_taken":0.0,"relics_obtained":["MutagenicStrength"]},{"damage_healed":0,"gold_gain":0,"player_choice":"Traded Relic","damage_taken":0,"relics_obtained":["Nloth\u0027s Gift"],"max_hp_gain":0,"max_hp_loss":0,"event_name":"N\u0027loth","floor":31,"relics_lost":["Tiny House"],"gold_loss":0},{"damage_healed":0,"gold_gain":0,"player_choice":"Memory 1","damage_taken":0,"max_hp_gain":0,"max_hp_loss":0,"event_name":"SensoryStone","floor":37,"gold_loss":0},{"damage_healed":0,"gold_gain":0,"player_choice":"Upgraded","damage_taken":0,"max_hp_gain":0,"max_hp_loss":0,"event_name":"Upgrade Shrine","floor":46,"gold_loss":0,"cards_upgraded":["Clash"]}],"is_beta":false,"boss_relics":[{"not_picked":["Runic Dome","Snecko Eye"],"picked":"Tiny House"},{"not_picked":["Orrery","Astrolabe"],"picked":"Calling Bell"}],"items_purged_floors":[13,20,24,36,45],"is_endless":false,"potions_floor_spawned":[1,7,11,16,22,29,30,33,39,48],"ascension_level":13}