{"gold_per_floor":[117,133,144,46,46,72,72,102,102,102,137,137,8,38,38,133,133,133,133,133,133,133,133,15,15,15,15,15,15,15,15,15,15,15,15,15,15,15,15,15,15,15,15,15,15,15,15,15,15,15],"floor_reached":51,"playtime":8531,"items_purged":[],"score":975,"play_id":"a127e58b-65f8-43be-9698-83437e5f6e40","local_time":"20190130221853","is_ascension_mode":true,"campfire_choices":[{"floor":7.0,"key":"REST"},{"floor":10.0,"key":"REST"},{"data":"Terror","floor":12.0,"key":"SMITH"},{"data":"Neutralize","floor":15.0,"key":"SMITH"},{"data":"Malaise","floor":23.0,"key":"SMITH"},{"floor":30.0,"key":"REST"},{"data":"Cloak And Dagger","floor":32.0,"key":"SMITH"},{"floor":40.0,"key":"REST"},{"data":"Footwork","floor":46.0,"key":"SMITH"},{"floor":49.0,"key":"REST"}],"neow_cost":"NONE","seed_source_timestamp":1537686791820433,"circlet_count":0,"master_deck":["Defend_G","Defend_G","Defend_G","Defend_G","Strike_G","Strike_G","Strike_G","Strike_G","Strike_G","Survivor","Neutralize+1","Deadly Poison","Cloak And Dagger+1","Bane","Dagger Spray","Well Laid Plans","Sucker Punch","Noxious Fumes","Terror+1","PiercingWail","Predator","Slice","Malaise+1","Calculated Gamble+1","Crippling Poison","Footwork+1","Slice+1","Backflip","Blur+1","Envenom","Catalyst","Blur+1","Footwork+1","Catalyst+1","Blade Dance","Calculated Gamble","Finisher+1"],"special_seed":0,"relics":["Ring of the Snake","Ornamental Fan","Oddly Smooth Stone","Mummified Hand","Shuriken","Bag of Preparation","Ectoplasm","Molten Egg 2","Paper Crane","MutagenicStrength","Sundial","Blood Vial","Tiny House","Pear","The Courier"],"potions_floor_usage":[50],"damage_taken":[{"damage":2.0,"enemies":"Small Slimes","floor":1.0,"turns":5.0},{"damage":0.0,"enemies":"Jaw Worm","floor":2.0,"turns":4.0},{"damage":2.0,"enemies":"2 Louse","floor":3.0,"turns":3.0},{"damage":21.0,"enemies":"3 Sentries","floor":6.0,"turns":10.0},{"damage":8.0,"enemies":"Gremlin Nob","floor":11.0,"turns":4.0},{"damage":13.0,"enemies":"3 Sentries","floor":14.0,"turns":7.0},{"damage":16.0,"enemies":"Hexaghost","floor":16.0,"turns":7.0},{"damage":0.0,"enemies":"Chosen","floor":18.0,"turns":4.0},{"damage":0.0,"enemies":"3 Byrds","floor":25.0,"turns":5.0},{"damage":0.0,"enemies":"Centurion and Healer","floor":27.0,"turns":6.0},{"damage":3.0,"enemies":"Snake Plant","floor":29.0,"turns":5.0},{"damage":13.0,"enemies":"Collector","floor":33.0,"turns":12.0},{"damage":0.0,"enemies":"Orb Walker","floor":35.0,"turns":3.0},{"damage":0.0,"enemies":"3 Shapes","floor":38.0,"turns":2.0},{"damage":22.0,"enemies":"Jaw Worm Horde","floor":39.0,"turns":6.0},{"damage":5.0,"enemies":"Spire Growth","floor":42.0,"turns":6.0},{"damage":0.0,"enemies":"Maw","floor":44.0,"turns":7.0},{"damage":14.0,"enemies":"Sphere and 2 Shapes","floor":47.0,"turns":7.0},{"damage":19.0,"enemies":"Writhing Mass","floor":48.0,"turns":6.0},{"damage":18,"enemies":"Time Eater","floor":50,"turns":8}],"seed_played":"-1315595288304402528","potions_obtained":[{"floor":2.0,"key":"Fruit Juice"},{"floor":11.0,"key":"SpeedPotion"},{"floor":14.0,"key":"Regen Potion"},{"floor":27.0,"key":"EntropicBrew"},{"floor":34.0,"key":"SkillPotion"},{"floor":47.0,"key":"Poison Potion"}],"is_trial":false,"path_per_floor":["M","M","M","$","?","E","R","?","T","R","E","R","$","E","R","B",null,"M","?","?","T","?","R","$","M","T","M","$","M","R","T","R","B",null,"M","?","T","M","M","R","?","M","T","M","$","R","M","M","R","B",null],"character_chosen":"THE_SILENT","items_purchased":["Well Laid Plans","Sucker Punch","PiercingWail","Predator","Footwork","PowerPotion"],"campfire_rested":5,"item_purchase_floors":[4,4,13,13,24,24],"current_hp_per_floor":[61,66,64,64,52,31,53,53,53,75,67,67,67,54,54,53,70,70,70,70,70,70,70,70,70,70,70,70,67,75,75,75,62,77,79,79,89,90,68,90,90,85,85,87,87,87,75,58,85,69],"gold":15,"neow_bonus":"THREE_CARDS","is_prod":false,"is_daily":false,"chose_seed":false,"campfire_upgraded":5,"win_rate":0,"timestamp":1548886733,"path_taken":["M","M","M","$","?","E","R","?","T","R","E","R","$","E","R","BOSS","M","?","?","?","?","R","?","?","T","M","$","M","R","?","R","BOSS","M","?","?","M","M","R","?","?","T","M","$","R","M","M","R","BOSS"],"build_version":"2019-01-23","purchased_purges":0,"victory":true,"max_hp_per_floor":[70,75,75,75,75,75,75,75,75,75,75,75,75,75,75,75,75,75,75,75,75,75,75,75,75,75,75,75,75,75,75,75,75,80,80,80,90,90,90,90,90,90,90,90,90,90,90,90,90,90],"card_choices":[{"not_picked":["Endless Agony","Dagger Throw"],"picked":"Deadly Poison","floor":0.0},{"not_picked":["Dodge and Roll","Flying Knee"],"picked":"Cloak And Dagger","floor":1.0},{"not_picked":["Dagger Throw","Sucker Punch"],"picked":"Bane","floor":2.0},{"not_picked":["Caltrops","All Out Attack"],"picked":"Dagger Spray","floor":3.0},{"not_picked":["Slice","Cloak And Dagger"],"picked":"Noxious Fumes","floor":6.0},{"not_picked":["Dagger Throw","Acrobatics"],"picked":"Terror","floor":11.0},{"not_picked":["Prepared","Sucker Punch"],"picked":"Slice","floor":14.0},{"not_picked":["Venomology","Envenom"],"picked":"Malaise","floor":16.0},{"not_picked":["Outmaneuver","Poisoned Stab"],"picked":"Calculated Gamble+1","floor":18.0},{"not_picked":["Flying Knee+1","Dagger Spray+1"],"picked":"Slice+1","floor":25.0},{"not_picked":["Deadly Poison","Crippling Poison"],"picked":"Backflip","floor":27.0},{"not_picked":["Bane+1","Cloak And Dagger"],"picked":"Blur","floor":29.0},{"not_picked":["Phantasmal Killer","Grand Finale+1"],"picked":"Envenom","floor":33.0},{"not_picked":["Deflect","Predator+1"],"picked":"Catalyst","floor":34.0},{"not_picked":["Backflip","Prepared+1","Distraction"],"picked":"SKIP","floor":35.0},{"not_picked":["Flying Knee+1","Underhanded Strike+1"],"picked":"Blur+1","floor":38.0},{"not_picked":["Flechettes+1","Dodge and Roll"],"picked":"Footwork+1","floor":39.0},{"not_picked":["Dagger Spray+1","Caltrops+1"],"picked":"Catalyst+1","floor":42.0},{"not_picked":["Outmaneuver","Heel Hook+1"],"picked":"Blade Dance","floor":44.0},{"not_picked":["Choke+1","Grand Finale+1"],"picked":"Calculated Gamble","floor":47.0},{"not_picked":["Dagger Spray+1","Dagger Throw+1"],"picked":"Finisher+1","floor":48.0}],"player_experience":1088441,"relics_obtained":[{"floor":6.0,"key":"Oddly Smooth Stone"},{"floor":9.0,"key":"Mummified Hand"},{"floor":11.0,"key":"Shuriken"},{"floor":14.0,"key":"Bag of Preparation"},{"floor":21.0,"key":"Paper Crane"},{"floor":26.0,"key":"Sundial"},{"floor":31.0,"key":"Blood Vial"},{"floor":37.0,"key":"Pear"},{"floor":43.0,"key":"The Courier"}],"event_choices":[{"damage_healed":0.0,"max_hp_gain":0.0,"max_hp_loss":0.0,"gold_gain":0.0,"event_name":"Scrap Ooze","player_choice":"Success","floor":5.0,"gold_loss":0.0,"damage_taken":12.0,"relics_obtained":["Ornamental Fan"]},{"damage_healed":0.0,"max_hp_gain":0.0,"max_hp_loss":0.0,"gold_gain":30.0,"event_name":"Dead Adventurer","player_choice":"Searched \u00272\u0027 times","floor":8.0,"gold_loss":0.0,"damage_taken":0.0},{"damage_healed":0.0,"max_hp_gain":0.0,"max_hp_loss":0.0,"gold_gain":0.0,"event_name":"The Library","player_choice":"Read","floor":19.0,"gold_loss":0.0,"damage_taken":0.0,"cards_obtained":["Crippling Poison"]},{"damage_healed":0.0,"max_hp_gain":0.0,"max_hp_loss":0.0,"gold_gain":0.0,"event_name":"The Mausoleum","player_choice":"Opened","floor":20.0,"gold_loss":0.0,"damage_taken":0.0,"relics_obtained":["Molten Egg 2"]},{"damage_healed":0.0,"max_hp_gain":0.0,"max_hp_loss":0.0,"gold_gain":0.0,"event_name":"Drug Dealer","player_choice":"Inject Mutagens","floor":22.0,"gold_loss":0.0,"damage_taken":0.0,"relics_obtained":["MutagenicStrength"]},{"cards_removed":["Defend_G"],"damage_healed":0.0,"max_hp_gain":0.0,"max_hp_loss":0.0,"gold_gain":0.0,"event_name":"Falling","player_choice":"Removed Skill","floor":36.0,"gold_loss":0.0,"damage_taken":0.0},{"damage_healed":0.0,"max_hp_gain":0.0,"max_hp_loss":0.0,"gold_gain":0.0,"event_name":"Lab","player_choice":"Got Potions","floor":41.0,"gold_loss":0.0,"damage_taken":0.0}],"is_beta":false,"boss_relics":[{"not_picked":["Astrolabe","Busted Crown"],"picked":"Ectoplasm"},{"not_picked":["Runic Pyramid","Black Star"],"picked":"Tiny House"}],"items_purged_floors":[],"is_endless":false,"potions_floor_spawned":[2,11,14,27,42,47],"ascension_level":9}