{"gold_per_floor":[119,119,69,79,89,89,108,108,178,178,197,197,210,224,224,321,321,301,45,58,58,74,74,92,109,109,109,109,135,26,46,46,141,141,161,174,31,51,62,62,79,102,177,177,177,177,187,10,10,10],"floor_reached":51,"playtime":4419,"items_purged":["Parasite"],"score":713,"play_id":"d79f3ec8-105b-4c4c-ae56-38f511ffd3db","local_time":"20180722002219","is_ascension_mode":false,"campfire_choices":[{"data":"Poisoned Stab","floor":8,"key":"SMITH"},{"data":"Backflip","floor":10,"key":"SMITH"},{"data":"Deadly Poison","floor":15,"key":"SMITH"},{"data":"Bouncing Flask","floor":23,"key":"SMITH"},{"data":"Bane","floor":27,"key":"SMITH"},{"floor":32,"key":"REST"},{"floor":40,"key":"REST"},{"floor":44,"key":"REST"},{"data":"Night Terror","floor":46,"key":"SMITH"},{"floor":49,"key":"REST"}],"neow_cost":"NONE","seed_source_timestamp":934836065998242,"circlet_count":0,"master_deck":["Defend_G","Defend_G","Defend_G","Defend_G","Defend_G","Strike_G","Survivor","Neutralize+1","Escape Plan","Poisoned Stab+1","Bane+1","Backflip+1","Endless Agony","Deadly Poison+1","After Image+1","Flying Knee","Sadistic Nature+1","Bouncing Flask+1","Dash","Caltrops+1","Bullet Time","Noxious Fumes+1","Footwork+1","Night Terror+1","Envenom+1","Panache+1"],"relics":["Ring of the Snake","NeowsBlessing","Frozen Egg 2","Cursed Key","Singing Bowl","CultistMask","Lantern","Sozu","Omamori","Potion Belt","Question Card"],"potions_floor_usage":[22,31,33,33],"damage_taken":[{"damage":0,"enemies":"2 Louse","floor":1,"turns":1},{"damage":0,"enemies":"Small Slimes","floor":4,"turns":2},{"damage":0,"enemies":"Jaw Worm","floor":5,"turns":1},{"damage":0,"enemies":"Looter","floor":7,"turns":4},{"damage":0,"enemies":"3 Louse","floor":11,"turns":4},{"damage":0,"enemies":"Exordium Thugs","floor":13,"turns":5},{"damage":0,"enemies":"Large Slime","floor":14,"turns":4},{"damage":34,"enemies":"Hexaghost","floor":16,"turns":8},{"damage":1,"enemies":"2 Thieves","floor":18,"turns":4},{"damage":4,"enemies":"Spheric Guardian","floor":20,"turns":4},{"damage":0,"enemies":"Snecko","floor":22,"turns":3},{"damage":0,"enemies":"Centurion and Healer","floor":24,"turns":6},{"damage":0,"enemies":"Chosen and Byrds","floor":25,"turns":6},{"damage":9,"enemies":"Gremlin Leader","floor":29,"turns":9},{"damage":14,"enemies":"Snecko","floor":31,"turns":4},{"damage":34,"enemies":"Collector","floor":33,"turns":11},{"damage":5,"enemies":"3 Darklings","floor":35,"turns":6},{"damage":0,"enemies":"Orb Walker","floor":36,"turns":4},{"damage":22,"enemies":"3 Darklings","floor":38,"turns":5},{"damage":28,"enemies":"Sphere and 2 Shapes","floor":39,"turns":6},{"damage":0,"enemies":"Transient","floor":41,"turns":5},{"damage":15,"enemies":"Maw","floor":47,"turns":6},{"damage":52,"enemies":"Donu and Deca","floor":50,"turns":10}],"seed_played":"3461479740691925667","potions_obtained":[{"floor":4,"key":"Poison Potion"},{"floor":7,"key":"SkillPotion"},{"floor":13,"key":"Dexterity Potion"},{"floor":14,"key":"EssenceOfSteel"},{"floor":22,"key":"Fire Potion"}],"is_trial":false,"path_per_floor":["M","?","?","M","M","?","M","R","T","R","M","?","M","M","R","B",null,"M","$","M","?","M","R","M","M","T","R","?","E","$","M","R","B",null,"M","M","$","M","M","R","M","T","T","R","?","R","M","$","R","B"],"character_chosen":"THE_SILENT","items_purchased":["Sadistic Nature+1","Bouncing Flask","Noxious Fumes+1","Omamori","Panache+1"],"campfire_rested":4,"item_purchase_floors":[19,19,30,37,48],"current_hp_per_floor":[70,70,70,70,70,70,70,70,70,70,70,70,70,70,70,36,70,69,69,65,65,65,65,65,65,65,65,65,58,58,44,64,30,69,66,68,68,46,20,42,44,44,44,67,67,67,54,54,77,25],"gold":10,"neow_bonus":"THREE_ENEMY_KILL","is_prod":false,"is_daily":false,"chose_seed":false,"campfire_upgraded":6,"win_rate":0,"timestamp":1532215339,"path_taken":["M","?","?","?","M","?","M","R","T","R","M","?","M","M","R","BOSS","M","$","?","?","?","R","M","M","T","R","?","E","$","M","R","BOSS","M","M","$","M","?","R","M","?","T","R","?","R","M","$","R","BOSS"],"build_version":"2018-07-19v2","purchased_purges":1,"victory":true,"max_hp_per_floor":[70,70,70,70,70,70,70,70,70,70,70,70,70,70,70,70,70,70,70,70,70,70,70,70,70,70,70,70,72,69,69,69,69,69,71,73,73,73,75,75,77,77,77,77,77,77,79,79,79,79],"card_choices":[{"not_picked":["Dagger Spray","Quick Slash"],"picked":"Escape Plan","floor":1},{"not_picked":["Predator","Deflect"],"picked":"Poisoned Stab","floor":4},{"not_picked":["Riddle With Holes","Expertise"],"picked":"Bane","floor":5},{"not_picked":["Dagger Spray","Sucker Punch"],"picked":"Backflip","floor":7},{"not_picked":["Backflip","Dash"],"picked":"Endless Agony","floor":11},{"not_picked":["Choke","Escape Plan","Tactician"],"picked":"SKIP","floor":13},{"not_picked":["Flying Knee","Quick Slash"],"picked":"Deadly Poison","floor":14},{"not_picked":["Storm of Steel","Corpse Explosion"],"picked":"After Image+1","floor":16},{"not_picked":["PiercingWail","Backflip+1"],"picked":"Flying Knee","floor":18},{"not_picked":["Flying Knee","Acrobatics","Masterful Stab"],"picked":"SKIP","floor":20},{"not_picked":["Dagger Spray","PiercingWail"],"picked":"Caltrops+1","floor":22},{"not_picked":["Crippling Poison","All Out Attack"],"picked":"Bullet Time","floor":24},{"not_picked":["Dodge and Roll+1","Tactician","Dagger Throw"],"picked":"SKIP","floor":25},{"not_picked":["Dagger Spray","Bane","Acrobatics+1"],"picked":"Singing Bowl","floor":29},{"not_picked":["Deflect","Underhanded Strike"],"picked":"Footwork+1","floor":31},{"not_picked":["Adrenaline","Doppelganger"],"picked":"Night Terror","floor":33},{"not_picked":["Flechettes+1","Quick Slash","Masterful Stab"],"picked":"Singing Bowl","floor":35},{"not_picked":["Dagger Throw+1","Bane+1","Well Laid Plans+1"],"picked":"Singing Bowl","floor":36},{"not_picked":["PiercingWail","Quick Slash"],"picked":"Envenom+1","floor":38},{"not_picked":["Finisher+1","Skewer","Cloak And Dagger"],"picked":"Singing Bowl","floor":39},{"not_picked":["Well Laid Plans+1","Flying Knee","Bouncing Flask+1"],"picked":"Singing Bowl","floor":41},{"not_picked":["Bane","PiercingWail+1","Backflip+1","Concentrate+1"],"picked":"Singing Bowl","floor":47}],"player_experience":429991,"relics_obtained":[{"floor":9,"key":"Frozen Egg 2"},{"floor":26,"key":"Singing Bowl"},{"floor":29,"key":"Lantern"},{"floor":42,"key":"Potion Belt"},{"floor":43,"key":"Question Card"}],"event_choices":[{"event_name":"Golden Idol","player_choice":"Ignored","floor":2,"damage_taken":0},{"event_name":"The Cleric","player_choice":"Card Removal","floor":3,"damage_taken":0},{"event_name":"Upgrade Shrine","player_choice":"Upgraded","floor":6,"damage_taken":0},{"event_name":"Living Wall","player_choice":"Forget","floor":12,"damage_taken":0},{"event_name":"Transmorgrifier","player_choice":"Transform","floor":21,"damage_taken":0},{"event_name":"FaceTrader","player_choice":"Trade","floor":28,"damage_taken":0},{"event_name":"Falling","player_choice":"Removed Attack","floor":45,"damage_taken":0}],"is_beta":false,"boss_relics":[{"not_picked":["Busted Crown","Black Star"],"picked":"Cursed Key"},{"not_picked":["Fusion Hammer","Runic Pyramid"],"picked":"Sozu"}],"items_purged_floors":[30],"is_endless":false,"potions_floor_spawned":[4,7,13,14,20,22,36,47],"ascension_level":0}