{"gold_per_floor":[19,19,19,96,113,131,131,141,187,207,207,12,29,46,46,142,142,154,154,154,69,69,80,113,125,425,451,451,61,71,96,96,199,199,218,63,63,0,0,0,0,25,25,25,25,25,40,60,60,60],"floor_reached":50,"playtime":3308,"items_purged":["Rupture"],"score":673,"play_id":"4d57f9ab-9c7d-4c8f-8864-1ca9ff021fe0","local_time":"20180714000537","is_ascension_mode":false,"campfire_choices":[{"data":"Panache","floor":15,"key":"SMITH"},{"data":"Whirlwind","floor":32,"key":"SMITH"},{"floor":40,"key":"REST"},{"floor":44,"key":"REST"},{"floor":46,"key":"REST"},{"data":"Double Tap","floor":49,"key":"SMITH"}],"neow_cost":"NO_GOLD","seed_source_timestamp":265426722850244,"circlet_count":0,"master_deck":["Defend_R","Defend_R","Defend_R","Defend_R","Bash","Clash","Inflame","Whirlwind+1","Panache+1","Spot Weakness","Reaper","Armaments+1","Shrug It Off","Fiend Fire","Double Tap+1","Heavy Blade+1","Body Slam"],"relics":["Burning Blood","Incense Burner","Ice Cream","Happy Flower","Sozu","FaceOfCleric","Juzu Bracelet","Self Forming Clay","Old Coin","Blood Vial","Gambling Chip","Anchor","Empty Cage","Lantern","Red Mask","Peace Pipe","Bird Faced Urn","Toxic Egg 2"],"potions_floor_usage":[24,24,25],"damage_taken":[{"damage":7,"enemies":"Small Slimes","floor":1,"turns":4},{"damage":0,"enemies":"2 Louse","floor":5,"turns":3},{"damage":1,"enemies":"Jaw Worm","floor":6,"turns":3},{"damage":2,"enemies":"Blue Slaver","floor":8,"turns":3},{"damage":2,"enemies":"Exordium Wildlife","floor":10,"turns":4},{"damage":4,"enemies":"Red Slaver","floor":13,"turns":4},{"damage":11,"enemies":"3 Louse","floor":14,"turns":4},{"damage":16,"enemies":"The Guardian","floor":16,"turns":11},{"damage":0,"enemies":"3 Byrds","floor":18,"turns":3},{"damage":14,"enemies":"Spheric Guardian","floor":23,"turns":4},{"damage":27,"enemies":"Book of Stabbing","floor":24,"turns":5},{"damage":0,"enemies":"3 Cultists","floor":25,"turns":3},{"damage":8,"enemies":"Sentry and Sphere","floor":30,"turns":3},{"damage":36,"enemies":"Slavers","floor":31,"turns":6},{"damage":23,"enemies":"Champ","floor":33,"turns":10},{"damage":0,"enemies":"Orb Walker","floor":35,"turns":2},{"damage":40,"floor":39,"turns":7},{"damage":105,"enemies":"2 Orb Walkers","floor":42,"turns":6},{"damage":8,"enemies":"3 Darklings","floor":47,"turns":5},{"damage":26,"enemies":"Flame Bruiser 2 Orb","floor":48,"turns":4},{"damage":94,"enemies":"Awakened One","floor":50,"turns":9}],"seed_played":"-2462352066435115003","potions_obtained":[{"floor":10,"key":"Fire Potion"},{"floor":13,"key":"Strength Potion"},{"floor":14,"key":"Explosive Potion"}],"is_trial":false,"path_per_floor":["M","?","T","?","M","M","?","M","T","M","$","$","M","M","R","B",null,"M","?","?","?","?","M","E","M","T","T","?","$","M","E","R","B",null,"M","$","?","?","?","R","?","E","T","R","$","R","M","M","R"],"character_chosen":"IRONCLAD","items_purchased":["Panache","Gambling Chip","Lantern"],"campfire_rested":3,"item_purchase_floors":[12,29,36],"current_hp_per_floor":[79,79,79,79,80,80,80,80,80,80,80,80,80,75,75,65,80,80,80,80,80,80,78,72,83,83,83,83,83,82,72,72,65,86,87,87,87,87,63,88,88,20,20,46,46,72,90,71,71,0],"gold":60,"neow_bonus":"ONE_RARE_RELIC","is_prod":false,"is_daily":false,"chose_seed":false,"campfire_upgraded":3,"win_rate":0,"timestamp":1531523137,"path_taken":["M","?","?","?","?","M","?","?","T","M","?","$","M","M","R","BOSS","M","?","?","?","?","M","E","M","T","?","?","$","M","E","R","BOSS","M","$","?","?","?","R","?","E","T","R","$","R","M","M","R","BOSS"],"build_version":"2018-07-12","purchased_purges":1,"victory":false,"max_hp_per_floor":[80,80,80,80,80,80,80,80,80,80,80,80,80,80,80,80,80,80,80,80,80,80,81,82,83,83,83,83,83,84,85,85,86,86,87,87,87,87,88,88,88,89,89,89,89,89,90,91,91,91],"card_choices":[{"not_picked":["Heavy Blade","Wild Strike"],"picked":"Clash","floor":1},{"not_picked":["Combust","Second Wind","Shockwave"],"picked":"SKIP","floor":5},{"not_picked":["Sword Boomerang","Warcry"],"picked":"Inflame","floor":6},{"not_picked":["Reckless Charge","True Grit"],"picked":"Pommel Strike","floor":8},{"not_picked":["Headbutt","Clothesline"],"picked":"Whirlwind","floor":10},{"not_picked":["Flex","Uppercut","Headbutt"],"picked":"SKIP","floor":13},{"not_picked":["Perfected Strike","Iron Wave"],"picked":"Spot Weakness","floor":14},{"not_picked":["Brutality","Feed"],"picked":"Reaper","floor":16},{"not_picked":["Clash","Clothesline","Evolve"],"picked":"SKIP","floor":18},{"not_picked":["Metallicize","Sword Boomerang"],"picked":"Armaments+1","floor":23},{"not_picked":["True Grit","Dropkick"],"picked":"Shrug It Off","floor":24},{"not_picked":["Corruption","Juggernaut","Clash+1"],"picked":"SKIP","floor":25},{"not_picked":["Sever Soul","Infernal Blade+1","Seeing Red"],"picked":"SKIP","floor":30},{"not_picked":["Whirlwind","Ghostly Armor","Spot Weakness"],"picked":"SKIP","floor":31},{"not_picked":["Dark Embrace","Offering"],"picked":"Double Tap","floor":33},{"not_picked":["Rage+1","Spot Weakness"],"picked":"Heavy Blade+1","floor":35},{"not_picked":["Cleave","Flame Barrier+1","Thunderclap+1"],"picked":"SKIP","floor":42},{"not_picked":["Power Through+1","Sword Boomerang"],"picked":"Body Slam","floor":47},{"not_picked":["Twin Strike","Havoc+1","Perfected Strike"],"picked":"SKIP","floor":48}],"player_experience":310448,"relics_obtained":[{"floor":3,"key":"Ice Cream"},{"floor":9,"key":"Happy Flower"},{"floor":24,"key":"Self Forming Clay"},{"floor":26,"key":"Old Coin"},{"floor":27,"key":"Blood Vial"},{"floor":31,"key":"Anchor"},{"floor":39,"key":"Peace Pipe"},{"floor":42,"key":"Bird Faced Urn"},{"floor":43,"key":"Toxic Egg 2"}],"event_choices":[{"event_name":"Living Wall","player_choice":"Forget","floor":2,"damage_taken":0},{"event_name":"Golden Wing","player_choice":"Gained Gold","floor":4,"damage_taken":0},{"event_name":"Shining Light","player_choice":"Ignored","floor":7,"damage_taken":0},{"event_name":"FaceTrader","player_choice":"Trade","floor":19,"damage_taken":0},{"event_name":"Back to Basics","player_choice":"Elegance","floor":20,"damage_taken":0},{"event_name":"Addict","player_choice":"Obtained Relic","floor":21,"damage_taken":0},{"event_name":"Transmorgrifier","player_choice":"Transform","floor":22,"damage_taken":0},{"event_name":"Match and Keep!","player_choice":"1 cards matched","floor":28,"damage_taken":0},{"event_name":"Falling","player_choice":"Removed Attack","floor":37,"damage_taken":0},{"event_name":"Tomb of Lord Red Mask","player_choice":"Paid","floor":38,"damage_taken":0},{"event_name":"MindBloom","player_choice":"Fight","floor":39,"damage_taken":0},{"event_name":"Mysterious Sphere","player_choice":"Ignore","floor":41,"damage_taken":0}],"boss_relics":[{"not_picked":["Tiny House","Eternal Feather"],"picked":"Sozu"},{"not_picked":["Calling Bell","Orrery"],"picked":"Empty Cage"}],"items_purged_floors":[29],"is_endless":false,"potions_floor_spawned":[10,13,14,31,33,39,42,47,48],"killed_by":"Awakened One","ascension_level":0}