{"gold_per_floor":[116,66,66,82,82,107,107,32,56,89,89,102,117,137,137,137],"floor_reached":16,"playtime":733,"items_purged":["Defend_R"],"score":127,"play_id":"ebca1374-325a-4356-9d39-473914491ca6","local_time":"20190211105730","is_ascension_mode":true,"campfire_choices":[{"data":"Pommel Strike","floor":7,"key":"SMITH"},{"floor":15,"key":"REST"}],"neow_cost":"NONE","seed_source_timestamp":180009003362700,"circlet_count":0,"master_deck":["Strike_R","Strike_R+1","Defend_R","Defend_R","Defend_R","Bash+1","Pommel Strike+1","Sword Boomerang","Limit Break","Sword Boomerang","Whirlwind"],"relics":["Burning Blood","Boot","Whetstone","Smiling Mask"],"potions_floor_usage":[10,10,16],"damage_taken":[{"damage":5,"enemies":"2 Louse","floor":1,"turns":3},{"damage":7,"enemies":"Small Slimes","floor":4,"turns":3},{"damage":48,"enemies":"Gremlin Nob","floor":6,"turns":5},{"damage":25,"enemies":"3 Sentries","floor":10,"turns":5},{"damage":12,"enemies":"Jaw Worm","floor":12,"turns":2},{"damage":0,"enemies":"3 Louse","floor":13,"turns":2},{"damage":5,"enemies":"Gremlin Gang","floor":14,"turns":3},{"damage":55,"enemies":"Slime Boss","floor":16,"turns":7}],"seed_played":"-4571082725235953695","potions_obtained":[{"floor":1,"key":"Swift Potion"},{"floor":4,"key":"Explosive Potion"},{"floor":6,"key":"AttackPotion"},{"floor":14,"key":"FairyPotion"}],"is_trial":false,"path_per_floor":["M","?","?","M","?","E","R","$","T","E","?","M","M","M","R","B"],"character_chosen":"IRONCLAD","items_purchased":[],"campfire_rested":1,"item_purchase_floors":[],"current_hp_per_floor":[80,80,80,79,79,37,37,37,37,18,18,12,18,19,43,0],"gold":137,"neow_bonus":"REMOVE_CARD","is_prod":false,"is_daily":false,"chose_seed":false,"campfire_upgraded":1,"win_rate":0,"timestamp":1549911450,"path_taken":["M","?","?","M","?","E","R","$","T","E","?","M","M","M","R","BOSS"],"build_version":"2019-01-23","purchased_purges":1,"victory":false,"max_hp_per_floor":[80,80,80,80,80,80,80,80,80,80,80,80,80,80,80,80],"card_choices":[{"not_picked":["Ghostly Armor","Metallicize"],"picked":"Pommel Strike","floor":1},{"not_picked":["Wild Strike","Havoc","Blood for Blood"],"picked":"SKIP","floor":4},{"not_picked":["Corruption","Body Slam","Perfected Strike"],"picked":"SKIP","floor":6},{"not_picked":["Clothesline","Pommel Strike"],"picked":"Sword Boomerang","floor":10},{"not_picked":["Twin Strike","Perfected Strike"],"picked":"Limit Break","floor":12},{"not_picked":["Pommel Strike","Clothesline"],"picked":"Sword Boomerang","floor":13},{"not_picked":["Inflame","Shockwave"],"picked":"Whirlwind","floor":14}],"player_experience":131767,"relics_obtained":[{"floor":6,"key":"Boot"},{"floor":9,"key":"Whetstone"},{"floor":10,"key":"Smiling Mask"}],"event_choices":[{"cards_removed":["Strike_R"],"damage_healed":0,"gold_gain":0,"player_choice":"Card Removal","damage_taken":0,"max_hp_gain":0,"max_hp_loss":0,"event_name":"The Cleric","floor":2,"gold_loss":50},{"cards_removed":["Strike_R"],"damage_healed":0,"gold_gain":0,"player_choice":"Forget","damage_taken":0,"max_hp_gain":0,"max_hp_loss":0,"event_name":"Living Wall","floor":3,"gold_loss":0},{"damage_healed":0,"gold_gain":0,"player_choice":"Ignored","damage_taken":0,"max_hp_gain":0,"max_hp_loss":0,"event_name":"Liars Game","floor":5,"gold_loss":0},{"damage_healed":0,"gold_gain":0,"player_choice":"0 cards matched","damage_taken":0,"max_hp_gain":0,"max_hp_loss":0,"event_name":"Match and Keep!","floor":11,"gold_loss":0,"cards_obtained":[]}],"is_beta":false,"boss_relics":[],"items_purged_floors":[8],"is_endless":false,"potions_floor_spawned":[1,4,6,14],"killed_by":"Slime Boss","ascension_level":3}