{"gold_per_floor":[114,124,140,152,152,152,152,186,186,197,216,236,252,103,103,103],"floor_reached":16,"playtime":1262,"items_purged":[],"score":111,"play_id":"c51f181f-4e1f-4341-b0b6-61d3b7ffff8f","local_time":"20190728212309","is_ascension_mode":true,"campfire_choices":[{"floor":7,"key":"REST"},{"floor":15,"key":"REST"}],"neow_cost":"PERCENT_DAMAGE","seed_source_timestamp":15603590280800,"circlet_count":0,"master_deck":["Strike_R","Strike_R","Strike_R","Strike_R","Defend_R","Defend_R","Defend_R","Defend_R","Bash","Bludgeon","Pommel Strike","Pommel Strike","Cleave","Armaments","Pommel Strike","Impervious","Spot Weakness","Immolate"],"relics":["Burning Blood","Mummified Hand","Frozen Egg 2","Shuriken"],"potions_floor_usage":[8],"damage_taken":[{"damage":6,"enemies":"2 Louse","floor":1,"turns":4},{"damage":6,"enemies":"Jaw Worm","floor":2,"turns":2},{"damage":0,"enemies":"Cultist","floor":3,"turns":2},{"damage":21,"enemies":"Lots of Slimes","floor":4,"turns":4},{"damage":34,"enemies":"Gremlin Nob","floor":8,"turns":5},{"damage":3,"enemies":"Red Slaver","floor":10,"turns":3},{"damage":12,"enemies":"Exordium Wildlife","floor":11,"turns":3},{"damage":6,"enemies":"3 Louse","floor":12,"turns":2},{"damage":11,"enemies":"Large Slime","floor":13,"turns":5},{"damage":54,"enemies":"The Guardian","floor":16,"turns":5}],"seed_played":"6241665519595729843","potions_obtained":[{"floor":2,"key":"Swift Potion"},{"floor":8,"key":"Swift Potion"},{"floor":12,"key":"Dexterity Potion"},{"floor":13,"key":"Fire Potion"}],"is_trial":false,"path_per_floor":["M","M","M","M","?","?","R","E","T","M","M","M","M","$","R","B"],"character_chosen":"IRONCLAD","items_purchased":["Immolate"],"campfire_rested":2,"item_purchase_floors":[14],"current_hp_per_floor":[56,56,62,47,40,40,64,36,36,39,33,33,28,28,52,0],"gold":103,"neow_bonus":"THREE_RARE_CARDS","is_prod":false,"is_daily":false,"chose_seed":false,"campfire_upgraded":0,"win_rate":0,"timestamp":1564370589,"path_taken":["M","M","M","M","?","?","R","E","T","M","M","M","?","$","R","BOSS"],"build_version":"2019-07-17","purchased_purges":0,"victory":false,"max_hp_per_floor":[80,80,80,80,80,80,80,80,80,80,80,80,80,80,80,80],"card_choices":[{"not_picked":["Immolate","Juggernaut"],"picked":"Bludgeon","floor":0},{"not_picked":["Wild Strike","Thunderclap"],"picked":"Pommel Strike","floor":1},{"not_picked":["Thunderclap","Heavy Blade"],"picked":"Pommel Strike","floor":2},{"not_picked":["Twin Strike","Brutality"],"picked":"Cleave","floor":3},{"not_picked":["Cleave","Flex"],"picked":"Armaments","floor":4},{"not_picked":["Wild Strike","Twin Strike"],"picked":"Pommel Strike","floor":8},{"not_picked":["Fire Breathing+1","Rupture+1","Thunderclap"],"picked":"SKIP","floor":10},{"not_picked":["Warcry","Heavy Blade","Clash"],"picked":"SKIP","floor":11},{"not_picked":["Headbutt","Corruption+1"],"picked":"Impervious","floor":12},{"not_picked":["Shrug It Off","Anger"],"picked":"Spot Weakness","floor":13}],"player_experience":78483,"relics_obtained":[{"floor":8,"key":"Frozen Egg 2"},{"floor":9,"key":"Shuriken"}],"event_choices":[{"damage_healed":0,"gold_gain":0,"player_choice":"Success","damage_taken":7,"relics_obtained":["Mummified Hand"],"max_hp_gain":0,"max_hp_loss":0,"event_name":"Scrap Ooze","floor":5,"gold_loss":0},{"cards_removed":["Strike_R"],"damage_healed":0,"gold_gain":0,"player_choice":"Offered Basic","damage_taken":0,"max_hp_gain":0,"max_hp_loss":0,"event_name":"Bonfire Elementals","floor":6,"gold_loss":0}],"is_beta":false,"boss_relics":[],"items_purged_floors":[],"is_endless":false,"potions_floor_spawned":[2,8,12,13],"killed_by":"The Guardian","ascension_level":1}