{"gold_per_floor":[114,133,58,75,93,93,122,22,90,112,112,186,202,213,213,311,311,323,96,96,21,21,21,50,67,67,83,83],"floor_reached":28,"playtime":874,"items_purged":["Pain","Doubt"],"score":286,"play_id":"97962f53-315b-4100-bdac-dd2e33c3286b","local_time":"20190413153047","is_ascension_mode":true,"campfire_choices":[{"floor":6,"key":"REST"},{"floor":15,"key":"REST"},{"floor":23,"key":"REST"}],"neow_cost":"NONE","seed_source_timestamp":50821063136467,"circlet_count":0,"master_deck":["Defend_G","Defend_G","Defend_G+1","Defend_G","Defend_G+1","Strike_G","Strike_G","Strike_G","Strike_G","Survivor","Neutralize","Injury","Caltrops","Dagger Spray","Poisoned Stab","Deadly Poison","Leg Sweep","Cloak And Dagger+1","Unload","Corpse Explosion","Deadly Poison","Noxious Fumes","Necronomicurse","Quick Slash+1","Noxious Fumes","Bane"],"relics":["Calling Bell","Dream Catcher","Kunai","StoneCalendar","Incense Burner","Gremlin Horn","Odd Mushroom","Shuriken","White Beast Statue","Bronze Scales","Necronomicon","Pen Nib","Darkstone Periapt"],"potions_floor_usage":[4,5,7,7,10,16,24,27,27],"damage_taken":[{"damage":16,"enemies":"Cultist","floor":1,"turns":6},{"damage":10,"enemies":"Small Slimes","floor":2,"turns":4},{"damage":1,"enemies":"2 Louse","floor":4,"turns":4},{"damage":5,"enemies":"Blue Slaver","floor":5,"turns":5},{"damage":10,"enemies":"Lagavulin","floor":7,"turns":7},{"damage":8,"enemies":"The Mushroom Lair","floor":10,"turns":5},{"damage":0,"enemies":"3 Louse","floor":13,"turns":3},{"damage":13,"enemies":"Gremlin Gang","floor":14,"turns":4},{"damage":25,"enemies":"The Guardian","floor":16,"turns":10},{"damage":10,"enemies":"3 Byrds","floor":18,"turns":3},{"damage":59,"enemies":"Gremlin Leader","floor":24,"turns":7},{"damage":0,"enemies":"Chosen","floor":25,"turns":5},{"damage":3,"enemies":"Centurion and Healer","floor":27,"turns":6},{"damage":4,"enemies":"Snake Plant","floor":28,"turns":2}],"seed_played":"9011922850715376773","potions_obtained":[{"floor":2,"key":"EntropicBrew"},{"floor":5,"key":"SkillPotion"},{"floor":7,"key":"Block Potion"},{"floor":16,"key":"Weak Potion"},{"floor":18,"key":"Ancient Potion"},{"floor":24,"key":"SneckoOil"},{"floor":25,"key":"AttackPotion"},{"floor":27,"key":"Fire Potion"}],"is_trial":false,"path_per_floor":["M","M","$","M","M","R","E","$","T","?","?","T","M","M","R","B",null,"M","$","?","?","?","R","E","M","T","M","M"],"character_chosen":"THE_SILENT","items_purchased":["Bronze Scales","Noxious Fumes"],"campfire_rested":3,"item_purchase_floors":[19,19],"current_hp_per_floor":[54,44,44,43,38,59,49,49,49,41,27,27,27,14,35,25,70,60,60,44,44,44,65,6,6,6,3,0],"gold":83,"neow_bonus":"BOSS_RELIC","is_prod":false,"is_daily":false,"chose_seed":false,"campfire_upgraded":0,"win_rate":0,"timestamp":1555183847,"path_taken":["M","M","$","M","?","R","E","$","T","?","?","?","M","M","R","BOSS","M","$","?","?","?","R","E","?","T","M","M"],"build_version":"2019-01-23","purchased_purges":2,"victory":false,"max_hp_per_floor":[70,70,70,70,70,70,70,70,70,70,70,70,70,70,70,70,70,70,70,70,70,70,70,70,70,70,70,70],"card_choices":[{"not_picked":["Blade Dance","Acrobatics"],"picked":"Caltrops","floor":1},{"not_picked":["Quick Slash","Dodge and Roll","Riddle With Holes"],"picked":"SKIP","floor":2},{"not_picked":["Reflex","Dagger Throw"],"picked":"Dagger Spray","floor":4},{"not_picked":["Night Terror","Outmaneuver"],"picked":"Poisoned Stab","floor":5},{"not_picked":["Dodge and Roll","PiercingWail"],"picked":"Deadly Poison","floor":7},{"not_picked":["Dodge and Roll","Setup"],"picked":"Leg Sweep","floor":10},{"not_picked":["Eviscerate","Concentrate"],"picked":"Cloak And Dagger","floor":13},{"not_picked":["Catalyst","Flechettes","Flying Knee"],"picked":"SKIP","floor":14},{"not_picked":["Flying Knee","Dodge and Roll"],"picked":"Unload","floor":15},{"not_picked":["A Thousand Cuts","Venomology"],"picked":"Corpse Explosion","floor":16},{"not_picked":["Outmaneuver","Deflect+1"],"picked":"Deadly Poison","floor":18},{"not_picked":["Sucker Punch+1","Crippling Poison"],"picked":"Quick Slash+1","floor":23},{"not_picked":["Poisoned Stab","Prepared"],"picked":"Noxious Fumes","floor":24},{"not_picked":["Concentrate","Caltrops"],"picked":"Bane","floor":25},{"not_picked":["Sucker Punch","Dodge and Roll","Blur"],"picked":"SKIP","floor":27}],"player_experience":312232,"relics_obtained":[{"floor":0,"key":"Dream Catcher"},{"floor":0,"key":"Kunai"},{"floor":0,"key":"StoneCalendar"},{"floor":7,"key":"Incense Burner"},{"floor":9,"key":"Gremlin Horn"},{"floor":10,"key":"Odd Mushroom"},{"floor":12,"key":"Shuriken"},{"floor":20,"key":"Necronomicon"},{"floor":24,"key":"Pen Nib"},{"floor":26,"key":"Darkstone Periapt"}],"event_choices":[{"damage_healed":0,"gold_gain":0,"player_choice":"Fought Mushrooms","damage_taken":0,"max_hp_gain":0,"max_hp_loss":0,"event_name":"Mushrooms","floor":10,"gold_loss":0},{"damage_healed":0,"gold_gain":0,"player_choice":"Entered Light","damage_taken":14,"max_hp_gain":0,"max_hp_loss":0,"event_name":"Shining Light","floor":11,"gold_loss":0,"cards_upgraded":["Defend_G","Defend_G"]},{"damage_healed":0,"gold_gain":0,"player_choice":"Obtained Book","damage_taken":16,"max_hp_gain":0,"max_hp_loss":0,"event_name":"Cursed Tome","floor":20,"gold_loss":0},{"cards_removed":["Strike_G"],"damage_healed":0,"gold_gain":0,"player_choice":"Gave Gold","damage_taken":0,"max_hp_gain":0,"max_hp_loss":0,"event_name":"Beggar","floor":21,"gold_loss":75},{"damage_healed":0,"gold_gain":0,"player_choice":"Upgraded","damage_taken":0,"max_hp_gain":0,"max_hp_loss":0,"event_name":"Upgrade Shrine","floor":22,"gold_loss":0,"cards_upgraded":["Cloak And Dagger"]}],"is_beta":false,"boss_relics":[{"not_picked":["Orrery","Black Star"],"picked":"White Beast Statue"}],"items_purged_floors":[3,8],"is_endless":false,"potions_floor_spawned":[2,5,7,16,18,24,25,27],"killed_by":"Snake Plant","ascension_level":4}