{"gold_per_floor":[109,109,34,109,124,124,29,48,348,348,298,298,308,322,322,421,421,439,538,555,555,569,569,580,580],"floor_reached":25,"playtime":1593,"items_purged":["Strike_B"],"score":251,"play_id":"16335374-c770-4e60-992b-5f0b1bb54d0e","local_time":"20190611013016","is_ascension_mode":true,"campfire_choices":[{"data":"Dualcast","floor":6,"key":"SMITH"},{"floor":12,"key":"REST"},{"data":"Zap","floor":15,"key":"SMITH"},{"floor":23,"key":"REST"}],"neow_cost":"NONE","seed_source_timestamp":657097813568800,"circlet_count":0,"master_deck":["Strike_B","Defend_B","Defend_B","Defend_B","Defend_B","Zap+1","Dualcast+1","Rebound","Blizzard","Scrape","Gash","Chill","Reboot","Go for the Eyes+1"],"relics":["Cracked Core","Old Coin","Unceasing Top","Calling Bell","Blood Vial","Gremlin Horn","Girya"],"potions_floor_usage":[13,16,20,22],"damage_taken":[{"damage":2,"enemies":"Jaw Worm","floor":1,"turns":3},{"damage":0,"enemies":"Small Slimes","floor":5,"turns":2},{"damage":1,"enemies":"Cultist","floor":8,"turns":4},{"damage":0,"enemies":"3 Louse","floor":13,"turns":3},{"damage":6,"enemies":"Looter","floor":14,"turns":3},{"damage":38,"enemies":"The Guardian","floor":16,"turns":11},{"damage":15,"enemies":"Chosen","floor":18,"turns":5},{"damage":8,"enemies":"Shell Parasite","floor":20,"turns":5},{"damage":24,"enemies":"Cultist and Chosen","floor":22,"turns":5},{"damage":22,"enemies":"Centurion and Healer","floor":24,"turns":6},{"damage":26,"enemies":"Book of Stabbing","floor":25,"turns":4}],"seed_played":"4807431495856917365","potions_obtained":[{"floor":1,"key":"Regen Potion"},{"floor":8,"key":"LiquidBronze"},{"floor":16,"key":"SkillPotion"},{"floor":20,"key":"Poison Potion"}],"is_trial":false,"path_per_floor":["M","?","$","?","M","R","$","M","T","?","?","R","M","M","R","B",null,"M","?","M","?","M","R","M","E"],"character_chosen":"DEFECT","items_purchased":["Scrape","Gash"],"campfire_rested":2,"item_purchase_floors":[7,7],"current_hp_per_floor":[66,59,59,48,48,48,48,47,47,22,22,44,53,47,47,9,59,46,46,40,40,18,40,20,0],"gold":580,"neow_bonus":"THREE_CARDS","is_prod":false,"is_daily":false,"chose_seed":false,"campfire_upgraded":2,"win_rate":0,"timestamp":1560241816,"path_taken":["M","?","$","?","?","R","?","M","T","?","?","R","M","M","R","BOSS","M","?","M","?","?","R","M","E"],"build_version":"2019-01-23","purchased_purges":1,"victory":false,"max_hp_per_floor":[75,75,75,75,75,75,75,75,75,75,75,75,75,75,75,75,75,75,75,75,75,75,75,75,75],"card_choices":[{"not_picked":["Leap","Steam"],"picked":"Rebound","floor":0},{"not_picked":["Rebound","Turbo"],"picked":"Blizzard","floor":1},{"not_picked":["Compile Driver","Hologram","Steam Power"],"picked":"SKIP","floor":5},{"not_picked":["Steam Power","Turbo"],"picked":"Chill","floor":8},{"not_picked":["Redo","Coolheaded","Reinforced Body"],"picked":"SKIP","floor":13},{"not_picked":["Double Energy","Hologram","Barrage"],"picked":"SKIP","floor":14},{"not_picked":["Hyperbeam","Rainbow"],"picked":"Reboot","floor":16},{"not_picked":["Steam Power","Rebound","White Noise"],"picked":"SKIP","floor":18},{"not_picked":["FTL","Steam Power+1","Aggregate"],"picked":"SKIP","floor":20},{"not_picked":["Force Field","Conserve Battery"],"picked":"Go for the Eyes+1","floor":22},{"not_picked":["Sweeping Beam","Compile Driver+1","Defragment"],"picked":"SKIP","floor":24}],"player_experience":456926,"relics_obtained":[{"floor":9,"key":"Old Coin"},{"floor":17,"key":"Blood Vial"},{"floor":17,"key":"Gremlin Horn"},{"floor":17,"key":"Girya"}],"event_choices":[{"cards_removed":["Strike_B"],"damage_healed":0,"gold_gain":0,"player_choice":"Card Removal","damage_taken":7,"max_hp_gain":0,"max_hp_loss":0,"event_name":"Golden Wing","floor":2,"gold_loss":0},{"damage_healed":0,"gold_gain":75,"player_choice":"Gather Gold","damage_taken":11,"max_hp_gain":0,"max_hp_loss":0,"event_name":"World of Goop","floor":4,"gold_loss":0},{"damage_healed":0,"gold_gain":0,"player_choice":"Success","damage_taken":25,"relics_obtained":["Unceasing Top"],"max_hp_gain":0,"max_hp_loss":0,"event_name":"Scrap Ooze","floor":10,"gold_loss":0},{"cards_removed":["Strike_B"],"damage_healed":0,"gold_gain":0,"player_choice":"Card Removal","damage_taken":0,"max_hp_gain":0,"max_hp_loss":0,"event_name":"The Cleric","floor":11,"gold_loss":50},{"damage_healed":0,"gold_gain":99,"player_choice":"Stole From Cult","damage_taken":0,"max_hp_gain":0,"max_hp_loss":0,"event_name":"Nest","floor":19,"gold_loss":0},{"damage_healed":0,"gold_gain":0,"player_choice":"Bought 0 Potions","damage_taken":0,"max_hp_gain":0,"max_hp_loss":0,"event_name":"The Woman in Blue","floor":21,"gold_loss":0}],"is_beta":false,"boss_relics":[{"not_picked":["Fusion Hammer","Tiny House"],"picked":"Calling Bell"}],"items_purged_floors":[3],"is_endless":false,"potions_floor_spawned":[1,8,16,20],"killed_by":"Book of Stabbing","ascension_level":6}