{"gold_per_floor":[110,129,45,45,63,63,98,116,165,184,184,184,184,210,210,312,312,329,259,259,93,93,93,119,129,152,168,79,92,92,109,109,205,205,219,219,230,230,230,248,248,294,318,318,7,17,17,37,37,37],"floor_reached":51,"playtime":2884,"items_purged":[],"score":1025,"play_id":"da473a84-d4fa-449e-975c-a60a2e8bf1b3","local_time":"20190131125518","is_ascension_mode":true,"campfire_choices":[{"data":"Mind Blast","floor":6.0,"key":"SMITH"},{"floor":11.0,"key":"REST"},{"data":"Bash","floor":13.0,"key":"SMITH"},{"data":"Heavy Blade","floor":15.0,"key":"SMITH"},{"floor":23.0,"key":"REST"},{"floor":30,"key":"REST"},{"floor":32,"key":"REST"},{"floor":41,"key":"REST"},{"floor":44,"key":"REST"},{"floor":49,"key":"REST"}],"neow_cost":"NONE","seed_source_timestamp":0,"circlet_count":0,"master_deck":["AscendersBane","Strike_R","Strike_R+1","Strike_R","Defend_R","Defend_R","Defend_R","Defend_R","Bash+1","Perfected Strike+1","Evolve","Mind Blast+1","Spot Weakness","Shrug It Off","Heavy Blade+1","Twin Strike","Cleave+1","Limit Break","Ghostly Armor","Metallicize","Reaper+1","Headbutt+1","Armaments","Demon Form","Rage+1","Anger+1","Good Instincts","Clothesline+1","Cleave+1","Juggernaut","Trip","Flash of Steel+1","Shrug It Off+1","Madness","Madness","Body Slam+1","Intimidate","Dramatic Entrance+1","Whirlwind+1","Heavy Blade+1"],"special_seed":0,"relics":["Black Blood","NeowsBlessing","Ornamental Fan","Ancient Tea Set","Potion Belt","Molten Egg 2","Fusion Hammer","Lantern","Whetstone","Red Skull","Art of War","Orichalcum"],"potions_floor_usage":[33,33,40,46,48,50],"damage_taken":[{"damage":0.0,"enemies":"2 Louse","floor":1.0,"turns":1.0},{"damage":0.0,"enemies":"Jaw Worm","floor":2.0,"turns":1.0},{"damage":0.0,"enemies":"Cultist","floor":5.0,"turns":1.0},{"damage":20.0,"enemies":"Gremlin Nob","floor":7.0,"turns":4.0},{"damage":18.0,"enemies":"Looter","floor":8.0,"turns":4.0},{"damage":0.0,"enemies":"Large Slime","floor":10.0,"turns":4.0},{"damage":7.0,"enemies":"3 Sentries","floor":14.0,"turns":4.0},{"damage":42.0,"enemies":"Slime Boss","floor":16.0,"turns":8.0},{"damage":11.0,"enemies":"Spheric Guardian","floor":18.0,"turns":3.0},{"damage":69.0,"enemies":"Book of Stabbing","floor":24.0,"turns":6.0},{"damage":18.0,"enemies":"2 Thieves","floor":25.0,"turns":3.0},{"damage":0.0,"enemies":"Cultist and Chosen","floor":27.0,"turns":6.0},{"damage":34,"enemies":"Chosen and Byrds","floor":29,"turns":7},{"damage":2,"enemies":"3 Cultists","floor":31,"turns":5},{"damage":72,"enemies":"Collector","floor":33,"turns":10},{"damage":2,"enemies":"Orb Walker","floor":35,"turns":2},{"damage":7,"enemies":"3 Shapes","floor":37,"turns":5},{"damage":49,"enemies":"Spire Growth","floor":40,"turns":5},{"damage":34,"enemies":"Jaw Worm Horde","floor":46,"turns":5},{"damage":11,"enemies":"3 Darklings","floor":48,"turns":5},{"damage":105,"enemies":"Donu and Deca","floor":50,"turns":8}],"seed_played":"-6312549840654618015","potions_obtained":[{"floor":5.0,"key":"FearPotion"},{"floor":7.0,"key":"FearPotion"},{"floor":8.0,"key":"Poison Potion"},{"floor":10.0,"key":"Strength Potion"},{"floor":12.0,"key":"Explosive Potion"},{"floor":12.0,"key":"Explosive Potion"},{"floor":12.0,"key":"Fruit Juice"},{"floor":18.0,"key":"PowerPotion"},{"floor":31,"key":"Block Potion"},{"floor":33,"key":"GamblersBrew"},{"floor":37,"key":"SkillPotion"},{"floor":48,"key":"Swift Potion"}],"is_trial":false,"path_per_floor":["M","M","$","?","M","R","E","M","T","M","R","?","R","E","R","B",null,"M","$","?","$","?","R","E","M","T","M","$","M","R","M","R","B",null,"M","?","M","?","?","M","R","T","T","R","$","M","$","M","R","B",null],"character_chosen":"IRONCLAD","items_purchased":["Mind Blast","Metallicize","Reaper+1","Headbutt+1","Armaments","Good Instincts","Orichalcum","Intimidate","Dramatic Entrance+1"],"campfire_rested":7,"item_purchase_floors":[3,19,21,21,21,28,45,45,45],"current_hp_per_floor":[78,80,80,77,80,80,66,54,54,60,80,85,85,84,84,48,76,71,71,71,71,71,85,32,32,32,38,38,17,42,57,82,27,71,85,80,83,72,72,33,58,58,58,83,83,61,61,60,85,13],"gold":37,"neow_bonus":"THREE_ENEMY_KILL","is_prod":false,"is_daily":false,"chose_seed":false,"campfire_upgraded":3,"win_rate":0,"timestamp":1548939318,"path_taken":["M","M","$","?","M","R","E","M","T","M","R","?","R","E","R","BOSS","M","?","?","$","?","R","E","?","T","M","$","M","R","M","R","BOSS","M","?","M","?","?","?","R","?","T","R","$","M","?","M","R","BOSS"],"build_version":"2019-01-23","purchased_purges":0,"victory":true,"max_hp_per_floor":[80,80,80,80,80,80,80,80,80,80,80,85,85,85,85,85,85,85,85,85,85,85,85,85,85,85,85,85,85,85,85,85,85,85,85,85,85,85,85,85,85,85,85,85,85,85,85,85,85,85],"card_choices":[{"not_picked":["Corruption","Feel No Pain"],"picked":"Perfected Strike","floor":1.0},{"not_picked":["Burning Pact","Power Through"],"picked":"Evolve","floor":2.0},{"not_picked":["True Grit","Whirlwind"],"picked":"Spot Weakness","floor":5.0},{"not_picked":["Dark Embrace","Seeing Red"],"picked":"Shrug It Off","floor":7.0},{"not_picked":["Wild Strike","Flex"],"picked":"Heavy Blade","floor":8.0},{"not_picked":["Wild Strike","Perfected Strike"],"picked":"Twin Strike","floor":10.0},{"not_picked":["Wild Strike","Blood for Blood"],"picked":"Cleave","floor":14.0},{"not_picked":["Berserk","Bludgeon+1"],"picked":"Limit Break","floor":16.0},{"not_picked":["Flex","Perfected Strike+1"],"picked":"Ghostly Armor","floor":18.0},{"not_picked":["Blood for Blood+1","Pommel Strike+1"],"picked":"Rage+1","floor":24.0},{"not_picked":["Offering","Sword Boomerang+1"],"picked":"Anger+1","floor":25.0},{"not_picked":["Flex","Thunderclap+1","Wild Strike+1"],"picked":"SKIP","floor":27.0},{"not_picked":["Cleave+1","Twin Strike+1"],"picked":"Clothesline+1","floor":29},{"not_picked":["Second Wind","Sever Soul+1"],"picked":"Cleave+1","floor":31},{"not_picked":["Exhume","Brutality"],"picked":"Juggernaut","floor":33},{"not_picked":["Perfected Strike+1","Anger+1","Pummel+1"],"picked":"SKIP","floor":35},{"not_picked":["Secret Weapon","Bandage Up"],"picked":"Trip","floor":36},{"not_picked":["Good Instincts","Transmutation"],"picked":"Flash of Steel+1","floor":36},{"not_picked":["Twin Strike+1","Armaments"],"picked":"Shrug It Off+1","floor":37},{"not_picked":["Havoc","Corruption"],"picked":"Body Slam+1","floor":40},{"not_picked":["Sword Boomerang+1","Warcry+1"],"picked":"Whirlwind+1","floor":46},{"not_picked":["Infernal Blade","Twin Strike+1"],"picked":"Heavy Blade+1","floor":48}],"player_experience":1104086,"relics_obtained":[{"floor":7.0,"key":"Ancient Tea Set"},{"floor":9.0,"key":"Potion Belt"},{"floor":14.0,"key":"Molten Egg 2"},{"floor":24.0,"key":"Lantern"},{"floor":26.0,"key":"Whetstone"},{"floor":42,"key":"Red Skull"},{"floor":43,"key":"Art of War"}],"event_choices":[{"damage_healed":0.0,"max_hp_gain":0.0,"max_hp_loss":0.0,"gold_gain":0.0,"event_name":"Scrap Ooze","player_choice":"Success","floor":4.0,"gold_loss":0.0,"damage_taken":3.0,"relics_obtained":["Ornamental Fan"]},{"damage_healed":0.0,"max_hp_gain":0.0,"max_hp_loss":0.0,"gold_gain":0.0,"event_name":"Lab","player_choice":"Got Potions","floor":12.0,"gold_loss":0.0,"damage_taken":0.0},{"damage_healed":0.0,"max_hp_gain":0.0,"max_hp_loss":0.0,"gold_gain":0.0,"event_name":"Beggar","player_choice":"Ignored","floor":20.0,"gold_loss":0.0,"damage_taken":0.0},{"damage_healed":0.0,"max_hp_gain":0.0,"max_hp_loss":0.0,"gold_gain":0.0,"cards_transformed":["Strike_R"],"event_name":"Transmorgrifier","player_choice":"Transformed","floor":22.0,"gold_loss":0.0,"damage_taken":0.0,"cards_obtained":["Demon Form"]},{"damage_healed":0,"gold_gain":0,"player_choice":"Memory 2","damage_taken":5,"max_hp_gain":0,"max_hp_loss":0,"event_name":"SensoryStone","floor":36,"gold_loss":0},{"damage_healed":0,"gold_gain":0,"player_choice":"Embrace Madness","damage_taken":11,"max_hp_gain":0,"max_hp_loss":0,"event_name":"Winding Halls","floor":38,"gold_loss":0,"cards_obtained":["Madness","Madness"]},{"cards_removed":["Strike_R"],"damage_healed":0,"gold_gain":0,"player_choice":"Card Removal","damage_taken":0,"max_hp_gain":0,"max_hp_loss":0,"event_name":"Wheel of Change","floor":39,"gold_loss":0}],"is_beta":false,"boss_relics":[{"not_picked":["Snecko Eye","Lizard Tail"],"picked":"Fusion Hammer"},{"not_picked":["Sozu","Eternal Feather"],"picked":"Black Blood"}],"items_purged_floors":[],"is_endless":false,"potions_floor_spawned":[5,7,8,10,18,31,33,37,48],"ascension_level":10}