{"gold_per_floor":[119,139,214,214,164,193,193,193,193,193,207,107,107,127,127,198,198,211,311,211,211,211,211],"floor_reached":23,"playtime":819,"items_purged":["Strike_R","Defend_R"],"score":347,"play_id":"36a8eee8-c612-4c5c-a421-e31047f6af76","local_time":"20190502163615","is_ascension_mode":true,"campfire_choices":[{"data":"Bash","floor":8,"key":"SMITH"},{"data":"Anger","floor":13,"key":"SMITH"},{"data":"Infernal Blade","floor":15,"key":"SMITH"}],"neow_cost":"NONE","seed_source_timestamp":277193297617000,"circlet_count":0,"master_deck":["AscendersBane","Defend_R","Defend_R","Defend_R","Bash+1","Infernal Blade+1","Anger+1","Offering","Sword Boomerang+1","Heavy Blade"],"relics":["Burning Blood","NeowsBlessing","Bag of Preparation","Magic Flower","Dodecahedron","Singing Bowl","Empty Cage","Ice Cream","Mercury Hourglass","Enchiridion"],"potions_floor_usage":[16,23],"damage_taken":[{"damage":0,"enemies":"2 Louse","floor":1,"turns":1},{"damage":0,"enemies":"Small Slimes","floor":2,"turns":1},{"damage":0,"enemies":"3 Sentries","floor":6,"turns":1},{"damage":4,"enemies":"Jaw Worm","floor":11,"turns":4},{"damage":15,"enemies":"Lots of Slimes","floor":14,"turns":7},{"damage":33,"enemies":"Hexaghost","floor":16,"turns":9},{"damage":25,"enemies":"Spheric Guardian","floor":18,"turns":4},{"damage":9,"enemies":"Colosseum Slavers","floor":19,"turns":3},{"damage":40,"enemies":"Colosseum Nobs","floor":19,"turns":5},{"damage":12,"enemies":"Book of Stabbing","floor":23,"turns":2}],"seed_played":"-192112343845604642","potions_obtained":[{"floor":6,"key":"Ancient Potion"},{"floor":11,"key":"Ancient Potion"},{"floor":14,"key":"Block Potion"}],"is_trial":false,"path_per_floor":["M","M","?","?","?","E","T","R","T","?","M","$","R","M","R","B",null,"M","?","$","?","?","E"],"character_chosen":"IRONCLAD","items_purchased":["Anger"],"campfire_rested":0,"item_purchase_floors":[12],"current_hp_per_floor":[78,80,69,62,62,68,68,68,68,68,75,75,75,71,71,47,75,59,28,28,12,12,0],"gold":211,"neow_bonus":"THREE_ENEMY_KILL","is_prod":false,"is_daily":false,"chose_seed":false,"campfire_upgraded":3,"win_rate":0,"timestamp":1556840175,"path_taken":["M","M","?","?","?","E","?","R","T","?","?","?","R","M","R","BOSS","M","?","$","?","?","E"],"build_version":"2019-01-23","purchased_purges":2,"victory":false,"max_hp_per_floor":[80,80,80,80,80,80,80,80,80,80,82,82,82,84,84,84,84,84,84,84,84,84,84],"card_choices":[{"not_picked":["Armaments","Rampage","Iron Wave"],"picked":"SKIP","floor":1},{"not_picked":["Shrug It Off","Searing Blow","Uppercut"],"picked":"SKIP","floor":2},{"not_picked":["Dual Wield","Metallicize","Power Through"],"picked":"SKIP","floor":6},{"not_picked":["Shockwave","Clothesline","Seeing Red"],"picked":"Singing Bowl","floor":11},{"not_picked":["Body Slam","Bloodletting","Thunderclap"],"picked":"Singing Bowl","floor":14},{"not_picked":["Brutality","Berserk"],"picked":"Offering","floor":16},{"not_picked":["Cleave","Headbutt"],"picked":"Sword Boomerang+1","floor":18},{"not_picked":["Metallicize","True Grit"],"picked":"Heavy Blade","floor":19}],"player_experience":359536,"relics_obtained":[{"floor":6,"key":"Magic Flower"},{"floor":7,"key":"Dodecahedron"},{"floor":9,"key":"Singing Bowl"},{"floor":19,"key":"Ice Cream"},{"floor":19,"key":"Mercury Hourglass"},{"floor":21,"key":"Enchiridion"}],"event_choices":[{"damage_healed":0,"gold_gain":75,"player_choice":"Gather Gold","damage_taken":11,"max_hp_gain":0,"max_hp_loss":0,"event_name":"World of Goop","floor":3,"gold_loss":0},{"damage_healed":0,"gold_gain":0,"player_choice":"Success","damage_taken":7,"relics_obtained":["Bag of Preparation"],"max_hp_gain":0,"max_hp_loss":0,"event_name":"Scrap Ooze","floor":4,"gold_loss":0},{"cards_removed":["Strike_R"],"damage_healed":0,"gold_gain":0,"player_choice":"Card Removal","damage_taken":0,"max_hp_gain":0,"max_hp_loss":0,"event_name":"The Cleric","floor":5,"gold_loss":50},{"damage_healed":0,"gold_gain":0,"cards_transformed":["Strike_R"],"player_choice":"Change","damage_taken":0,"max_hp_gain":0,"max_hp_loss":0,"event_name":"Living Wall","floor":10,"gold_loss":0,"cards_obtained":["Infernal Blade"]},{"damage_healed":0,"gold_gain":0,"player_choice":"Fight","damage_taken":0,"max_hp_gain":0,"max_hp_loss":0,"event_name":"Colosseum","floor":19,"gold_loss":0},{"damage_healed":0,"gold_gain":0,"player_choice":"Fought Nobs","damage_taken":0,"max_hp_gain":0,"max_hp_loss":0,"event_name":"Colosseum","floor":19,"gold_loss":0},{"damage_healed":0,"gold_gain":0,"player_choice":"Obtained Book","damage_taken":16,"max_hp_gain":0,"max_hp_loss":0,"event_name":"Cursed Tome","floor":21,"gold_loss":0},{"damage_healed":0,"gold_gain":0,"player_choice":"Ignored","damage_taken":0,"max_hp_gain":0,"max_hp_loss":0,"event_name":"Ghosts","floor":22,"gold_loss":0}],"is_beta":false,"boss_relics":[{"not_picked":["Sozu","Runic Dome"],"picked":"Empty Cage"}],"items_purged_floors":[12,20],"is_endless":false,"potions_floor_spawned":[6,11,14,19],"killed_by":"Book of Stabbing","ascension_level":13}