{"gold_per_floor":[111,128,145,4,4,30,30,43,43,75,75,27,27,0],"floor_reached":14,"playtime":890,"items_purged":[],"score":118,"play_id":"85c1cdd9-ced9-4684-89c6-d1617e680438","local_time":"20181015185640","is_ascension_mode":true,"campfire_choices":[{"data":"Armaments","floor":7,"key":"SMITH"}],"neow_cost":"NONE","seed_source_timestamp":435886319138,"circlet_count":0,"master_deck":["Strike_R","Strike_R","Strike_R","Strike_R","Defend_R","Defend_R","Defend_R","Defend_R","Bash","Armaments+1","Anger","Body Slam","Iron Wave","Madness+1","Entrench","Rage","Impervious","Spot Weakness+1","Juggernaut","Clash"],"relics":["Burning Blood","Matryoshka","Dodecahedron","Boot","Toxic Egg 2"],"potions_floor_usage":[6,6,14],"damage_taken":[{"damage":10,"enemies":"2 Louse","floor":1,"turns":4},{"damage":0,"enemies":"Jaw Worm","floor":2,"turns":4},{"damage":1,"enemies":"Cultist","floor":3,"turns":4},{"damage":35,"enemies":"3 Sentries","floor":6,"turns":9},{"damage":6,"enemies":"3 Louse","floor":8,"turns":3},{"damage":47,"enemies":"Lagavulin","floor":10,"turns":8},{"damage":15,"enemies":"Looter","floor":14,"turns":3}],"seed_played":"-7788896755564253387","potions_obtained":[{"floor":1,"key":"BloodPotion"},{"floor":2,"key":"Strength Potion"},{"floor":10,"key":"FearPotion"}],"is_trial":false,"path_per_floor":["M","M","M","$","?","E","R","M","T","E","?","$","?"],"character_chosen":"IRONCLAD","items_purchased":["Madness","Entrench","Clash"],"campfire_rested":0,"item_purchase_floors":[4,4,12],"current_hp_per_floor":[76,80,80,80,80,59,59,59,59,18,18,18,10,0],"gold":0,"neow_bonus":"THREE_CARDS","is_prod":false,"is_daily":false,"chose_seed":false,"campfire_upgraded":1,"win_rate":0,"timestamp":1539626200,"path_taken":["M","M","M","$","?","E","R","M","T","E","?","$","?","M"],"build_version":"2018-10-11","purchased_purges":0,"victory":false,"max_hp_per_floor":[80,80,80,80,80,80,80,80,80,80,80,80,80,80],"card_choices":[{"not_picked":["Infernal Blade","Sword Boomerang"],"picked":"Armaments","floor":0},{"not_picked":["Havoc","Searing Blow"],"picked":"Anger","floor":1},{"not_picked":["Sword Boomerang","Blood for Blood"],"picked":"Body Slam","floor":2},{"not_picked":["Seeing Red","Armaments"],"picked":"Iron Wave","floor":3},{"not_picked":["Rupture","Shockwave"],"picked":"Rage","floor":6},{"not_picked":["Combust","Heavy Blade"],"picked":"Impervious","floor":8},{"not_picked":["Cleave","Power Through"],"picked":"Spot Weakness","floor":10}],"player_experience":700656,"relics_obtained":[{"floor":6,"key":"Matryoshka"},{"floor":9,"key":"Dodecahedron"},{"floor":9,"key":"Boot"},{"floor":10,"key":"Toxic Egg 2"}],"event_choices":[{"event_name":"Living Wall","player_choice":"Grow","floor":5,"damage_taken":0},{"event_name":"Transmorgrifier","player_choice":"Transform","floor":11,"damage_taken":0},{"event_name":"Wheel of Change","player_choice":"Damage","floor":13,"damage_taken":0}],"is_beta":false,"boss_relics":[],"items_purged_floors":[],"is_endless":false,"potions_floor_spawned":[1,2,10],"killed_by":"Looter","ascension_level":4}