{"path_per_floor":["M","?","M","?","M","R","M","R","T","M","$","M","$","M","R","B",null,"M","?","M","M","T","R","$","M","T","$","M"],"character_chosen":"THE_SILENT","items_purchased":["Blood Vial","Bane","Toxic Egg 2","Sucker Punch"],"gold_per_floor":[113,113,130,130,150,150,162,162,186,204,5,16,16,33,33,135,135,121,221,236,249,297,297,17,33,33,33,43,43],"floor_reached":29,"campfire_rested":3,"playtime":2766,"current_hp_per_floor":[70,70,70,70,64,64,53,70,70,61,61,59,59,56,70,43,70,43,43,25,25,25,46,46,21,21,21,9,0],"items_purged":[],"gold":43,"score":219,"play_id":"81d54c1a-2b55-4a7d-9c66-c9eb2c6c55cb","local_time":"20180507224502","is_prod":false,"is_daily":false,"chose_seed":false,"is_ascension_mode":false,"campfire_upgraded":1,"timestamp":1525729502,"path_taken":["M","?","M","?","M","R","M","R","T","M","$","M","$","?","R","BOSS","M","?","M","M","?","R","$","M","T","$","?","?"],"build_version":"2018-05-03","seed_source_timestamp":1643955321301140,"purchased_purges":0,"victory":false,"master_deck":["Defend_G","Defend_G","Defend_G","Defend_G","Strike_G","Strike_G","Strike_G","Strike_G","Strike_G","Survivor","Neutralize","Dagger Throw","Outmaneuver","Crippling Poison+1","Slice","Backstab","Calculated Gamble","Bane","Caltrops","A Thousand Cuts","Phantasmal Killer","Quick Slash+1","Footwork","Poisoned Stab","Sucker Punch","Distraction+1","Bouncing Flask+1"],"max_hp_per_floor":[70,70,70,70,70,70,70,70,70,70,70,70,70,70,70,70,70,70,70,70,70,70,70,70,70,70,70,70,70],"relics":["Runic Pyramid","Bronze Scales","Blood Vial","Lizard Tail","Oddly Smooth Stone","Toxic Egg 2","Bag of Marbles"],"card_choices":[{"not_picked":["Prepared","Heel Hook"],"picked":"Dagger Throw","floor":1},{"not_picked":["Dodge and Roll","Dagger Spray"],"picked":"Outmaneuver","floor":3},{"not_picked":["Outmaneuver","Acrobatics"],"picked":"Slice","floor":5},{"not_picked":["Slice","Distraction"],"picked":"Backstab","floor":7},{"not_picked":["Slice","Dagger Spray"],"picked":"Calculated Gamble","floor":10},{"not_picked":["Endless Agony","Well Laid Plans"],"picked":"Caltrops","floor":12},{"not_picked":["Dodge and Roll","Underhanded Strike"],"picked":"A Thousand Cuts","floor":14},{"not_picked":["Adrenaline","Doppelganger"],"picked":"Phantasmal Killer","floor":16},{"not_picked":["Calculated Gamble","PiercingWail"],"picked":"Quick Slash","floor":18},{"not_picked":["Slice","Underhanded Strike"],"picked":"Footwork","floor":20},{"not_picked":["Dodge and Roll","Skewer"],"picked":"Poisoned Stab","floor":21},{"not_picked":["Prepared","Slice"],"picked":"Distraction","floor":25},{"not_picked":["Corpse Explosion","Dagger Spray"],"picked":"Bouncing Flask","floor":28}],"player_experience":26160,"potions_floor_usage":[],"damage_taken":[{"damage":0,"enemies":"Jaw Worm","floor":1,"turns":7},{"damage":0,"enemies":"Small Slimes","floor":3,"turns":4},{"damage":6,"enemies":"2 Louse","floor":5,"turns":4},{"damage":11,"enemies":"Exordium Wildlife","floor":7,"turns":4},{"damage":9,"enemies":"Large Slime","floor":10,"turns":7},{"damage":4,"enemies":"Blue Slaver","floor":12,"turns":4},{"damage":5,"enemies":"Red Slaver","floor":14,"turns":2},{"damage":27,"enemies":"The Guardian","floor":16,"turns":12},{"damage":27,"enemies":"2 Thieves","floor":18,"turns":4},{"damage":20,"enemies":"Spheric Guardian","floor":20,"turns":4},{"damage":37,"enemies":"Slaver and Parasite","floor":21,"turns":5},{"damage":27,"enemies":"Centurion and Healer","floor":25,"turns":7},{"damage":14,"enemies":"Snake Plant","floor":28,"turns":4}],"event_choices":[{"event_name":"Golden Wing","player_choice":"Ignored","floor":2,"damage_taken":0},{"event_name":"Living Wall","player_choice":"Change","floor":4,"damage_taken":0},{"event_name":"Golden Shrine","player_choice":"Pray","floor":19,"damage_taken":0}],"boss_relics":[{"not_picked":["Ectoplasm","Cursed Key"],"picked":"Lizard Tail"}],"potions_floor_spawned":[3,7,14,18,25],"seed_played":"4251321329321757408","ascension_level":0,"is_trial":false}