{"gold_per_floor":[17,17,17,28,203,203,222,0,49,75,41,10,44,44,44,144,144,164,164,263,263,280,280,312,331,331,331,347,347,56,74,74,74],"floor_reached":33,"playtime":1252,"items_purged":["Doubt"],"score":350,"play_id":"27891e06-fbd9-44ef-a650-4484e896b4c4","local_time":"20190411074037","is_ascension_mode":true,"campfire_choices":[{"floor":6,"key":"REST"},{"floor":15,"key":"REST"},{"floor":23,"key":"REST"},{"floor":27,"key":"REST"},{"floor":29,"key":"REST"},{"floor":32,"key":"REST"}],"neow_cost":"NO_GOLD","seed_source_timestamp":340267738519751,"circlet_count":0,"master_deck":["Defend_G","Defend_G","Defend_G","Defend_G","Defend_G+1","Strike_G","Strike_G","Strike_G","Strike_G","Strike_G+1","Survivor","Neutralize","Backstab","Cloak And Dagger","Deadly Poison","Infinite Blades","Leg Sweep","Cloak And Dagger","Envenom","Writhe","Riddle With Holes+1","Poisoned Stab","Caltrops","Bane"],"relics":["Ring of the Snake","Dream Catcher","Blood Vial","Paper Crane","Matryoshka","PreservedInsect","WristBlade","Sundial","Regal Pillow","Centennial Puzzle","Lantern","Oddly Smooth Stone","Juzu Bracelet"],"potions_floor_usage":[10,24,25,28,33],"damage_taken":[{"damage":2,"enemies":"Jaw Worm","floor":1,"turns":4},{"damage":0,"enemies":"2 Louse","floor":4,"turns":2},{"damage":0,"enemies":"Cultist","floor":7,"turns":3},{"damage":15,"enemies":"Lagavulin","floor":10,"turns":8},{"damage":33,"enemies":"Gremlin Nob","floor":13,"turns":5},{"damage":23,"enemies":"The Guardian","floor":16,"turns":18},{"damage":24,"enemies":"3 Byrds","floor":18,"turns":7},{"damage":11,"enemies":"Shell Parasite","floor":22,"turns":6},{"damage":26,"enemies":"Book of Stabbing","floor":24,"turns":6},{"damage":15,"enemies":"3 Cultists","floor":25,"turns":7},{"damage":12,"enemies":"Centurion and Healer","floor":28,"turns":6},{"damage":15,"enemies":"Snecko","floor":31,"turns":4},{"damage":96,"enemies":"Collector","floor":33,"turns":9}],"seed_played":"3411144235815724638","potions_obtained":[{"floor":7,"key":"Dexterity Potion"},{"floor":16,"key":"GhostInAJar"},{"floor":22,"key":"SpeedPotion"},{"floor":24,"key":"Fire Potion"},{"floor":25,"key":"AttackPotion"},{"floor":28,"key":"PowerPotion"}],"is_trial":false,"path_per_floor":["M","?","?","M","?","R","M","$","T","E","$","?","E","?","R","B",null,"M","?","?","?","M","R","E","M","T","R","M","R","$","M","R","B"],"character_chosen":"THE_SILENT","items_purchased":["Dream Catcher","Infinite Blades","Oddly Smooth Stone","Juzu Bracelet"],"campfire_rested":6,"item_purchase_floors":[8,11,30,30],"current_hp_per_floor":[82,65,65,65,65,84,84,84,84,69,69,69,38,35,60,39,84,60,44,44,44,35,61,37,24,24,65,55,89,89,74,89,0],"gold":74,"neow_bonus":"TWENTY_PERCENT_HP_BONUS","is_prod":false,"is_daily":false,"chose_seed":false,"campfire_upgraded":0,"win_rate":0,"timestamp":1554982837,"path_taken":["M","?","?","M","?","R","?","$","T","E","?","?","E","?","R","BOSS","M","?","?","?","M","R","E","M","T","R","M","R","$","M","R","BOSS"],"build_version":"2019-01-23","purchased_purges":1,"victory":false,"max_hp_per_floor":[84,84,84,84,84,84,84,84,84,84,84,84,84,84,84,84,84,84,89,89,89,89,89,89,89,89,89,89,89,89,89,89,89],"card_choices":[{"not_picked":["Cloak And Dagger","Dodge and Roll"],"picked":"Backstab","floor":1},{"not_picked":["Footwork","Predator"],"picked":"Cloak And Dagger","floor":4},{"not_picked":["Blade Dance","Setup"],"picked":"Deadly Poison","floor":7},{"not_picked":["Endless Agony","Outmaneuver","Expertise"],"picked":"SKIP","floor":10},{"not_picked":["Slice","Prepared"],"picked":"Leg Sweep","floor":13},{"not_picked":["Prepared","Bouncing Flask"],"picked":"Cloak And Dagger","floor":15},{"not_picked":["Glass Knife","Malaise"],"picked":"Envenom","floor":16},{"not_picked":["Finisher","Endless Agony","Flying Knee+1"],"picked":"SKIP","floor":18},{"not_picked":["Underhanded Strike","PiercingWail"],"picked":"Riddle With Holes+1","floor":22},{"not_picked":["Quick Slash+1","Heel Hook","Deadly Poison"],"picked":"SKIP","floor":24},{"not_picked":["Heel Hook","Quick Slash"],"picked":"Poisoned Stab","floor":25},{"not_picked":["Reflex","Prepared"],"picked":"Caltrops","floor":27},{"not_picked":["PiercingWail+1","Flying Knee","Backflip"],"picked":"SKIP","floor":28},{"not_picked":["Distraction","PiercingWail"],"picked":"Bane","floor":31}],"player_experience":301101,"relics_obtained":[{"floor":9,"key":"Blood Vial"},{"floor":10,"key":"Paper Crane"},{"floor":13,"key":"Matryoshka"},{"floor":24,"key":"Regal Pillow"},{"floor":26,"key":"Centennial Puzzle"},{"floor":26,"key":"Lantern"}],"event_choices":[{"damage_healed":0,"gold_gain":0,"player_choice":"Entered Light","damage_taken":17,"max_hp_gain":0,"max_hp_loss":0,"event_name":"Shining Light","floor":2,"gold_loss":0,"cards_upgraded":["Strike_G","Defend_G"]},{"damage_healed":0,"gold_gain":0,"player_choice":"Leave","damage_taken":0,"max_hp_gain":0,"max_hp_loss":0,"event_name":"The Cleric","floor":3,"gold_loss":0},{"damage_healed":0,"gold_gain":175,"player_choice":"AGREE","damage_taken":0,"max_hp_gain":0,"max_hp_loss":0,"event_name":"Liars Game","floor":5,"gold_loss":0,"cards_obtained":["Doubt"]},{"damage_healed":0,"gold_gain":0,"player_choice":"Left Gold","damage_taken":0,"max_hp_gain":0,"max_hp_loss":0,"event_name":"World of Goop","floor":12,"gold_loss":31},{"damage_healed":0,"gold_gain":0,"player_choice":"Success","damage_taken":3,"relics_obtained":["PreservedInsect"],"max_hp_gain":0,"max_hp_loss":0,"event_name":"Scrap Ooze","floor":14,"gold_loss":0},{"damage_healed":0,"gold_gain":0,"player_choice":"Shed Blood","damage_taken":21,"max_hp_gain":5,"max_hp_loss":0,"event_name":"Forgotten Altar","floor":19,"gold_loss":0},{"damage_healed":0,"gold_gain":99,"player_choice":"Stole From Cult","damage_taken":0,"max_hp_gain":0,"max_hp_loss":0,"event_name":"Nest","floor":20,"gold_loss":0},{"damage_healed":0,"gold_gain":0,"player_choice":"Opened","damage_taken":0,"relics_obtained":["Sundial"],"max_hp_gain":0,"max_hp_loss":0,"event_name":"The Mausoleum","floor":21,"gold_loss":0,"cards_obtained":["Writhe"]}],"is_beta":false,"boss_relics":[{"not_picked":["Black Star","Ring of the Serpent"],"picked":"WristBlade"}],"items_purged_floors":[8],"is_endless":false,"potions_floor_spawned":[7,16,22,24,25,28],"killed_by":"Collector","ascension_level":4}