{"path_per_floor":["M","M","$","M","?","R","M","M","T","$","M","R","M","M","R","B",null,"M","$","M","M"],"character_chosen":"THE_SILENT","items_purchased":["Dagger Throw","Bane","All Out Attack"],"gold_per_floor":[109,127,29,40,40,40,50,67,67,15,33,33,49,63,63,158,188,204,26,38,56,56],"floor_reached":22,"campfire_rested":0,"playtime":3429,"current_hp_per_floor":[70,70,70,70,70,70,70,70,70,70,70,70,68,68,68,58,75,70,70,50,15,0],"items_purged":["Defend_G","Strike_G"],"gold":56,"score":182,"play_id":"eb7c7da2-2980-4fb1-9e7e-74b0a1cb5aea","local_time":"20180508231708","is_prod":false,"is_daily":false,"chose_seed":false,"is_ascension_mode":false,"campfire_upgraded":3,"timestamp":1525817828,"path_taken":["M","M","$","?","?","R","M","M","T","$","M","R","?","M","R","BOSS","M","$","?","M","M"],"build_version":"2018-05-03","seed_source_timestamp":1723656193955425,"purchased_purges":2,"victory":false,"master_deck":["Defend_G","Defend_G","Defend_G","Defend_G","Strike_G","Strike_G","Strike_G","Strike_G","Survivor","Neutralize","Heel Hook+1","Backflip+1","Dagger Throw+1","Deadly Poison","Flying Knee+1","Noxious Fumes+1","Bane","Backflip","Backstab","Blur","Tools of the Trade","Poisoned Stab","Backflip","All Out Attack","Poisoned Stab","Sucker Punch"],"max_hp_per_floor":[70,70,70,70,70,70,70,70,70,70,70,70,70,70,70,70,75,75,75,75,75,75],"relics":["Ring of the Snake","Bottled Flame","Tiny House"],"card_choices":[{"not_picked":["Escape Plan","Flechettes"],"picked":"Heel Hook","floor":1},{"not_picked":["Predator","Flechettes"],"picked":"Backflip","floor":2},{"not_picked":["Deflect","Dash"],"picked":"Deadly Poison","floor":4},{"not_picked":["Dodge and Roll","Slice"],"picked":"Flying Knee","floor":7},{"not_picked":["Sucker Punch","Dagger Spray"],"picked":"Noxious Fumes","floor":8},{"not_picked":["Catalyst","Quick Slash"],"picked":"Backflip","floor":11},{"not_picked":["Underhanded Strike","PiercingWail"],"picked":"Backstab","floor":13},{"not_picked":["Reflex","Underhanded Strike"],"picked":"Blur","floor":14},{"not_picked":["Adrenaline","Wraith Form v2"],"picked":"Tools of the Trade","floor":16},{"not_picked":["Slice","Terror"],"picked":"Poisoned Stab","floor":17},{"not_picked":["Well Laid Plans","Acrobatics"],"picked":"Backflip","floor":18},{"not_picked":["Prepared","Acrobatics"],"picked":"Poisoned Stab","floor":20},{"not_picked":["Predator","Prepared"],"picked":"Sucker Punch","floor":21}],"player_experience":45729,"potions_floor_usage":[21,22],"damage_taken":[{"damage":0,"enemies":"Cultist","floor":1,"turns":6},{"damage":0,"enemies":"Jaw Worm","floor":2,"turns":6},{"damage":0,"enemies":"2 Louse","floor":4,"turns":2},{"damage":0,"enemies":"Blue Slaver","floor":7,"turns":4},{"damage":0,"enemies":"Red Slaver","floor":8,"turns":5},{"damage":0,"enemies":"Gremlin Gang","floor":11,"turns":4},{"damage":2,"enemies":"Looter","floor":13,"turns":4},{"damage":0,"enemies":"3 Louse","floor":14,"turns":3},{"damage":10,"enemies":"The Guardian","floor":16,"turns":11},{"damage":5,"enemies":"Shell Parasite","floor":18,"turns":6},{"damage":20,"enemies":"3 Byrds","floor":20,"turns":6},{"damage":35,"enemies":"Centurion and Healer","floor":21,"turns":9},{"damage":17,"enemies":"Snake Plant","floor":22,"turns":3}],"event_choices":[{"event_name":"Living Wall","player_choice":"Grow","floor":5,"damage_taken":0}],"boss_relics":[{"not_picked":["Snecko Eye","Calling Bell"],"picked":"Tiny House"}],"potions_floor_spawned":[1,2,4,13,14,21],"seed_played":"2392915251087964389","killed_by":"Snake Plant","ascension_level":0,"is_trial":false}