{"gold_per_floor":[109,41,41,41,51,51,86,86,132,145,145,72,3,20,20,119,119,135,50,50,67,87,120,48,48,48,73,73,92,106,3,3,98,98,110,163,181,181,181,181,196,196,222,222,222,240,257,274,274,274],"floor_reached":50,"playtime":5972,"items_purged":[],"score":602,"play_id":"e060744d-3907-4860-8295-b78009a8b5c5","local_time":"20180804172658","is_ascension_mode":true,"campfire_choices":[{"data":"Neutralize","floor":6,"key":"SMITH"},{"floor":11,"key":"REST"},{"data":"Noxious Fumes","floor":15,"key":"SMITH"},{"floor":25,"key":"REST"},{"floor":28,"key":"REST"},{"floor":32,"key":"REST"},{"floor":40,"key":"REST"},{"floor":42,"key":"REST"},{"floor":44,"key":"REST"},{"floor":49,"key":"REST"}],"neow_cost":"","seed_source_timestamp":30259538679791,"circlet_count":0,"master_deck":["Defend_G","Defend_G","Defend_G","Defend_G","Defend_G","Survivor+1","Neutralize+1","Quick Slash","Noxious Fumes+1","PiercingWail","Cloak And Dagger","Crippling Poison","Sucker Punch","Phantasmal Killer","Dagger Throw","Bite","Bite","Bite","Bite","Bite","Flying Knee","After Image","Leg Sweep","Catalyst","Outmaneuver+1","Predator","Skewer","Bandage Up+1","Unload","Dash+1","Terror+1","Backflip+1","Madness+1","Madness+1","Footwork+1","Bane+1","Footwork+1","Backstab+1"],"relics":["Ring of the Snake","Ornamental Fan","Oddly Smooth Stone","Fusion Hammer","Thread and Needle","Strawberry","Toxic Egg 2","Bottled Lightning","White Beast Statue","Bird Faced Urn","Nunchaku","Omamori"],"potions_floor_usage":[16,23,33,33,46,47,48,50,50,50],"damage_taken":[{"damage":0,"enemies":"2 Louse","floor":1,"turns":3},{"damage":1,"enemies":"Jaw Worm","floor":5,"turns":4},{"damage":20,"enemies":"3 Sentries","floor":7,"turns":8},{"damage":6,"enemies":"Small Slimes","floor":10,"turns":4},{"damage":0,"enemies":"Blue Slaver","floor":14,"turns":5},{"damage":30,"enemies":"Hexaghost","floor":16,"turns":11},{"damage":4,"enemies":"Spheric Guardian","floor":18,"turns":6},{"damage":0,"enemies":"Shell Parasite","floor":21,"turns":6},{"damage":8,"enemies":"3 Cultists","floor":22,"turns":6},{"damage":16,"enemies":"Gremlin Leader","floor":23,"turns":8},{"damage":13,"enemies":"Slavers","floor":27,"turns":6},{"damage":0,"enemies":"Cultist and Chosen","floor":29,"turns":8},{"damage":0,"enemies":"Centurion and Healer","floor":30,"turns":8},{"damage":34,"enemies":"Champ","floor":33,"turns":17},{"damage":0,"enemies":"Orb Walker","floor":35,"turns":4},{"damage":22,"floor":36,"turns":8},{"damage":11,"enemies":"Flame Bruiser 1 Orb","floor":37,"turns":9},{"damage":0,"floor":39,"turns":8},{"damage":2,"enemies":"Spire Growth","floor":41,"turns":7},{"damage":2,"enemies":"Flame Bruiser 2 Orb","floor":46,"turns":10},{"damage":1,"enemies":"4 Shapes","floor":47,"turns":8},{"damage":14,"enemies":"Sphere and 2 Shapes","floor":48,"turns":8},{"damage":99,"enemies":"Awakened One","floor":50,"turns":18}],"seed_played":"-5087044634399835045","potions_obtained":[{"floor":14,"key":"SkillPotion"},{"floor":16,"key":"Swift Potion"},{"floor":21,"key":"GamblersBrew"},{"floor":27,"key":"Fire Potion"},{"floor":33,"key":"SteroidPotion"},{"floor":35,"key":"SteroidPotion"},{"floor":36,"key":"Poison Potion"},{"floor":39,"key":"Block Potion"},{"floor":41,"key":"EssenceOfSteel"},{"floor":45,"key":"Fruit Juice"},{"floor":46,"key":"Swift Potion"},{"floor":47,"key":"GamblersBrew"},{"floor":48,"key":"SkillPotion"}],"is_trial":false,"path_per_floor":["M","$","?","$","M","R","E","?","T","M","R","$","$","M","R","B",null,"M","?","?","M","M","E","$","R","T","E","R","M","M","$","R","B",null,"M","?","M","?","?","R","M","R","T","R","?","M","M","M","R"],"character_chosen":"THE_SILENT","items_purchased":["Noxious Fumes","GhostInAJar","Crippling Poison","Catalyst","Bandage Up+1"],"campfire_rested":8,"item_purchase_floors":[2,12,13,24,31],"current_hp_per_floor":[70,70,70,70,69,69,49,49,49,43,64,64,64,64,64,34,70,66,66,49,49,45,50,50,56,56,45,56,56,56,56,56,33,56,56,40,52,45,56,56,56,56,56,56,56,61,61,61,61,0],"gold":274,"neow_bonus":"","is_prod":false,"is_daily":false,"chose_seed":false,"campfire_upgraded":2,"win_rate":0,"timestamp":1533400018,"path_taken":["M","$","?","$","M","R","E","?","T","M","R","?","$","M","R","BOSS","M","?","?","?","M","E","?","R","T","E","R","M","M","$","R","BOSS","M","?","M","?","?","R","M","R","T","R","?","M","?","M","R","BOSS"],"build_version":"2018-08-02","purchased_purges":0,"victory":false,"max_hp_per_floor":[70,70,70,70,70,70,70,70,70,70,70,70,70,70,70,70,70,70,70,49,49,49,56,56,56,56,56,56,56,56,56,56,56,56,56,56,56,56,56,56,56,56,56,56,56,61,61,61,61,61],"card_choices":[{"not_picked":["PiercingWail","Underhanded Strike"],"picked":"Quick Slash","floor":1},{"not_picked":["Underhanded Strike","Blade Dance","Choke"],"picked":"SKIP","floor":5},{"not_picked":["Choke","Slice"],"picked":"PiercingWail","floor":7},{"not_picked":["Sucker Punch","All Out Attack"],"picked":"Cloak And Dagger","floor":10},{"not_picked":["Slice","Expertise"],"picked":"Sucker Punch","floor":14},{"not_picked":["Glass Knife","Corpse Explosion"],"picked":"Phantasmal Killer","floor":16},{"not_picked":["Reflex","Dodge and Roll"],"picked":"Dagger Throw","floor":18},{"not_picked":["Dagger Throw","Slice+1"],"picked":"Flying Knee","floor":21},{"not_picked":["Deflect+1","Blur"],"picked":"After Image","floor":22},{"not_picked":["Accuracy","Riddle With Holes+1"],"picked":"Leg Sweep","floor":23},{"not_picked":["Flying Knee","Terror+1"],"picked":"Outmaneuver+1","floor":27},{"not_picked":["Dagger Throw","Slice"],"picked":"Predator","floor":29},{"not_picked":["Underhanded Strike","Reflex+1"],"picked":"Skewer","floor":30},{"not_picked":["Phantasmal Killer+1","Tools of the Trade"],"picked":"Unload","floor":33},{"not_picked":["Tactician+1","Acrobatics+1"],"picked":"Dash+1","floor":35},{"not_picked":["Poisoned Stab","Slice+1"],"picked":"Terror+1","floor":36},{"not_picked":["Quick Slash+1","Deadly Poison+1"],"picked":"Backflip+1","floor":37},{"not_picked":["Underhanded Strike+1","Bane"],"picked":"Footwork+1","floor":39},{"not_picked":["Underhanded Strike","Setup+1"],"picked":"Bane+1","floor":41},{"not_picked":["Quick Slash+1","Poisoned Stab"],"picked":"Footwork+1","floor":46},{"not_picked":["Prepared+1","Deflect+1","PiercingWail+1"],"picked":"SKIP","floor":47},{"not_picked":["Terror+1","Dodge and Roll+1"],"picked":"Backstab+1","floor":48}],"player_experience":536237,"relics_obtained":[{"floor":7,"key":"Ornamental Fan"},{"floor":9,"key":"Oddly Smooth Stone"},{"floor":23,"key":"Strawberry"},{"floor":26,"key":"Toxic Egg 2"},{"floor":27,"key":"Bottled Lightning"},{"floor":36,"key":"Bird Faced Urn"},{"floor":39,"key":"Nunchaku"},{"floor":43,"key":"Omamori"}],"event_choices":[{"event_name":"Golden Idol","player_choice":"Ignored","floor":3,"damage_taken":0},{"event_name":"Upgrade Shrine","player_choice":"Upgraded","floor":8,"damage_taken":0},{"event_name":"Addict","player_choice":"Obtained Relic","floor":19,"damage_taken":0},{"event_name":"Vampires","player_choice":"Became a vampire","floor":20,"damage_taken":0},{"event_name":"Mysterious Sphere","player_choice":"Fight","floor":36,"damage_taken":0},{"event_name":"Winding Halls","player_choice":"Embrace Madness","floor":38,"damage_taken":0},{"event_name":"MindBloom","player_choice":"Fight","floor":39,"damage_taken":0},{"event_name":"The Lab","player_choice":"Got Potions","floor":45,"damage_taken":0}],"is_beta":false,"boss_relics":[{"not_picked":["Tiny House","HoveringKite"],"picked":"Fusion Hammer"},{"not_picked":["Runic Pyramid","Pandora\u0027s Box"],"picked":"White Beast Statue"}],"items_purged_floors":[],"is_endless":false,"potions_floor_spawned":[14,16,21,27,33,35,36,37,39,41,46,47,48],"killed_by":"Awakened One","ascension_level":3}