{"gold_per_floor":[110,15,15,15,30,30,30,63,112,136,202,227,227,247,247,375,375,394,319,244,265,265,265],"floor_reached":23,"playtime":655,"items_purged":["Strike_G"],"score":289,"play_id":"f61b6e36-df0a-42c5-a7f7-dc98f7f69073","local_time":"20190523215638","is_ascension_mode":true,"campfire_choices":[{"data":"Deadly Poison","floor":6.0,"key":"SMITH"},{"data":"Well Laid Plans","floor":13,"key":"SMITH"},{"data":"Neutralize","floor":15,"key":"SMITH"}],"neow_cost":"TEN_PERCENT_HP_LOSS","seed_source_timestamp":0,"circlet_count":0,"master_deck":["Defend_G","Defend_G","Defend_G","Defend_G","Defend_G","Strike_G","Strike_G","Strike_G","Survivor","Neutralize+1","Die Die Die","Deadly Poison+1","Catalyst+1","Dagger Spray","Well Laid Plans+1","Deadly Poison","Corpse Explosion"],"special_seed":0,"relics":["Ring of the Snake","Bloody Idol","Nunchaku","Omamori","Tingsha","Philosopher\u0027s Stone"],"potions_floor_usage":[11,16],"damage_taken":[{"damage":0.0,"enemies":"Small Slimes","floor":1.0,"turns":3.0},{"damage":0.0,"enemies":"2 Louse","floor":5.0,"turns":1.0},{"damage":0.0,"enemies":"3 Sentries","floor":8.0,"turns":2.0},{"damage":0.0,"enemies":"Cultist","floor":10.0,"turns":4.0},{"damage":8,"enemies":"Lagavulin Event","floor":11,"turns":3},{"damage":0,"enemies":"Looter","floor":12,"turns":2},{"damage":8,"enemies":"Large Slime","floor":14,"turns":6},{"damage":12,"enemies":"The Guardian","floor":16,"turns":7},{"damage":9,"enemies":"Shell Parasite","floor":18,"turns":4},{"damage":0,"enemies":"3 Byrds","floor":21,"turns":2},{"damage":56,"enemies":"Gremlin Leader","floor":23,"turns":3}],"seed_played":"6934356381973000925","potions_obtained":[{"floor":1.0,"key":"SteroidPotion"},{"floor":5.0,"key":"EntropicBrew"},{"floor":8.0,"key":"GamblersBrew"},{"floor":12,"key":"Ancient Potion"}],"is_trial":false,"path_per_floor":["M","$","?","?","M","R","?","E","T","M","?","M","R","M","R","B",null,"M","?","$","M","?","E"],"character_chosen":"THE_SILENT","items_purchased":["Catalyst","Dagger Spray"],"campfire_rested":0,"item_purchase_floors":[2,2],"current_hp_per_floor":[63,63,58,58,58,58,63,63,63,63,55,55,55,47,47,35,56,47,47,47,47,47,0],"gold":265,"neow_bonus":"THREE_RARE_CARDS","is_prod":false,"is_daily":false,"chose_seed":false,"campfire_upgraded":3,"win_rate":0,"timestamp":1558673798,"path_taken":["M","$","?","?","?","R","?","E","T","M","?","M","R","M","R","BOSS","M","?","$","M","?","E"],"build_version":"2019-01-23","purchased_purges":1,"victory":false,"max_hp_per_floor":[63,63,58,58,58,58,63,63,63,63,63,63,63,63,63,63,63,63,63,63,63,63,63],"card_choices":[{"not_picked":["A Thousand Cuts","Wraith Form v2"],"picked":"Die Die Die","floor":0.0},{"not_picked":["Dagger Spray","Sucker Punch"],"picked":"Deadly Poison","floor":1.0},{"not_picked":["Slice","Dagger Spray"],"picked":"Well Laid Plans","floor":5.0},{"not_picked":["PiercingWail","Blade Dance","Riddle With Holes"],"picked":"SKIP","floor":8.0},{"not_picked":["Setup","Crippling Poison","Acrobatics"],"picked":"SKIP","floor":10.0},{"not_picked":["Dagger Throw","Dodge and Roll"],"picked":"Deadly Poison","floor":11},{"not_picked":["Dagger Throw","Blade Dance","Venomology"],"picked":"SKIP","floor":12},{"not_picked":["Underhanded Strike","Flying Knee","Slice"],"picked":"SKIP","floor":14},{"not_picked":["Unload","Night Terror"],"picked":"Corpse Explosion","floor":16},{"not_picked":["PiercingWail","Bouncing Flask","Slice"],"picked":"SKIP","floor":18},{"not_picked":["Flying Knee+1","Dagger Spray","Poisoned Stab"],"picked":"SKIP","floor":21}],"player_experience":408207,"relics_obtained":[{"floor":8.0,"key":"Nunchaku"},{"floor":9.0,"key":"Omamori"},{"floor":11,"key":"Tingsha"}],"event_choices":[{"damage_healed":0.0,"max_hp_gain":0.0,"max_hp_loss":5.0,"gold_gain":0.0,"event_name":"Golden Idol","player_choice":"Lose Max HP","floor":3.0,"gold_loss":0.0,"damage_taken":0.0,"relics_obtained":["Golden Idol"]},{"damage_healed":0.0,"max_hp_gain":0.0,"max_hp_loss":0.0,"gold_gain":0.0,"event_name":"Accursed Blacksmith","player_choice":"Forge","floor":4.0,"gold_loss":0.0,"damage_taken":0.0,"cards_upgraded":["Catalyst"]},{"damage_healed":0.0,"max_hp_gain":5.0,"max_hp_loss":0.0,"gold_gain":0.0,"event_name":"Big Fish","player_choice":"Donut","floor":7.0,"gold_loss":0.0,"damage_taken":0.0},{"damage_healed":0,"gold_gain":30,"player_choice":"Searched \u00272\u0027 times","damage_taken":0,"max_hp_gain":0,"max_hp_loss":0,"event_name":"Dead Adventurer","floor":11,"gold_loss":0},{"cards_removed":["Strike_G"],"damage_healed":0,"gold_gain":0,"player_choice":"Gave Gold","damage_taken":0,"max_hp_gain":0,"max_hp_loss":0,"event_name":"Beggar","floor":19,"gold_loss":75},{"damage_healed":0,"gold_gain":0,"player_choice":"Gave Idol","damage_taken":0,"relics_obtained":["Bloody Idol"],"max_hp_gain":0,"max_hp_loss":0,"event_name":"Forgotten Altar","floor":22,"relics_lost":["Golden Idol"],"gold_loss":0}],"is_beta":false,"boss_relics":[{"not_picked":["Orrery","Eternal Feather"],"picked":"Philosopher\u0027s Stone"}],"items_purged_floors":[20],"is_endless":false,"potions_floor_spawned":[1,5,8,12],"killed_by":"Gremlin Leader","ascension_level":7}