{"gold_per_floor":[119,119,119,135,135,135,151,151,176,194,211,136,136,150,150,150],"floor_reached":16,"playtime":3522,"items_purged":["Strike_R"],"score":179,"play_id":"2f2206fd-d075-4ef3-9921-27104115eb1c","local_time":"20190731201158","is_ascension_mode":true,"campfire_choices":[{"data":"Bash","floor":6.0,"key":"SMITH"},{"data":"Heavy Blade","floor":8.0,"key":"SMITH"},{"data":"Flex","floor":13.0,"key":"SMITH"},{"data":"Rampage","floor":15.0,"key":"SMITH"}],"neow_cost":"NONE","seed_source_timestamp":0,"circlet_count":0,"master_deck":["AscendersBane","Strike_R","Strike_R","Strike_R","Defend_R","Defend_R","Defend_R","Defend_R","Bash+1","Impervious","Whirlwind+1","Heavy Blade+1","Rampage+1","Flex+1"],"special_seed":0,"relics":["Burning Blood","Smiling Mask"],"potions_floor_usage":[16],"damage_taken":[{"damage":6.0,"enemies":"2 Louse","floor":1.0,"turns":4.0},{"damage":9.0,"enemies":"Jaw Worm","floor":4.0,"turns":5.0},{"damage":7.0,"enemies":"Cultist","floor":7.0,"turns":4.0},{"damage":5.0,"enemies":"2 Fungi Beasts","floor":10.0,"turns":4.0},{"damage":7.0,"enemies":"Red Slaver","floor":11.0,"turns":5.0},{"damage":1.0,"enemies":"Looter","floor":14.0,"turns":4.0},{"damage":56,"enemies":"Hexaghost","floor":16,"turns":11}],"seed_played":"-2525013743911984722","potions_obtained":[{"floor":7.0,"key":"Dexterity Potion"},{"floor":14.0,"key":"Fruit Juice"}],"is_trial":false,"path_per_floor":["M","?","?","M","?","R","M","R","T","M","M","$","R","M","R","B"],"character_chosen":"IRONCLAD","items_purchased":["Flex"],"campfire_rested":0,"item_purchase_floors":[12],"current_hp_per_floor":[68,61,61,58,47,47,46,46,46,47,46,46,46,56,56,0],"gold":150,"neow_bonus":"ONE_RANDOM_RARE_CARD","is_prod":false,"is_daily":false,"chose_seed":false,"campfire_upgraded":4,"win_rate":0,"timestamp":1564629118,"path_taken":["M","?","?","?","?","R","?","R","T","M","M","$","R","M","R","BOSS"],"build_version":"2019-07-17","purchased_purges":1,"victory":false,"max_hp_per_floor":[75,75,75,75,75,75,75,75,75,75,75,75,75,80,80,80],"card_choices":[{"not_picked":["Heavy Blade","Seeing Red"],"picked":"Whirlwind","floor":1.0},{"not_picked":["Corruption","Havoc","Whirlwind"],"picked":"SKIP","floor":4.0},{"not_picked":["Pommel Strike","Clothesline"],"picked":"Heavy Blade","floor":7.0},{"not_picked":["Havoc","Shrug It Off","Pummel"],"picked":"SKIP","floor":10.0},{"not_picked":["Havoc","Shrug It Off","Pummel"],"picked":"SKIP","floor":10.0},{"not_picked":["Twin Strike","Pommel Strike"],"picked":"Rampage","floor":11.0},{"not_picked":["Reckless Charge","Perfected Strike","Bludgeon"],"picked":"SKIP","floor":14.0}],"player_experience":487200,"relics_obtained":[{"floor":9.0,"key":"Smiling Mask"}],"event_choices":[{"cards_removed":["Strike_R"],"damage_healed":0.0,"max_hp_gain":0.0,"max_hp_loss":0.0,"gold_gain":0.0,"event_name":"Golden Wing","player_choice":"Card Removal","floor":2.0,"gold_loss":0.0,"damage_taken":7.0},{"damage_healed":0.0,"max_hp_gain":0.0,"max_hp_loss":0.0,"gold_gain":0.0,"event_name":"Upgrade Shrine","player_choice":"Upgraded","floor":3.0,"gold_loss":0.0,"damage_taken":0.0,"cards_upgraded":["Whirlwind"]},{"damage_healed":0.0,"max_hp_gain":0.0,"max_hp_loss":0.0,"gold_gain":0.0,"event_name":"Wheel of Change","player_choice":"Damaged","floor":5.0,"gold_loss":0.0,"damage_taken":11.0}],"is_beta":false,"boss_relics":[],"items_purged_floors":[12],"is_endless":false,"potions_floor_spawned":[7,14],"killed_by":"Hexaghost","ascension_level":19}