{"gold_per_floor":[115,115,115,115,126,160,160,177,259,259,273,284,284,32,32,135,135,135,135,135,135,135,135,135,135,135,135,135,135,135,135,135,135,135,135,135,135,135,3,3,3,3,3,3,3,3,3,3,3,3],"floor_reached":51,"playtime":2738,"items_purged":["Strike_G"],"score":958,"play_id":"f3f3ed4e-d67d-4736-9130-544673fde134","local_time":"20190523020608","is_ascension_mode":true,"campfire_choices":[{"data":"Finisher","floor":7.0,"key":"SMITH"},{"floor":13.0,"key":"REST"},{"floor":15.0,"key":"REST"},{"floor":23.0,"key":"REST"},{"data":"Cloak And Dagger","floor":32.0,"key":"SMITH"},{"data":"Well Laid Plans","floor":40,"key":"SMITH"},{"data":"Footwork","floor":41,"key":"SMITH"},{"data":"Neutralize","floor":46,"key":"SMITH"},{"data":"Quick Slash","floor":49,"key":"SMITH"}],"neow_cost":"NONE","seed_source_timestamp":0,"circlet_count":0,"master_deck":["Defend_G","Defend_G","Defend_G","Strike_G+1","Strike_G","Strike_G+1","Survivor","Neutralize+1","Finisher+1","Cloak And Dagger+1","Endless Agony","Unload","Quick Slash+1","Footwork+1","Corpse Explosion","Terror+1","Well Laid Plans+1","Footwork+1","Backflip","Blade Dance+1"],"special_seed":0,"relics":["Ring of the Snake","Whetstone","Potion Belt","Question Card","Bag of Preparation","Ectoplasm","Tingsha","The Courier","Enchiridion","Red Mask","Singing Bowl","Paper Crane","Dream Catcher","Busted Crown","WingedGreaves","Blood Vial","Bag of Marbles","Omamori","Dead Branch"],"potions_floor_usage":[35,36,45,50,50],"damage_taken":[{"damage":2.0,"enemies":"Jaw Worm","floor":1.0,"turns":6.0},{"damage":0.0,"enemies":"2 Louse","floor":5.0,"turns":2.0},{"damage":33.0,"enemies":"3 Sentries","floor":6.0,"turns":11.0},{"damage":0.0,"enemies":"Cultist","floor":8.0,"turns":3.0},{"damage":0.0,"enemies":"3 Louse","floor":11.0,"turns":2.0},{"damage":6.0,"enemies":"Exordium Wildlife","floor":12.0,"turns":3.0},{"damage":25.0,"enemies":"Slime Boss","floor":16.0,"turns":11.0},{"damage":0.0,"enemies":"Chosen","floor":18.0,"turns":3.0},{"damage":0.0,"enemies":"Colosseum Slavers","floor":20.0,"turns":1.0},{"damage":8.0,"enemies":"Colosseum Nobs","floor":20.0,"turns":3.0},{"damage":0.0,"enemies":"Masked Bandits","floor":22.0,"turns":2.0},{"damage":4.0,"enemies":"Gremlin Leader","floor":25.0,"turns":5.0},{"damage":0.0,"enemies":"Shell Parasite","floor":27.0,"turns":1.0},{"damage":0.0,"enemies":"Centurion and Healer","floor":29.0,"turns":4.0},{"damage":0.0,"enemies":"Slavers","floor":30.0,"turns":2.0},{"damage":0.0,"enemies":"Cultist and Chosen","floor":31.0,"turns":4.0},{"damage":10.0,"enemies":"Collector","floor":33.0,"turns":4.0},{"damage":0,"enemies":"3 Darklings","floor":35,"turns":1},{"damage":0,"enemies":"3 Shapes","floor":36,"turns":5},{"damage":1,"enemies":"Mind Bloom Boss Battle","floor":37,"turns":6},{"damage":0,"enemies":"Transient","floor":45,"turns":5},{"damage":4,"enemies":"2 Orb Walkers","floor":47,"turns":3},{"damage":46,"enemies":"Awakened One","floor":50,"turns":13}],"seed_played":"-5483821340504020465","potions_obtained":[{"floor":5.0,"key":"Swift Potion"},{"floor":11.0,"key":"FearPotion"},{"floor":12.0,"key":"Poison Potion"},{"floor":22.0,"key":"GhostInAJar"},{"floor":27.0,"key":"Strength Potion"},{"floor":29.0,"key":"Strength Potion"},{"floor":31.0,"key":"Explosive Potion"},{"floor":33.0,"key":"Poison Potion"},{"floor":36,"key":"Fire Potion"},{"floor":45,"key":"Block Potion"},{"floor":47,"key":"EssenceOfSteel"}],"is_trial":false,"path_per_floor":["M","$","?","?","M","E","R","M","T","?","M","M","R","$","R","B",null,"M","?","?","?","?","R","?","E","T","M","?","M","E","M","R","B",null,"M","M","?","?","$","R","R","T","T","$","M","R","?","?","R","B",null],"character_chosen":"THE_SILENT","items_purchased":["Bag of Preparation","Footwork","Blood Vial","Backflip"],"campfire_rested":3,"item_purchase_floors":[14,14,39,39],"current_hp_per_floor":[61,61,54,54,54,21,21,21,21,21,21,15,36,36,57,32,61,61,48,40,24,24,46,46,44,44,46,72,72,72,74,74,66,79,81,83,84,84,84,84,84,84,84,84,86,86,86,88,88,44],"gold":3,"neow_bonus":"RANDOM_COMMON_RELIC","is_prod":false,"is_daily":false,"chose_seed":false,"campfire_upgraded":6,"win_rate":0,"timestamp":1558602368,"path_taken":["M","$","?","?","?","E","R","M","T","?","M","M","R","?","R","BOSS","M","?","?","?","?","R","?","E","T","?","?","M","E","M","R","BOSS","M","M","?","?","$","R","R","?","T","?","M","R","?","?","R","BOSS"],"build_version":"2019-01-23","purchased_purges":1,"victory":true,"max_hp_per_floor":[70,70,70,70,70,70,70,70,70,70,70,70,70,70,70,70,70,70,75,75,75,75,75,75,77,77,79,79,79,79,81,81,83,83,85,87,89,89,89,89,89,89,89,89,89,89,91,93,93,93],"card_choices":[{"not_picked":["Prepared","Deflect"],"picked":"Finisher","floor":1.0},{"not_picked":["Blade Dance","Prepared","Dodge and Roll"],"picked":"SKIP","floor":5.0},{"not_picked":["Poisoned Stab","Outmaneuver"],"picked":"Endless Agony","floor":6.0},{"not_picked":["Flying Knee","Caltrops"],"picked":"Unload","floor":8.0},{"not_picked":["Deflect","Flechettes","Cloak And Dagger"],"picked":"Quick Slash","floor":11.0},{"not_picked":["Acrobatics","Slice","Setup","Flying Knee"],"picked":"SKIP","floor":12.0},{"not_picked":["Burst","Night Terror","Phantasmal Killer"],"picked":"Corpse Explosion","floor":16.0},{"not_picked":["Sucker Punch","PiercingWail","Poisoned Stab","Deflect"],"picked":"SKIP","floor":18.0},{"not_picked":["PiercingWail","Outmaneuver","Dodge and Roll"],"picked":"Terror","floor":20.0},{"not_picked":["Sucker Punch","Dodge and Roll+1","Caltrops","Predator"],"picked":"Singing Bowl","floor":25.0},{"not_picked":["Acrobatics","Flechettes+1","Infinite Blades","Prepared"],"picked":"Singing Bowl","floor":27.0},{"not_picked":["Blade Dance","Outmaneuver","Bouncing Flask+1"],"picked":"Well Laid Plans","floor":29.0},{"not_picked":["Finisher","Dagger Throw","Deadly Poison"],"picked":"Footwork+1","floor":30.0},{"not_picked":["PiercingWail+1","Leg Sweep","Distraction","Blur"],"picked":"Singing Bowl","floor":31.0},{"not_picked":["Envenom","Burst","A Thousand Cuts","Malaise"],"picked":"Singing Bowl","floor":33.0},{"not_picked":["Expertise+1","Predator"],"picked":"Singing Bowl","floor":35},{"not_picked":["Concentrate+1","Dodge and Roll"],"picked":"Singing Bowl","floor":36},{"not_picked":["Flying Knee","Dagger Spray"],"picked":"Singing Bowl","floor":37},{"not_picked":["Tactician+1"],"picked":"Blade Dance+1","floor":45},{"not_picked":["Noxious Fumes+1","Calculated Gamble+1"],"picked":"Singing Bowl","floor":47},{"not_picked":["Blind","Discovery"],"picked":"Singing Bowl","floor":48}],"player_experience":403542,"relics_obtained":[{"floor":6.0,"key":"Potion Belt"},{"floor":9.0,"key":"Question Card"},{"floor":20.0,"key":"Tingsha"},{"floor":20.0,"key":"The Courier"},{"floor":21.0,"key":"Enchiridion"},{"floor":22.0,"key":"Red Mask"},{"floor":25.0,"key":"Singing Bowl"},{"floor":26.0,"key":"Paper Crane"},{"floor":30.0,"key":"Dream Catcher"},{"floor":37,"key":"WingedGreaves"},{"floor":42,"key":"Bag of Marbles"},{"floor":43,"key":"Omamori"},{"floor":47,"key":"Dead Branch"}],"event_choices":[{"cards_removed":["Defend_G"],"damage_healed":0.0,"max_hp_gain":0.0,"max_hp_loss":0.0,"gold_gain":0.0,"event_name":"Golden Wing","player_choice":"Card Removal","floor":3.0,"gold_loss":0.0,"damage_taken":7.0},{"damage_healed":0.0,"max_hp_gain":0.0,"max_hp_loss":0.0,"gold_gain":0.0,"cards_transformed":["Strike_G"],"event_name":"Transmorgrifier","player_choice":"Transformed","floor":4.0,"gold_loss":0.0,"damage_taken":0.0,"cards_obtained":["Cloak And Dagger"]},{"damage_healed":0.0,"max_hp_gain":0.0,"max_hp_loss":0.0,"gold_gain":0.0,"event_name":"Liars Game","player_choice":"Ignored","floor":10.0,"gold_loss":0.0,"damage_taken":0.0},{"damage_healed":0.0,"max_hp_gain":5.0,"max_hp_loss":0.0,"gold_gain":0.0,"event_name":"Forgotten Altar","player_choice":"Shed Blood","floor":19.0,"gold_loss":0.0,"damage_taken":18.0},{"damage_healed":0.0,"max_hp_gain":0.0,"max_hp_loss":0.0,"gold_gain":0.0,"event_name":"Colosseum","player_choice":"Fight","floor":20.0,"gold_loss":0.0,"damage_taken":0.0},{"damage_healed":0.0,"max_hp_gain":0.0,"max_hp_loss":0.0,"gold_gain":0.0,"event_name":"Colosseum","player_choice":"Fought Nobs","floor":20.0,"gold_loss":0.0,"damage_taken":0.0},{"damage_healed":0.0,"max_hp_gain":0.0,"max_hp_loss":0.0,"gold_gain":0.0,"event_name":"Cursed Tome","player_choice":"Obtained Book","floor":21.0,"gold_loss":0.0,"damage_taken":16.0},{"damage_healed":0.0,"max_hp_gain":0.0,"max_hp_loss":0.0,"gold_gain":0.0,"event_name":"Masked Bandits","player_choice":"Fought Bandits","floor":22.0,"gold_loss":0.0,"damage_taken":0.0},{"damage_healed":0.0,"max_hp_gain":0.0,"max_hp_loss":0.0,"gold_gain":0.0,"event_name":"Upgrade Shrine","player_choice":"Upgraded","floor":24.0,"gold_loss":0.0,"damage_taken":0.0,"cards_upgraded":["Terror"]},{"damage_healed":26.0,"max_hp_gain":0.0,"max_hp_loss":0.0,"gold_gain":0.0,"event_name":"The Library","player_choice":"Heal","floor":28.0,"gold_loss":0.0,"damage_taken":0.0},{"damage_healed":0,"gold_gain":0,"player_choice":"Fight","damage_taken":0,"max_hp_gain":0,"max_hp_loss":0,"event_name":"MindBloom","floor":37,"gold_loss":0},{"cards_removed":["Defend_G"],"damage_healed":0,"gold_gain":0,"player_choice":"Removed Skill","damage_taken":0,"max_hp_gain":0,"max_hp_loss":0,"event_name":"Falling","floor":38,"gold_loss":0},{"damage_healed":0,"gold_gain":0,"player_choice":"Fight","damage_taken":0,"max_hp_gain":0,"max_hp_loss":0,"event_name":"Mysterious Sphere","floor":47,"gold_loss":0},{"damage_healed":0,"gold_gain":0,"player_choice":"Memory 1","damage_taken":0,"max_hp_gain":0,"max_hp_loss":0,"event_name":"SensoryStone","floor":48,"gold_loss":0}],"is_beta":false,"boss_relics":[{"not_picked":["Orrery","Astrolabe"],"picked":"Ectoplasm"},{"not_picked":["Cursed Key","Runic Dome"],"picked":"Busted Crown"}],"items_purged_floors":[14],"is_endless":false,"potions_floor_spawned":[5,11,12,20,22,27,29,31,33,36,45,47],"ascension_level":6}