{"gold_per_floor":[112,130,130,144,156,182,212,224,236,27,56,56,56,56,56,56],"floor_reached":16,"playtime":395,"items_purged":["Strike_R"],"score":182,"play_id":"3026c388-3673-4672-bbd4-ff5d0b2a0b80","local_time":"20190504001419","is_ascension_mode":true,"campfire_choices":[{"floor":8.0,"key":"REST"},{"floor":13.0,"key":"REST"},{"data":"Flex","floor":15.0,"key":"SMITH"}],"neow_cost":"NONE","seed_source_timestamp":0,"circlet_count":0,"master_deck":["AscendersBane","Strike_R","Strike_R","Strike_R","Defend_R","Defend_R","Defend_R","Defend_R","Bash","Bloodletting","Heavy Blade","Flex+1","Twin Strike","Parasite"],"special_seed":0,"relics":["Burning Blood","MawBank","Letter Opener","Regal Pillow","Matryoshka"],"potions_floor_usage":[],"damage_taken":[{"damage":6.0,"enemies":"Cultist","floor":1.0,"turns":4.0},{"damage":11.0,"enemies":"2 Louse","floor":2.0,"turns":3.0},{"damage":7.0,"enemies":"Small Slimes","floor":4.0,"turns":3.0},{"damage":19.0,"enemies":"Blue Slaver","floor":5.0,"turns":4.0},{"damage":38.0,"enemies":"Gremlin Nob","floor":6.0,"turns":4.0},{"damage":21.0,"enemies":"Looter","floor":7.0,"turns":4.0},{"damage":25.0,"enemies":"Lagavulin","floor":11.0,"turns":6.0},{"damage":79,"enemies":"The Guardian","floor":16,"turns":14}],"seed_played":"3455037161918091098","potions_obtained":[{"floor":4.0,"key":"Fruit Juice"},{"floor":6.0,"key":"Strength Potion"},{"floor":7.0,"key":"Ancient Potion"}],"is_trial":false,"path_per_floor":["M","M","?","M","M","E","M","R","T","$","E","$","R","?","R","B"],"character_chosen":"IRONCLAD","items_purchased":["Regal Pillow"],"campfire_rested":2,"item_purchase_floors":[10],"current_hp_per_floor":[72,67,67,71,58,26,11,36,36,36,17,17,57,78,78,0],"gold":56,"neow_bonus":"TRANSFORM_CARD","is_prod":false,"is_daily":false,"chose_seed":false,"campfire_upgraded":1,"win_rate":0,"timestamp":1556954059,"path_taken":["M","?","?","M","M","E","M","R","T","?","E","$","R","?","R","BOSS"],"build_version":"2019-01-23","purchased_purges":1,"victory":false,"max_hp_per_floor":[80,80,80,85,85,85,85,85,85,85,85,85,85,85,85,85],"card_choices":[{"not_picked":["Entrench","True Grit"],"picked":"Heavy Blade","floor":1.0},{"not_picked":["Ghostly Armor","Evolve","Entrench"],"picked":"SKIP","floor":2.0},{"not_picked":["Armaments","Clash"],"picked":"Flex","floor":4.0},{"not_picked":["Reckless Charge","Barricade","Anger"],"picked":"SKIP","floor":5.0},{"not_picked":["Perfected Strike","Intimidate","Juggernaut"],"picked":"SKIP","floor":6.0},{"not_picked":["Heavy Blade","Iron Wave"],"picked":"Twin Strike","floor":7.0},{"not_picked":["Brutality","Feed","Clothesline"],"picked":"SKIP","floor":11.0}],"player_experience":362428,"relics_obtained":[{"floor":6.0,"key":"MawBank"},{"floor":9.0,"key":"Letter Opener"},{"floor":11.0,"key":"Matryoshka"}],"event_choices":[{"damage_healed":0.0,"max_hp_gain":0.0,"max_hp_loss":0.0,"gold_gain":0.0,"event_name":"The Woman in Blue","player_choice":"Bought 0 Potions","floor":3.0,"gold_loss":0.0,"damage_taken":0.0},{"damage_healed":21.0,"max_hp_gain":0.0,"max_hp_loss":0.0,"gold_gain":0.0,"event_name":"Mushrooms","player_choice":"Healed and dodged fight","floor":14.0,"gold_loss":0.0,"damage_taken":0.0,"cards_obtained":["Parasite"]}],"is_beta":false,"boss_relics":[],"items_purged_floors":[10],"is_endless":false,"potions_floor_spawned":[4,6,7],"killed_by":"The Guardian","ascension_level":13}