{"gold_per_floor":[119,38,38,48,48,82,82,82,82,47,47,24,60,89,89,220,220,234,250,94,107,120,120,120,120],"floor_reached":25,"playtime":954,"items_purged":[],"score":279,"play_id":"15f8cefd-8eae-4927-b4e9-84dcb2a7be14","local_time":"20190608210728","is_ascension_mode":true,"campfire_choices":[{"floor":7,"key":"REST"},{"data":"Night Terror","floor":11,"key":"SMITH"},{"data":"Cloak And Dagger","floor":15,"key":"SMITH"},{"floor":23,"key":"REST"}],"neow_cost":"NONE","seed_source_timestamp":0,"circlet_count":0,"master_deck":["Defend_G","Defend_G","Defend_G+1","Defend_G","Defend_G+1","Strike_G","Strike_G","Strike_G","Strike_G","Strike_G","Survivor","Neutralize","Dash","Footwork","Cloak And Dagger","Night Terror+1","Injury","Cloak And Dagger+1","Accuracy","Unload","Bullet Time","Caltrops","Accuracy","Glass Knife","Cloak And Dagger+1"],"special_seed":0,"relics":["Philosopher\u0027s Stone","Golden Idol","Blue Candle","Bronze Scales","Odd Mushroom","Busted Crown","Nloth\u0027s Gift"],"potions_floor_usage":[4,6,13,18,25,25],"damage_taken":[{"damage":8,"enemies":"Jaw Worm","floor":1,"turns":5},{"damage":0,"enemies":"Cultist","floor":4,"turns":4},{"damage":22,"enemies":"Lagavulin","floor":6,"turns":7},{"damage":9,"enemies":"3 Sentries","floor":13,"turns":11},{"damage":0,"enemies":"The Mushroom Lair","floor":14,"turns":5},{"damage":35,"enemies":"Hexaghost","floor":16,"turns":9},{"damage":22,"enemies":"3 Byrds","floor":18,"turns":5},{"damage":17,"enemies":"Spheric Guardian","floor":19,"turns":4},{"damage":16,"enemies":"Snecko","floor":21,"turns":6},{"damage":0,"enemies":"Centurion and Healer","floor":22,"turns":6},{"damage":30,"enemies":"Book of Stabbing","floor":25,"turns":3}],"seed_played":"-4811248022464859236","potions_obtained":[{"floor":1,"key":"Ancient Potion"},{"floor":3,"key":"Swift Potion"},{"floor":3,"key":"FearPotion"},{"floor":6,"key":"Regen Potion"},{"floor":14,"key":"AttackPotion"},{"floor":21,"key":"LiquidBronze"},{"floor":22,"key":"Block Potion"}],"is_trial":false,"path_per_floor":["M","$","?","M","?","E","R","?","T","?","R","$","E","?","R","B",null,"M","M","$","M","M","R","?","E"],"character_chosen":"THE_SILENT","items_purchased":["Footwork","Cloak And Dagger","Accuracy","Glass Knife"],"campfire_rested":2,"item_purchase_floors":[2,12,20,20],"current_hp_per_floor":[55,55,55,55,41,19,40,40,40,57,57,57,63,63,63,28,60,38,21,21,5,5,26,26,0],"gold":120,"neow_bonus":"BOSS_RELIC","is_prod":false,"is_daily":false,"chose_seed":false,"campfire_upgraded":2,"win_rate":0,"timestamp":1560042448,"path_taken":["M","$","?","?","?","E","R","?","T","?","R","$","E","?","R","BOSS","M","M","$","M","M","R","?","E"],"build_version":"2019-01-23","purchased_purges":0,"victory":false,"max_hp_per_floor":[70,70,70,70,70,70,70,70,70,70,70,70,70,70,70,70,70,70,70,70,70,70,70,70,70],"card_choices":[{"not_picked":["Acrobatics","Poisoned Stab"],"picked":"Dash","floor":1},{"not_picked":["Dodge and Roll","Flying Knee"],"picked":"Cloak And Dagger","floor":4},{"not_picked":["Predator","Deadly Poison"],"picked":"Night Terror","floor":6},{"not_picked":["Dagger Spray","Bane"],"picked":"Accuracy","floor":13},{"not_picked":["Deflect","Flying Knee"],"picked":"Unload","floor":14},{"not_picked":["Venomology","Doppelganger"],"picked":"Bullet Time","floor":16},{"not_picked":[],"picked":"Caltrops","floor":18},{"not_picked":["Prepared+1"],"picked":"SKIP","floor":19},{"not_picked":[],"picked":"Cloak And Dagger+1","floor":21},{"not_picked":["Slice"],"picked":"SKIP","floor":22}],"player_experience":418976,"relics_obtained":[{"floor":6,"key":"Gremlin Horn"},{"floor":9,"key":"Blue Candle"},{"floor":13,"key":"Bronze Scales"},{"floor":14,"key":"Odd Mushroom"}],"event_choices":[{"damage_healed":0,"gold_gain":0,"player_choice":"Got Potions","damage_taken":0,"max_hp_gain":0,"max_hp_loss":0,"event_name":"Lab","floor":3,"gold_loss":0},{"damage_healed":0,"gold_gain":0,"player_choice":"Entered Light","damage_taken":14,"max_hp_gain":0,"max_hp_loss":0,"event_name":"Shining Light","floor":5,"gold_loss":0,"cards_upgraded":["Defend_G","Defend_G"]},{"damage_healed":0,"gold_gain":0,"player_choice":"Take Wound","damage_taken":0,"relics_obtained":["Golden Idol"],"max_hp_gain":0,"max_hp_loss":0,"event_name":"Golden Idol","floor":8,"gold_loss":0,"cards_obtained":["Injury"]},{"damage_healed":17,"gold_gain":0,"player_choice":"Healed","damage_taken":0,"max_hp_gain":0,"max_hp_loss":0,"event_name":"The Cleric","floor":10,"gold_loss":35},{"damage_healed":0,"gold_gain":0,"player_choice":"Fought Mushrooms","damage_taken":0,"max_hp_gain":0,"max_hp_loss":0,"event_name":"Mushrooms","floor":14,"gold_loss":0},{"damage_healed":0,"gold_gain":0,"player_choice":"Traded Relic","damage_taken":0,"relics_obtained":["Nloth\u0027s Gift"],"max_hp_gain":0,"max_hp_loss":0,"event_name":"N\u0027loth","floor":24,"relics_lost":["Gremlin Horn"],"gold_loss":0}],"is_beta":false,"boss_relics":[{"not_picked":["Snecko Eye","Astrolabe"],"picked":"Busted Crown"}],"items_purged_floors":[],"is_endless":false,"potions_floor_spawned":[1,6,14,21,22],"killed_by":"Book of Stabbing","ascension_level":7}