{"gold_per_floor":[115,126,126,137,137,137,148,73,73,73,83,9,9,9,9,81,81,94,94,94,105,5,5,5,15,15,15,25,56,67,67,67,146,146,157,173,173,173,186,186,236,15,83,83,96,111,122,133,133,133],"floor_reached":51,"playtime":1446,"items_purged":["Strike_R","Bash+1"],"score":1311,"play_id":"43fc6864-efa5-4fd0-b705-d23f4f8bc3fd","local_time":"20190516225311","is_ascension_mode":true,"campfire_choices":[{"data":"Thunderclap","floor":6.0,"key":"SMITH"},{"data":"Clash","floor":10.0,"key":"SMITH"},{"floor":15.0,"key":"REST"},{"data":"Battle Trance","floor":23.0,"key":"SMITH"},{"data":"Whirlwind","floor":27.0,"key":"SMITH"},{"floor":32.0,"key":"RECALL"},{"data":"Limit Break","floor":40.0,"key":"SMITH"},{"floor":44.0,"key":"REST"},{"floor":49.0,"key":"REST"}],"neow_cost":"NONE","seed_source_timestamp":0,"circlet_count":0,"master_deck":["AscendersBane","Clash+1","Flex+1","Thunderclap+1","Sword Boomerang+1","Whirlwind+1","Battle Trance+1","Limit Break+1"],"special_seed":0,"relics":["Burning Blood","Kunai","Pandora\u0027s Box","Thread and Needle","Red Mask","Busted Crown","HandDrill","Singing Bowl"],"potions_floor_usage":[50,50],"damage_taken":[{"damage":10.0,"enemies":"Small Slimes","floor":1.0,"turns":4.0},{"damage":7.0,"enemies":"2 Louse","floor":2.0,"turns":3.0},{"damage":0.0,"enemies":"Cultist","floor":4.0,"turns":2.0},{"damage":0.0,"enemies":"Lots of Slimes","floor":7.0,"turns":2.0},{"damage":15.0,"enemies":"3 Louse","floor":11.0,"turns":3.0},{"damage":36.0,"enemies":"The Guardian","floor":16.0,"turns":11.0},{"damage":11.0,"enemies":"Spheric Guardian","floor":18.0,"turns":3.0},{"damage":0.0,"enemies":"Chosen","floor":21.0,"turns":2.0},{"damage":0.0,"enemies":"Sentry and Sphere","floor":25.0,"turns":2.0},{"damage":0.0,"enemies":"Cultist and Chosen","floor":28.0,"turns":2.0},{"damage":0.0,"enemies":"Masked Bandits","floor":29.0,"turns":1.0},{"damage":0.0,"enemies":"Chosen and Byrds","floor":30.0,"turns":2.0},{"damage":12.0,"enemies":"Automaton","floor":33.0,"turns":4.0},{"damage":0.0,"enemies":"3 Darklings","floor":35.0,"turns":1.0},{"damage":0.0,"enemies":"Orb Walker","floor":36.0,"turns":1.0},{"damage":1.0,"enemies":"Maw","floor":39.0,"turns":3.0},{"damage":8.0,"enemies":"Writhing Mass","floor":45.0,"turns":2.0},{"damage":14.0,"enemies":"4 Shapes","floor":46.0,"turns":1.0},{"damage":20.0,"enemies":"Jaw Worm Horde","floor":47.0,"turns":3.0},{"damage":14.0,"enemies":"Writhing Mass","floor":48.0,"turns":2.0},{"damage":54,"enemies":"Time Eater","floor":50,"turns":4}],"seed_played":"-5624538895608332330","potions_obtained":[{"floor":1.0,"key":"SkillPotion"},{"floor":2.0,"key":"AttackPotion"},{"floor":11.0,"key":"AttackPotion"},{"floor":29.0,"key":"Dexterity Potion"},{"floor":30.0,"key":"Fire Potion"},{"floor":31.0,"key":"Weak Potion"},{"floor":35.0,"key":"Regen Potion"},{"floor":47.0,"key":"EssenceOfSteel"}],"is_trial":false,"path_per_floor":["M","M","?","M","?","R","M","$","T","R","M","$","?","$","R","B",null,"M","$","?","M","$","R","?","M","T","R","M","?","M","?","R","B",null,"M","M","?","?","M","R","?","$","T","R","M","M","M","M","R","B",null],"character_chosen":"IRONCLAD","items_purchased":["Whirlwind","HandDrill"],"campfire_rested":3,"item_purchase_floors":[12,42],"current_hp_per_floor":[64,63,63,69,69,69,75,75,75,75,66,66,43,43,65,35,65,60,60,60,66,66,66,66,72,72,72,75,75,75,75,75,69,74,75,75,71,71,71,71,71,71,71,71,71,65,62,56,79,31],"gold":133,"neow_bonus":"UPGRADE_CARD","is_prod":false,"is_daily":false,"chose_seed":false,"campfire_upgraded":5,"win_rate":0,"timestamp":1558072391,"path_taken":["M","M","?","M","?","R","?","?","T","R","M","$","?","$","R","BOSS","M","$","?","M","$","R","?","M","T","R","?","?","M","?","R","BOSS","M","?","?","?","?","R","?","?","T","R","?","M","?","M","R","BOSS"],"build_version":"2019-01-23","purchased_purges":2,"victory":true,"max_hp_per_floor":[75,75,75,75,75,75,75,75,75,75,75,75,75,75,75,75,75,75,75,75,75,75,75,75,75,75,75,75,75,75,75,75,75,75,75,75,71,71,71,71,71,71,71,71,73,75,77,79,79,79],"card_choices":[{"not_picked":["Spot Weakness","Ghostly Armor"],"picked":"Clash","floor":1.0},{"not_picked":["Clash","Cleave"],"picked":"Flex","floor":2.0},{"not_picked":["Evolve","Headbutt"],"picked":"Thunderclap","floor":4.0},{"not_picked":["Blood for Blood","Anger","Cleave"],"picked":"SKIP","floor":7.0},{"not_picked":["Wild Strike","Blood for Blood","Reckless Charge"],"picked":"SKIP","floor":11.0},{"not_picked":["Thunderclap","Headbutt"],"picked":"Battle Trance","floor":18.0},{"not_picked":["Havoc","Rampage","Metallicize+1"],"picked":"SKIP","floor":21.0},{"not_picked":["Body Slam","Twin Strike","Pommel Strike"],"picked":"SKIP","floor":25.0},{"not_picked":["Iron Wave+1","Clothesline","Cleave"],"picked":"SKIP","floor":28.0},{"not_picked":["Intimidate","Body Slam","Perfected Strike"],"picked":"SKIP","floor":30.0},{"not_picked":["Offering","Juggernaut"],"picked":"Limit Break","floor":33.0},{"not_picked":["Shrug It Off+1"],"picked":"SKIP","floor":35.0},{"not_picked":["Combust"],"picked":"SKIP","floor":36.0},{"not_picked":["Thunderclap+1"],"picked":"SKIP","floor":39.0},{"not_picked":["Perfected Strike"],"picked":"Singing Bowl","floor":45.0},{"not_picked":["Twin Strike"],"picked":"Singing Bowl","floor":46.0},{"not_picked":["Clothesline"],"picked":"Singing Bowl","floor":47.0},{"not_picked":["Havoc"],"picked":"Singing Bowl","floor":48.0}],"player_experience":394731,"relics_obtained":[{"floor":9.0,"key":"Kunai"},{"floor":26.0,"key":"Thread and Needle"},{"floor":29.0,"key":"Red Mask"},{"floor":43.0,"key":"Singing Bowl"}],"event_choices":[{"damage_healed":0.0,"max_hp_gain":0.0,"max_hp_loss":0.0,"gold_gain":0.0,"event_name":"Living Wall","player_choice":"Grow","floor":3.0,"gold_loss":0.0,"damage_taken":0.0,"cards_upgraded":["Flex"]},{"damage_healed":0.0,"max_hp_gain":0.0,"max_hp_loss":0.0,"gold_gain":0.0,"event_name":"Match and Keep!","player_choice":"1 cards matched","floor":5.0,"gold_loss":0.0,"damage_taken":0.0,"cards_obtained":["Sword Boomerang"]},{"damage_healed":0.0,"max_hp_gain":0.0,"max_hp_loss":0.0,"gold_gain":0.0,"event_name":"Shining Light","player_choice":"Entered Light","floor":13.0,"gold_loss":0.0,"damage_taken":23.0,"cards_upgraded":["Defend_R","Defend_R"]},{"damage_healed":0.0,"max_hp_gain":0.0,"max_hp_loss":0.0,"gold_gain":0.0,"event_name":"Vampires","player_choice":"Ignored","floor":20.0,"gold_loss":0.0,"damage_taken":0.0},{"damage_healed":0.0,"max_hp_gain":0.0,"max_hp_loss":0.0,"gold_gain":0.0,"event_name":"Accursed Blacksmith","player_choice":"Forge","floor":24.0,"gold_loss":0.0,"damage_taken":0.0,"cards_upgraded":["Sword Boomerang"]},{"damage_healed":0.0,"max_hp_gain":0.0,"max_hp_loss":0.0,"gold_gain":0.0,"event_name":"Masked Bandits","player_choice":"Fought Bandits","floor":29.0,"gold_loss":0.0,"damage_taken":0.0},{"damage_healed":0.0,"max_hp_gain":0.0,"max_hp_loss":0.0,"gold_gain":0.0,"event_name":"Lab","player_choice":"Got Potions","floor":31.0,"gold_loss":0.0,"damage_taken":0.0},{"damage_healed":0.0,"max_hp_gain":0.0,"max_hp_loss":4.0,"gold_gain":0.0,"event_name":"Winding Halls","player_choice":"Max HP","floor":37.0,"gold_loss":0.0,"damage_taken":0.0},{"damage_healed":0.0,"max_hp_gain":0.0,"max_hp_loss":0.0,"gold_gain":50.0,"event_name":"Golden Shrine","player_choice":"Pray","floor":41.0,"gold_loss":0.0,"damage_taken":0.0}],"is_beta":false,"boss_relics":[{"not_picked":["Philosopher\u0027s Stone","Astrolabe"],"picked":"Pandora\u0027s Box"},{"not_picked":["Snecko Eye","Runic Dome"],"picked":"Busted Crown"}],"items_purged_floors":[8,22],"is_endless":false,"potions_floor_spawned":[1,2,4,11,29,30,35,39,47],"ascension_level":17}