{"gold_per_floor":[118,118,128,128,139,170,95,95,95,120,131,131,146,96,96,196,196,207,207,226,176,196,196,196,196,220,232,243,243,193,209,209,309,309,327,327,343,343],"floor_reached":38,"playtime":1519,"items_purged":["Strike_B","Defend_B","Strike_B","Strike_B"],"score":386,"play_id":"8cfa46ca-9cfe-48b7-ace5-aac14d707476","local_time":"20190217024731","is_ascension_mode":false,"campfire_choices":[{"floor":8,"key":"REST"},{"data":"Reinforced Body","floor":15,"key":"SMITH"},{"floor":23,"key":"REST"},{"floor":25,"key":"REST"},{"floor":29,"key":"REST"},{"floor":32,"key":"REST"}],"neow_cost":"NONE","seed_source_timestamp":25032488040500,"circlet_count":0,"master_deck":["Defend_B","Defend_B","Zap","Dualcast","Go for the Eyes","Sweeping Beam+1","Go for the Eyes","Static Discharge","Reinforced Body+1","Ball Lightning","Redo","Creative AI","Go for the Eyes+1","Gash","Redo","Multi-Cast","Gash+1"],"relics":["Cracked Core","NeowsBlessing","Gremlin Horn","Dodecahedron","Smiling Mask","Lizard Tail","Bag of Preparation","Philosopher\u0027s Stone"],"potions_floor_usage":[16,16,16,33,33,38,38],"damage_taken":[{"damage":0,"enemies":"Jaw Worm","floor":1,"turns":1},{"damage":0,"enemies":"2 Louse","floor":3,"turns":1},{"damage":0,"enemies":"Cultist","floor":5,"turns":1},{"damage":28,"enemies":"3 Sentries","floor":6,"turns":7},{"damage":30,"enemies":"Lagavulin","floor":10,"turns":6},{"damage":2,"enemies":"Looter","floor":11,"turns":3},{"damage":0,"enemies":"2 Fungi Beasts","floor":13,"turns":2},{"damage":25,"enemies":"Slime Boss","floor":16,"turns":9},{"damage":24,"enemies":"Spheric Guardian","floor":18,"turns":5},{"damage":5,"enemies":"3 Byrds","floor":20,"turns":3},{"damage":29,"enemies":"Shelled Parasite and Fungi","floor":22,"turns":5},{"damage":34,"enemies":"Centurion and Healer","floor":27,"turns":6},{"damage":22,"enemies":"Chosen and Byrds","floor":28,"turns":6},{"damage":22,"enemies":"Snecko","floor":31,"turns":7},{"damage":57,"enemies":"Champ","floor":33,"turns":12},{"damage":37,"enemies":"3 Darklings","floor":35,"turns":4},{"damage":41,"enemies":"Orb Walker","floor":37,"turns":5},{"damage":17,"enemies":"3 Darklings","floor":38,"turns":2}],"seed_played":"6994019958501715773","potions_obtained":[{"floor":1,"key":"Swift Potion"},{"floor":10,"key":"EntropicBrew"},{"floor":11,"key":"SpeedPotion"},{"floor":20,"key":"Ancient Potion"},{"floor":31,"key":"SteroidPotion"},{"floor":33,"key":"Regen Potion"},{"floor":37,"key":"SkillPotion"}],"is_trial":false,"path_per_floor":["M","?","M","?","M","E","$","R","T","E","M","?","M","$","R","B",null,"M","?","M","$","M","R","?","R","T","M","M","R","$","M","R","B",null,"M","?","M","M"],"character_chosen":"DEFECT","items_purchased":[],"campfire_rested":5,"item_purchase_floors":[],"current_hp_per_floor":[75,75,75,75,75,47,47,69,69,39,37,62,62,62,62,37,75,51,51,46,46,17,39,25,49,49,15,33,57,57,35,59,2,80,43,43,2,0],"gold":343,"neow_bonus":"THREE_ENEMY_KILL","is_prod":false,"is_daily":false,"chose_seed":false,"campfire_upgraded":1,"win_rate":0.0,"timestamp":1550400451,"path_taken":["M","?","M","?","?","E","$","R","T","E","M","?","M","$","R","BOSS","M","?","M","$","M","R","?","R","T","M","M","R","$","M","R","BOSS","M","?","M","?"],"build_version":"2019-01-23","purchased_purges":4,"victory":false,"max_hp_per_floor":[75,75,75,75,75,75,75,75,75,75,75,75,75,75,75,75,75,75,75,75,75,75,75,80,80,80,80,80,80,80,80,80,80,80,80,80,80,80],"card_choices":[{"not_picked":["Undo","Barrage"],"picked":"Go for the Eyes","floor":1},{"not_picked":["Rebound","Melter"],"picked":"Sweeping Beam","floor":3},{"not_picked":["Steam","Streamline"],"picked":"Go for the Eyes","floor":5},{"not_picked":["Redo","Barrage"],"picked":"Static Discharge","floor":6},{"not_picked":["Coolheaded","Redo"],"picked":"Reinforced Body","floor":10},{"not_picked":["Skim","Turbo"],"picked":"Ball Lightning","floor":11},{"not_picked":["Turbo","Ball Lightning"],"picked":"Redo","floor":13},{"not_picked":["Core Surge","Biased Cognition"],"picked":"Creative AI","floor":16},{"not_picked":["Sweeping Beam","Auto Shields","Steam+1"],"picked":"SKIP","floor":18},{"not_picked":["Leap","Barrage","Turbo"],"picked":"SKIP","floor":20},{"not_picked":["Auto Shields","Cold Snap","Skim"],"picked":"SKIP","floor":22},{"not_picked":["Reprogram","Ball Lightning"],"picked":"Go for the Eyes+1","floor":27},{"not_picked":["Leap","Compile Driver"],"picked":"Gash","floor":28},{"not_picked":["Leap","Steam"],"picked":"Redo","floor":31},{"not_picked":["Hyperbeam","Machine Learning"],"picked":"Multi-Cast","floor":33},{"not_picked":["Reinforced Body","Streamline+1","Chill+1"],"picked":"SKIP","floor":35},{"not_picked":["Genetic Algorithm+1","Darkness+1"],"picked":"Gash+1","floor":37}],"player_experience":177113,"relics_obtained":[{"floor":6,"key":"Gremlin Horn"},{"floor":9,"key":"Dodecahedron"},{"floor":10,"key":"Smiling Mask"},{"floor":26,"key":"Bag of Preparation"}],"event_choices":[{"cards_removed":["Strike_B"],"damage_healed":0,"gold_gain":0,"player_choice":"Forget","damage_taken":0,"max_hp_gain":0,"max_hp_loss":0,"event_name":"Living Wall","floor":2,"gold_loss":0},{"damage_healed":0,"gold_gain":0,"player_choice":"Forge","damage_taken":0,"max_hp_gain":0,"max_hp_loss":0,"event_name":"Accursed Blacksmith","floor":4,"gold_loss":0,"cards_upgraded":["Sweeping Beam"]},{"damage_healed":25,"gold_gain":0,"player_choice":"Banana","damage_taken":0,"max_hp_gain":0,"max_hp_loss":0,"event_name":"Big Fish","floor":12,"gold_loss":0},{"damage_healed":0,"gold_gain":0,"player_choice":"Ignored","damage_taken":0,"max_hp_gain":0,"max_hp_loss":0,"event_name":"Vampires","floor":19,"gold_loss":0},{"damage_healed":0,"gold_gain":0,"player_choice":"Shed Blood","damage_taken":19,"max_hp_gain":5,"max_hp_loss":0,"event_name":"Forgotten Altar","floor":24,"gold_loss":0},{"cards_removed":["Defend_B"],"damage_healed":0,"gold_gain":0,"player_choice":"Purged","damage_taken":0,"max_hp_gain":0,"max_hp_loss":0,"event_name":"Purifier","floor":36,"gold_loss":0}],"is_beta":false,"boss_relics":[{"not_picked":["FrozenCore","Runic Dome"],"picked":"Lizard Tail"},{"not_picked":["Black Star","Astrolabe"],"picked":"Philosopher\u0027s Stone"}],"items_purged_floors":[7,14,21,30],"is_endless":false,"potions_floor_spawned":[1,10,11,20,28,31,33,37],"killed_by":"3 Darklings","ascension_level":0}