{"path_per_floor":["M","M","?","M","?","R","M","M","T","$","?","M","$","M","R","B",null,"M","$","?","M","M","M","?","?","T","R","$","E"],"character_chosen":"IRONCLAD","items_purchased":["Feed","Metallicize","Dropkick","Rampage"],"gold_per_floor":[112,127,127,147,147,147,164,178,178,28,203,219,119,133,133,237,237,254,73,73,83,97,114,114,114,137,137,12,38,38],"floor_reached":30,"campfire_rested":1,"playtime":3934,"current_hp_per_floor":[74,71,64,68,73,73,79,78,78,78,78,82,82,88,88,46,88,49,49,49,54,57,30,63,63,63,93,93,38,0],"items_purged":["Strike_R","Doubt","Strike_R"],"gold":38,"score":267,"play_id":"61337d01-4916-41d4-a5c0-eab51cf4572d","local_time":"20180512233444","is_prod":false,"is_daily":false,"chose_seed":false,"is_ascension_mode":false,"campfire_upgraded":2,"timestamp":1526164484,"path_taken":["M","?","?","M","?","R","?","M","T","?","?","M","$","M","R","BOSS","M","$","?","M","M","?","?","?","T","R","$","E","?"],"build_version":"2018-05-03","seed_source_timestamp":283388181615968,"purchased_purges":3,"victory":false,"master_deck":["Strike_R","Strike_R","Strike_R","Defend_R","Defend_R","Defend_R","Defend_R","Bash","Flex+1","Armaments+1","Pommel Strike","Pommel Strike","Headbutt","Feed","Iron Wave","Limit Break","Rage","Metallicize","Dropkick","Rampage","Battle Trance","Seeing Red+1"],"max_hp_per_floor":[80,80,80,80,85,85,85,85,85,85,85,88,88,88,88,88,88,91,91,91,94,98,101,101,101,101,101,101,101,101],"relics":["Burning Blood","Ancient Tea Set","Ice Cream","Bottled Flame","Lizard Tail","Bag of Preparation","Paper Frog"],"card_choices":[{"not_picked":["True Grit","Twin Strike"],"picked":"Flex","floor":1},{"not_picked":["Rupture","Pummel"],"picked":"Armaments","floor":2},{"not_picked":["Rupture","Bludgeon"],"picked":"Pommel Strike","floor":4},{"not_picked":["Sword Boomerang","Spot Weakness"],"picked":"Pommel Strike","floor":7},{"not_picked":["Clothesline","True Grit"],"picked":"Headbutt","floor":8},{"not_picked":["Heavy Blade","Sever Soul"],"picked":"Iron Wave","floor":12},{"not_picked":["Brutality","Fiend Fire"],"picked":"Limit Break","floor":16},{"not_picked":["Perfected Strike","Headbutt"],"picked":"Rage","floor":18},{"not_picked":["Headbutt","Sever Soul"],"picked":"Battle Trance","floor":22},{"not_picked":["Entrench","Whirlwind"],"picked":"Seeing Red","floor":29}],"player_experience":122078,"potions_floor_usage":[16,16,21,22],"damage_taken":[{"damage":12,"enemies":"Cultist","floor":1,"turns":5},{"damage":9,"enemies":"2 Louse","floor":2,"turns":4},{"damage":2,"enemies":"Jaw Worm","floor":4,"turns":5},{"damage":0,"enemies":"2 Fungi Beasts","floor":7,"turns":2},{"damage":7,"enemies":"Exordium Thugs","floor":8,"turns":5},{"damage":5,"enemies":"Looter","floor":12,"turns":3},{"damage":0,"enemies":"Exordium Wildlife","floor":14,"turns":3},{"damage":48,"enemies":"Hexaghost","floor":16,"turns":9},{"damage":48,"enemies":"Shell Parasite","floor":18,"turns":10},{"damage":4,"enemies":"Chosen","floor":21,"turns":7},{"damage":7,"enemies":"Centurion and Healer","floor":22,"turns":13},{"damage":36,"enemies":"Chosen and Byrds","floor":23,"turns":9},{"damage":117,"enemies":"Gremlin Leader","floor":29,"turns":11},{"damage":38,"enemies":"Slaver and Parasite","floor":30,"turns":5}],"event_choices":[{"event_name":"Scrap Ooze","player_choice":"success","floor":3,"damage_taken":7},{"event_name":"Big Fish","player_choice":"Donut","floor":5,"damage_taken":0},{"event_name":"Liars Game","player_choice":"agreed","floor":11,"damage_taken":0},{"event_name":"Beggar","player_choice":"Ignored","floor":20,"damage_taken":0},{"event_name":"The Library","player_choice":"Heal","floor":24,"damage_taken":0},{"event_name":"Drug Dealer","player_choice":"Ignored","floor":25,"damage_taken":0}],"boss_relics":[{"not_picked":["Tiny House","Astrolabe"],"picked":"Lizard Tail"}],"potions_floor_spawned":[7,12,14,18,21],"seed_played":"7725883393864516618","killed_by":"Slaver and Parasite","ascension_level":0,"is_trial":false}