{"gold_per_floor":[114,114,128,139,115,142,142,172,172,184,168,180],"floor_reached":12,"playtime":535,"items_purged":[],"score":103,"play_id":"83e7f6e0-2b2b-4405-898d-178c082c5959","local_time":"20190323201050","is_ascension_mode":true,"campfire_choices":[{"floor":7,"key":"REST"},{"floor":10,"key":"REST"}],"neow_cost":"NONE","seed_source_timestamp":215676484275518,"circlet_count":0,"master_deck":["Defend_G","Defend_G","Defend_G","Defend_G","Defend_G","Strike_G","Strike_G","Strike_G","Survivor","Neutralize","Unload","Crippling Poison","Backflip"],"relics":["Ring of the Snake","Smiling Mask","Matryoshka","MawBank","Omamori"],"potions_floor_usage":[6,8],"damage_taken":[{"damage":9,"enemies":"Cultist","floor":1,"turns":7},{"damage":1,"enemies":"Jaw Worm","floor":3,"turns":3},{"damage":0,"enemies":"2 Louse","floor":4,"turns":3},{"damage":34,"enemies":"3 Sentries","floor":6,"turns":18},{"damage":38,"enemies":"Lagavulin","floor":8,"turns":10},{"damage":31,"enemies":"3 Sentries","floor":12,"turns":9}],"seed_played":"-6620741430709845287","potions_obtained":[{"floor":1,"key":"EssenceOfSteel"},{"floor":6,"key":"Swift Potion"}],"is_trial":false,"path_per_floor":["M","?","M","M","$","E","R","E","T","R","?","E"],"character_chosen":"THE_SILENT","items_purchased":["Backflip"],"campfire_rested":2,"item_purchase_floors":[5],"current_hp_per_floor":[61,61,60,60,60,26,47,9,9,30,30,0],"gold":180,"neow_bonus":"REMOVE_CARD","is_prod":false,"is_daily":false,"chose_seed":false,"campfire_upgraded":0,"win_rate":0,"timestamp":1553386250,"path_taken":["M","?","M","?","$","E","R","E","T","R","?","E"],"build_version":"2019-01-23","purchased_purges":0,"victory":false,"max_hp_per_floor":[70,70,70,70,70,70,70,70,70,70,70,70],"card_choices":[{"not_picked":["Flechettes","Deflect","Heel Hook"],"picked":"SKIP","floor":1},{"not_picked":["Deflect","Calculated Gamble","Slice"],"picked":"SKIP","floor":3},{"not_picked":["Acrobatics","Dash"],"picked":"Crippling Poison","floor":4},{"not_picked":["Heel Hook","Outmaneuver","Underhanded Strike"],"picked":"SKIP","floor":6},{"not_picked":["Heel Hook","Escape Plan","Flying Knee"],"picked":"SKIP","floor":8}],"player_experience":272180,"relics_obtained":[{"floor":6,"key":"Smiling Mask"},{"floor":8,"key":"Matryoshka"},{"floor":9,"key":"MawBank"},{"floor":9,"key":"Omamori"}],"event_choices":[{"damage_healed":0,"gold_gain":0,"cards_transformed":["Strike_G"],"player_choice":"Transformed","damage_taken":0,"max_hp_gain":0,"max_hp_loss":0,"event_name":"Transmorgrifier","floor":2,"gold_loss":0,"cards_obtained":["Unload"]},{"damage_healed":0,"gold_gain":0,"player_choice":"Left Gold","damage_taken":0,"max_hp_gain":0,"max_hp_loss":0,"event_name":"World of Goop","floor":11,"gold_loss":28}],"is_beta":false,"boss_relics":[],"items_purged_floors":[],"is_endless":false,"potions_floor_spawned":[1,6],"killed_by":"3 Sentries","ascension_level":4}