{"gold_per_floor":[113,130,150,169,184,184,184,195,225,203,217,227,246,259,259,259],"floor_reached":16,"playtime":1832,"items_purged":[],"score":100,"play_id":"d942a6f5-5778-4bf7-8c0b-560d25011f8c","local_time":"20190722220652","is_ascension_mode":false,"campfire_choices":[{"data":"Neutralize","floor":6,"key":"SMITH"},{"floor":15,"key":"REST"}],"neow_cost":"NONE","seed_source_timestamp":315143959587725,"circlet_count":0,"master_deck":["Strike_G","Strike_G","Strike_G","Strike_G","Defend_G","Defend_G","Defend_G","Defend_G","Defend_G","Survivor","Neutralize+1","Outmaneuver","Footwork","Backflip","Burst","PiercingWail","Outmaneuver","Infinite Blades","Catalyst"],"relics":["Ring of the Snake","Tiny Chest"],"potions_floor_usage":[14,16],"damage_taken":[{"damage":0,"enemies":"2 Louse","floor":1,"turns":3},{"damage":0,"enemies":"Cultist","floor":2,"turns":5},{"damage":0,"enemies":"Jaw Worm","floor":3,"turns":5},{"damage":0,"enemies":"Blue Slaver","floor":4,"turns":7},{"damage":14,"enemies":"Red Slaver","floor":5,"turns":11},{"damage":17,"enemies":"Exordium Thugs","floor":8,"turns":10},{"damage":4,"enemies":"3 Louse","floor":11,"turns":6},{"damage":22,"enemies":"2 Fungi Beasts","floor":12,"turns":7},{"damage":4,"enemies":"Exordium Wildlife","floor":13,"turns":8},{"damage":0,"enemies":"Looter","floor":14,"turns":5},{"damage":44,"enemies":"Slime Boss","floor":16,"turns":12}],"seed_played":"-9029997556891841962","potions_obtained":[{"floor":3,"key":"Explosive Potion"},{"floor":4,"key":"Energy Potion"},{"floor":11,"key":"Strength Potion"}],"is_trial":false,"path_per_floor":["M","M","M","M","M","R","?","M","T","?","M","M","M","M","R","B"],"character_chosen":"THE_SILENT","items_purchased":[],"campfire_rested":1,"item_purchase_floors":[],"current_hp_per_floor":[77,77,77,77,63,63,63,46,46,46,42,20,16,16,39,0],"gold":259,"neow_bonus":"TEN_PERCENT_HP_BONUS","is_prod":false,"is_daily":false,"chose_seed":false,"campfire_upgraded":1,"win_rate":0,"timestamp":1563854812,"path_taken":["M","M","M","M","M","R","?","?","T","?","M","M","M","M","R","BOSS"],"build_version":"2019-07-17","purchased_purges":0,"victory":false,"max_hp_per_floor":[77,77,77,77,77,77,77,77,77,77,77,77,77,77,77,77],"card_choices":[{"not_picked":["Blade Dance","Poisoned Stab"],"picked":"Outmaneuver","floor":1},{"not_picked":["Poisoned Stab","Sucker Punch"],"picked":"Footwork","floor":2},{"not_picked":["Flying Knee","Dodge and Roll"],"picked":"Backflip","floor":3},{"not_picked":["Finisher","Deflect"],"picked":"Burst","floor":4},{"not_picked":["Deflect","Dagger Spray","Blur"],"picked":"SKIP","floor":5},{"not_picked":["Bane","Backflip"],"picked":"PiercingWail","floor":8},{"not_picked":["Heel Hook","Catalyst"],"picked":"Outmaneuver","floor":11},{"not_picked":["Reflex","Calculated Gamble"],"picked":"Infinite Blades","floor":12},{"not_picked":["All Out Attack","Poisoned Stab","Dagger Spray"],"picked":"SKIP","floor":13},{"not_picked":["Flying Knee","Bullet Time"],"picked":"Catalyst","floor":14}],"player_experience":73266,"relics_obtained":[{"floor":9,"key":"Tiny Chest"}],"event_choices":[{"cards_removed":["Strike_G"],"damage_healed":0,"gold_gain":0,"player_choice":"Purged","damage_taken":0,"max_hp_gain":0,"max_hp_loss":0,"event_name":"Purifier","floor":7,"gold_loss":0},{"damage_healed":0,"gold_gain":0,"player_choice":"Left Gold","damage_taken":0,"max_hp_gain":0,"max_hp_loss":0,"event_name":"World of Goop","floor":10,"gold_loss":22}],"is_beta":false,"boss_relics":[],"items_purged_floors":[],"is_endless":false,"potions_floor_spawned":[3,4,11,13],"killed_by":"Slime Boss","ascension_level":0}