{"gold_per_floor":[114,129,129,144,219,219,234,264,264,264,279,318,333,273,273,273],"floor_reached":16,"playtime":741,"items_purged":["Strike_G"],"score":102,"play_id":"a0dddb45-ee7c-416b-9b50-86b72fa2130c","local_time":"20190209023054","daily_mods":["Chimera","Uncertain Future","Binary"],"is_ascension_mode":false,"campfire_choices":[{"data":"Streamline","floor":6,"key":"SMITH"},{"data":"Streamline","floor":10,"key":"SMITH"},{"floor":15,"key":"REST"}],"neow_cost":"","seed_source_timestamp":0,"circlet_count":0,"master_deck":["Bash","Survivor","Zap","Strike_B","Defend_R","Defend_G","Defend_B","Melter","Hello World","Streamline+1","Streamline+1","Rebound","Conserve Battery"],"special_seed":17936,"relics":["Cracked Core","Omamori","The Courier","Lantern"],"potions_floor_usage":[8],"damage_taken":[{"damage":0.0,"enemies":"Small Slimes","floor":1.0,"turns":3.0},{"damage":2.0,"enemies":"2 Louse","floor":2.0,"turns":3.0},{"damage":1,"enemies":"Cultist","floor":4,"turns":3},{"damage":14,"enemies":"2 Fungi Beasts","floor":7,"turns":3},{"damage":4,"enemies":"Gremlin Nob","floor":8,"turns":4},{"damage":10,"enemies":"Looter","floor":11,"turns":3},{"damage":17,"enemies":"Lagavulin Event","floor":12,"turns":5},{"damage":7,"enemies":"Exordium Thugs","floor":13,"turns":2},{"damage":32,"enemies":"The Guardian","floor":16,"turns":7}],"seed_played":"-7331181694979665872","potions_obtained":[{"floor":1.0,"key":"SneckoOil"},{"floor":2.0,"key":"Poison Potion"},{"floor":12,"key":"LiquidBronze"}],"is_trial":false,"path_per_floor":["M","M","?","M","?","R","M","E","T","R","M","?","M","$","R","B"],"character_chosen":"DEFECT","items_purchased":[],"campfire_rested":1,"item_purchase_floors":[],"current_hp_per_floor":[75,73,73,72,61,61,47,43,43,43,33,16,9,9,31,0],"gold":273,"neow_bonus":"","is_prod":false,"is_daily":true,"chose_seed":false,"campfire_upgraded":2,"win_rate":0.0,"timestamp":1549708254,"path_taken":["M","M","?","M","?","R","M","E","T","R","M","?","M","$","R","BOSS"],"build_version":"2019-01-23","purchased_purges":1,"victory":false,"max_hp_per_floor":[75,75,75,75,75,75,75,75,75,75,75,75,75,75,75,75],"card_choices":[{"not_picked":["Gash"],"picked":"Melter","floor":1.0},{"not_picked":["Tempest"],"picked":"Hello World","floor":2.0},{"not_picked":["Steam"],"picked":"Streamline","floor":4},{"not_picked":["Auto Shields","Coolheaded"],"picked":"SKIP","floor":7},{"not_picked":["Scrape"],"picked":"Streamline","floor":8},{"not_picked":["Gash"],"picked":"Rebound","floor":11},{"not_picked":["Reinforced Body"],"picked":"Conserve Battery","floor":13}],"player_experience":89871,"relics_obtained":[{"floor":8,"key":"Omamori"},{"floor":9,"key":"The Courier"}],"event_choices":[{"cards_removed":["Strike_R"],"damage_healed":0,"gold_gain":0,"player_choice":"Forget","damage_taken":0,"max_hp_gain":0,"max_hp_loss":0,"event_name":"Living Wall","floor":3,"gold_loss":0},{"damage_healed":0,"gold_gain":75,"player_choice":"Gather Gold","damage_taken":11,"max_hp_gain":0,"max_hp_loss":0,"event_name":"World of Goop","floor":5,"gold_loss":0},{"damage_healed":0,"gold_gain":30,"player_choice":"Searched \u00273\u0027 times","damage_taken":0,"relics_obtained":["Lantern"],"max_hp_gain":0,"max_hp_loss":0,"event_name":"Dead Adventurer","floor":12,"gold_loss":0}],"is_beta":false,"boss_relics":[],"items_purged_floors":[14],"is_endless":false,"potions_floor_spawned":[1,2,12],"killed_by":"The Guardian","ascension_level":0}