{"gold_per_floor":[116,116,135,60,74,74,88,88,88,88,98,125,200,100,100,100],"floor_reached":16,"playtime":401,"items_purged":["Perfected Strike","Strike_R"],"score":115,"play_id":"cba2a910-92ad-4077-a185-a84428aad302","local_time":"20190210185611","is_ascension_mode":true,"campfire_choices":[{"data":"Flex","floor":6,"key":"SMITH"},{"data":"Pommel Strike","floor":8,"key":"SMITH"},{"data":"Bash","floor":10,"key":"SMITH"},{"floor":15,"key":"REST"}],"neow_cost":"NONE","seed_source_timestamp":122659574091800,"circlet_count":0,"master_deck":["Strike_R","Strike_R","Strike_R","Defend_R","Defend_R","Defend_R","Defend_R","Bash+1","Flex+1","Dropkick","Pommel Strike+1","Flex"],"relics":["Burning Blood","Pantograph","Thread and Needle"],"potions_floor_usage":[12,16],"damage_taken":[{"damage":21,"enemies":"Jaw Worm","floor":1,"turns":4},{"damage":6,"enemies":"Cultist","floor":3,"turns":4},{"damage":10,"enemies":"2 Louse","floor":5,"turns":4},{"damage":0,"enemies":"Large Slime","floor":7,"turns":2},{"damage":25,"enemies":"3 Louse","floor":11,"turns":3},{"damage":42,"enemies":"Lagavulin","floor":12,"turns":6},{"damage":59,"enemies":"Slime Boss","floor":16,"turns":6}],"seed_played":"-6784211883485519141","potions_obtained":[{"floor":3,"key":"Regen Potion"},{"floor":12,"key":"GamblersBrew"}],"is_trial":false,"path_per_floor":["M","?","M","$","M","R","M","R","T","R","M","E","?","$","R","B"],"character_chosen":"IRONCLAD","items_purchased":[],"campfire_rested":1,"item_purchase_floors":[],"current_hp_per_floor":[65,57,57,57,53,53,59,59,59,59,40,16,5,5,29,0],"gold":100,"neow_bonus":"REMOVE_CARD","is_prod":false,"is_daily":false,"chose_seed":false,"campfire_upgraded":3,"win_rate":0,"timestamp":1549853771,"path_taken":["M","?","?","$","M","R","M","R","T","R","M","E","?","$","R","BOSS"],"build_version":"2019-01-23","purchased_purges":2,"victory":false,"max_hp_per_floor":[80,80,80,80,80,80,80,80,80,80,80,80,80,80,80,80],"card_choices":[{"not_picked":["Havoc","True Grit"],"picked":"Flex","floor":1},{"not_picked":["Shrug It Off","Bloodletting"],"picked":"Perfected Strike","floor":3},{"not_picked":["Thunderclap","Hemokinesis"],"picked":"Dropkick","floor":5},{"not_picked":["Clothesline","Infernal Blade"],"picked":"Pommel Strike","floor":7},{"not_picked":["Armaments","Iron Wave"],"picked":"Flex","floor":11},{"not_picked":["Wild Strike","Flame Barrier","Perfected Strike"],"picked":"SKIP","floor":12}],"player_experience":119869,"relics_obtained":[{"floor":9,"key":"Pantograph"},{"floor":12,"key":"Thread and Needle"}],"event_choices":[{"damage_healed":0,"gold_gain":0,"player_choice":"Damaged","damage_taken":8,"max_hp_gain":0,"max_hp_loss":0,"event_name":"Wheel of Change","floor":2,"gold_loss":0},{"damage_healed":0,"gold_gain":75,"player_choice":"Gather Gold","damage_taken":11,"max_hp_gain":0,"max_hp_loss":0,"event_name":"World of Goop","floor":13,"gold_loss":0}],"is_beta":false,"boss_relics":[],"items_purged_floors":[4,14],"is_endless":false,"potions_floor_spawned":[3,12],"killed_by":"Slime Boss","ascension_level":3}