{"gold_per_floor":[115,18,30,49,61,61,77,77,153,184,184,59,59,71,71,171,171,187,200,48,60,13,38,38,68,68,68,85,85,96,109,109,207,207,222,322,337,8,26,26,26],"floor_reached":41,"playtime":1996,"items_purged":["Strike_B","Pain","Rainbow"],"score":569,"play_id":"1f40b5b5-52c9-4226-8abd-4004bd82205d","local_time":"20190402225523","is_ascension_mode":true,"campfire_choices":[{"data":"Loop","floor":6.0,"key":"SMITH"},{"data":"Electrodynamics","floor":8.0,"key":"SMITH"},{"data":"BootSequence","floor":13.0,"key":"SMITH"},{"data":"Coolheaded","floor":15.0,"key":"SMITH"},{"data":"Zap","floor":27.0,"key":"SMITH"},{"data":"Dualcast","floor":29.0,"key":"SMITH"},{"floor":32.0,"key":"REST"},{"data":"Meteor Strike","floor":40,"key":"SMITH"}],"neow_cost":"NONE","seed_source_timestamp":0,"circlet_count":0,"master_deck":["Zap+1","Dualcast+1","Loop+1","BootSequence+1","Cold Snap","Chill","Sweeping Beam","Electrodynamics+1","Coolheaded+1","Cold Snap","Meteor Strike+1","Redo+1","Ball Lightning+1","Conserve Battery","Consume+1","Echo Form","Barrage+1","Leap+1","Leap+1"],"special_seed":0,"relics":["Cracked Core","Kunai","Emotion Chip","WarpedTongs","Cursed Key","Omamori","Blood Vial","Singing Bowl","Pear","Pandora\u0027s Box","Pocketwatch","ClockworkSouvenir"],"potions_floor_usage":[39],"damage_taken":[{"damage":0.0,"enemies":"Cultist","floor":1.0,"turns":4.0},{"damage":0.0,"enemies":"Small Slimes","floor":3.0,"turns":3.0},{"damage":0.0,"enemies":"Jaw Worm","floor":4.0,"turns":3.0},{"damage":2.0,"enemies":"Exordium Wildlife","floor":5.0,"turns":4.0},{"damage":2.0,"enemies":"Looter","floor":7.0,"turns":3.0},{"damage":14.0,"enemies":"3 Sentries","floor":10.0,"turns":5.0},{"damage":0.0,"enemies":"Exordium Thugs","floor":14.0,"turns":3.0},{"damage":6.0,"enemies":"The Guardian","floor":16.0,"turns":11.0},{"damage":0.0,"enemies":"3 Byrds","floor":18.0,"turns":2.0},{"damage":0.0,"enemies":"Chosen","floor":19.0,"turns":4.0},{"damage":0.0,"enemies":"Centurion and Healer","floor":21.0,"turns":3.0},{"damage":5.0,"enemies":"Slavers","floor":23.0,"turns":3.0},{"damage":43.0,"enemies":"Gremlin Leader","floor":25.0,"turns":6.0},{"damage":9.0,"enemies":"Snake Plant","floor":28.0,"turns":5.0},{"damage":18.0,"enemies":"Chosen and Byrds","floor":30.0,"turns":5.0},{"damage":0.0,"enemies":"Cultist and Chosen","floor":31.0,"turns":5.0},{"damage":24.0,"enemies":"Champ","floor":33.0,"turns":12.0},{"damage":0.0,"enemies":"3 Darklings","floor":35.0,"turns":3.0},{"damage":32.0,"enemies":"Mind Bloom Boss Battle","floor":36.0,"turns":8.0},{"damage":7.0,"enemies":"3 Shapes","floor":37.0,"turns":4.0},{"damage":17,"enemies":"Transient","floor":39,"turns":5},{"damage":52,"enemies":"Writhing Mass","floor":41,"turns":2}],"seed_played":"4540672048787091257","potions_obtained":[{"floor":1.0,"key":"Weak Potion"},{"floor":3.0,"key":"LiquidBronze"},{"floor":7.0,"key":"Block Potion"},{"floor":14.0,"key":"Block Potion"},{"floor":18.0,"key":"Energy Potion"},{"floor":19.0,"key":"AttackPotion"},{"floor":23.0,"key":"Ancient Potion"},{"floor":33.0,"key":"Fire Potion"},{"floor":39,"key":"Block Potion"}],"is_trial":false,"path_per_floor":["M","$","M","M","M","R","M","R","T","E","?","$","R","M","R","B",null,"M","M","$","M","$","E","$","E","T","R","M","R","M","M","R","B",null,"M","?","M","$","M","R","M"],"character_chosen":"DEFECT","items_purchased":["Cold Snap","Cold Snap","Omamori","Conserve Battery","ClockworkSouvenir"],"campfire_rested":1,"item_purchase_floors":[2,12,20,22,38],"current_hp_per_floor":[75,75,75,75,73,73,71,71,71,57,57,57,57,57,57,51,69,69,69,69,69,69,64,64,23,33,33,26,26,12,14,40,18,70,74,46,43,43,28,28,0],"gold":26,"neow_bonus":"THREE_CARDS","is_prod":false,"is_daily":false,"chose_seed":false,"campfire_upgraded":7,"win_rate":0,"timestamp":1554270923,"path_taken":["M","$","?","?","M","R","M","R","T","E","?","?","R","M","R","BOSS","M","M","$","M","$","E","$","E","T","R","M","R","M","M","R","BOSS","M","?","M","$","M","R","M"],"build_version":"2019-01-23","purchased_purges":3,"victory":false,"max_hp_per_floor":[75,75,75,75,75,75,75,75,75,75,75,75,75,75,75,75,75,75,75,75,75,75,75,75,75,85,85,85,85,87,87,87,87,87,89,91,93,93,93,93,93],"card_choices":[{"not_picked":["Compile Driver","Hologram"],"picked":"Loop","floor":0.0},{"not_picked":["Undo","Coolheaded"],"picked":"BootSequence","floor":1.0},{"not_picked":["Leap","Steam Power"],"picked":"Chill","floor":3.0},{"not_picked":["Sunder","Steam","Streamline"],"picked":"SKIP","floor":4.0},{"not_picked":["Barrage","Steam Power"],"picked":"Sweeping Beam","floor":5.0},{"not_picked":["Coolheaded","Go for the Eyes"],"picked":"Electrodynamics","floor":7.0},{"not_picked":["Hologram","Rebound"],"picked":"Coolheaded","floor":10.0},{"not_picked":["Coolheaded","Redo","Steam"],"picked":"SKIP","floor":14.0},{"not_picked":["All For One","Reboot"],"picked":"Meteor Strike","floor":16.0},{"not_picked":["Hologram","Compile Driver+1"],"picked":"Redo+1","floor":18.0},{"not_picked":["Double Energy","Beam Cell"],"picked":"Ball Lightning+1","floor":19.0},{"not_picked":["Coolheaded","Compile Driver","Rebound"],"picked":"SKIP","floor":21.0},{"not_picked":["Go for the Eyes+1","Sweeping Beam"],"picked":"Consume+1","floor":23.0},{"not_picked":["Glacier","Consume"],"picked":"Echo Form","floor":25.0},{"not_picked":["Stack","Beam Cell"],"picked":"Barrage+1","floor":28.0},{"not_picked":["Steam","Doom and Gloom","Conserve Battery"],"picked":"Singing Bowl","floor":30.0},{"not_picked":["Force Field","Darkness"],"picked":"Leap+1","floor":31.0},{"not_picked":["Buffer","Reboot"],"picked":"Rainbow","floor":33.0},{"not_picked":["Cold Snap","Recycle+1","Compile Driver+1"],"picked":"Singing Bowl","floor":35.0},{"not_picked":["Chaos+1","Reprogram+1","Lockon"],"picked":"Singing Bowl","floor":36.0},{"not_picked":["Ball Lightning","Hologram","Skim"],"picked":"Singing Bowl","floor":37.0},{"not_picked":["Gash","Compile Driver+1"],"picked":"Leap+1","floor":39}],"player_experience":290869,"relics_obtained":[{"floor":9.0,"key":"Kunai"},{"floor":10.0,"key":"Emotion Chip"},{"floor":23.0,"key":"Blood Vial"},{"floor":25.0,"key":"Singing Bowl"},{"floor":26.0,"key":"Pear"},{"floor":36.0,"key":"Pocketwatch"}],"event_choices":[{"damage_healed":0.0,"max_hp_gain":0.0,"max_hp_loss":0.0,"gold_gain":0.0,"event_name":"Accursed Blacksmith","player_choice":"Rummage","floor":11.0,"gold_loss":0.0,"damage_taken":0.0,"relics_obtained":["WarpedTongs"],"cards_obtained":["Pain"]},{"damage_healed":0.0,"max_hp_gain":0.0,"max_hp_loss":0.0,"gold_gain":0.0,"event_name":"MindBloom","player_choice":"Fight","floor":36.0,"gold_loss":0.0,"damage_taken":0.0}],"is_beta":false,"boss_relics":[{"not_picked":["Calling Bell","Nuclear Battery"],"picked":"Cursed Key"},{"not_picked":["Sozu","Velvet Choker"],"picked":"Pandora\u0027s Box"}],"items_purged_floors":[2,12,38],"is_endless":false,"potions_floor_spawned":[1,3,7,14,18,19,23,33,36,39],"killed_by":"Writhing Mass","ascension_level":5}