{"gold_per_floor":[113,113,126,144,69,69,85,113,113,146,3,3,3,20,20,124,124,134,21,38,38,52,52,78,95,95,95,95,95,106,134,134,237,287,299,38,53,69,69,69,84,98,98,98,109,125,125,136,136,136],"floor_reached":50,"playtime":2767,"items_purged":[],"score":670,"play_id":"d4ba335c-85c4-40fc-b0c2-3bf12e9ce16a","local_time":"20190606135946","is_ascension_mode":true,"campfire_choices":[{"floor":6,"key":"REST"},{"floor":13,"key":"REST"},{"data":"Noxious Fumes","floor":15,"key":"SMITH"},{"data":"After Image","floor":23,"key":"SMITH"},{"floor":27,"key":"REST"},{"floor":29,"key":"REST"},{"floor":32,"key":"REST"},{"floor":40,"key":"REST"},{"floor":47,"key":"REST"},{"floor":49,"key":"REST"}],"neow_cost":"NONE","seed_source_timestamp":135522740341303,"circlet_count":0,"master_deck":["Defend_G+1","Defend_G+1","Defend_G+1","Defend_G+1","Defend_G+1","Strike_G+1","Strike_G+1","Survivor","Neutralize","Die Die Die+1","Adrenaline+1","A Thousand Cuts+1","Cloak And Dagger","Noxious Fumes+1","PiercingWail","Footwork","After Image+1","Dash","Blade Dance+1","Dagger Spray","Backflip","Bullet Time","Cloak And Dagger","Finesse","Dagger Spray+1","PiercingWail+1","Bouncing Flask","A Thousand Cuts+1","Bouncing Flask+1","Blade Dance+1","Noxious Fumes+1","Noxious Fumes+1","Master of Strategy+1"],"relics":["Astrolabe","Centennial Puzzle","Gremlin Horn","FossilizedHelix","Ancient Tea Set","Orrery","Ornamental Fan","Toxic Egg 2","Calipers","Tiny House","Singing Bowl","Bottled Flame"],"potions_floor_usage":[8,16,22,25,31,31,37,41,45,46,48],"damage_taken":[{"damage":9,"enemies":"2 Louse","floor":1,"turns":2},{"damage":0,"enemies":"Cultist","floor":3,"turns":3},{"damage":0,"enemies":"Small Slimes","floor":4,"turns":2},{"damage":7,"enemies":"Looter","floor":7,"turns":3},{"damage":4,"enemies":"3 Sentries","floor":8,"turns":4},{"damage":11,"enemies":"Lagavulin","floor":10,"turns":6},{"damage":0,"enemies":"Large Slime","floor":14,"turns":4},{"damage":19,"enemies":"Hexaghost","floor":16,"turns":9},{"damage":1,"enemies":"Shell Parasite","floor":18,"turns":6},{"damage":3,"enemies":"Chosen","floor":20,"turns":5},{"damage":0,"enemies":"Shelled Parasite and Fungi","floor":22,"turns":6},{"damage":12,"enemies":"Book of Stabbing","floor":24,"turns":7},{"damage":11,"enemies":"Snake Plant","floor":25,"turns":5},{"damage":0,"enemies":"Centurion and Healer","floor":30,"turns":7},{"damage":27,"enemies":"Gremlin Leader","floor":31,"turns":5},{"damage":24,"enemies":"Champ","floor":33,"turns":15},{"damage":0,"enemies":"3 Shapes","floor":35,"turns":3},{"damage":18,"enemies":"Orb Walker","floor":37,"turns":4},{"damage":36,"enemies":"4 Shapes","floor":38,"turns":2},{"damage":0,"enemies":"Jaw Worm Horde","floor":41,"turns":4},{"damage":17,"enemies":"Transient","floor":42,"turns":5},{"damage":21,"enemies":"Spire Growth","floor":45,"turns":6},{"damage":2,"enemies":"Sphere and 2 Shapes","floor":46,"turns":6},{"damage":0,"enemies":"Writhing Mass","floor":48,"turns":7},{"damage":69,"enemies":"Donu and Deca","floor":50,"turns":6}],"seed_played":"6345554182208808113","potions_obtained":[{"floor":1,"key":"EssenceOfSteel"},{"floor":3,"key":"GamblersBrew"},{"floor":4,"key":"GhostInAJar"},{"floor":22,"key":"Weak Potion"},{"floor":25,"key":"Dexterity Potion"},{"floor":30,"key":"Poison Potion"},{"floor":31,"key":"SpeedPotion"},{"floor":34,"key":"SkillPotion"},{"floor":38,"key":"PowerPotion"},{"floor":42,"key":"Energy Potion"},{"floor":45,"key":"Fire Potion"},{"floor":46,"key":"SpeedPotion"}],"is_trial":false,"path_per_floor":["M","?","M","M","$","R","M","E","T","E","$","?","R","M","R","B",null,"M","$","M","?","M","R","E","M","T","R","?","R","M","E","R","B",null,"M","$","M","M","?","R","M","M","T","?","M","M","R","M","R","B"],"character_chosen":"THE_SILENT","items_purchased":["Footwork","Ancient Tea Set","Cloak And Dagger","Finesse","Singing Bowl"],"campfire_rested":8,"item_purchase_floors":[5,11,19,19,36],"current_hp_per_floor":[54,54,54,54,54,70,63,59,59,48,48,48,69,69,69,50,65,64,64,61,61,61,61,49,38,38,59,59,70,70,43,64,40,68,68,68,52,16,16,39,39,24,24,24,5,5,29,31,56,0],"gold":136,"neow_bonus":"BOSS_RELIC","is_prod":false,"is_daily":false,"chose_seed":false,"campfire_upgraded":2,"win_rate":0,"timestamp":1559843986,"path_taken":["M","?","?","M","$","R","M","E","T","E","?","?","R","M","R","BOSS","M","$","M","?","M","R","E","M","T","R","?","R","M","E","R","BOSS","M","$","M","?","?","R","M","M","T","?","M","M","R","M","R","BOSS"],"build_version":"2019-01-23","purchased_purges":0,"victory":false,"max_hp_per_floor":[70,70,70,70,70,70,70,70,70,70,70,70,70,70,70,70,70,70,70,70,70,70,70,70,70,70,70,70,70,70,70,70,70,75,75,75,77,77,77,77,77,79,79,79,81,83,83,85,85,85],"card_choices":[{"not_picked":["Tactician","Heel Hook","Slice"],"picked":"SKIP","floor":1},{"not_picked":["Acrobatics","Flying Knee"],"picked":"Bane","floor":3},{"not_picked":["Acrobatics","Footwork"],"picked":"PiercingWail","floor":4},{"not_picked":["Choke","Reflex","Terror"],"picked":"SKIP","floor":7},{"not_picked":["Dodge and Roll","Eviscerate","Masterful Stab"],"picked":"SKIP","floor":8},{"not_picked":["Dodge and Roll","Prepared","Doppelganger"],"picked":"SKIP","floor":10},{"not_picked":["All Out Attack","Slice","Dodge and Roll"],"picked":"SKIP","floor":14},{"not_picked":["Grand Finale","Malaise"],"picked":"After Image","floor":16},{"not_picked":["Outmaneuver","Predator"],"picked":"Dash","floor":17},{"not_picked":["Poisoned Stab","Slice"],"picked":"Blade Dance","floor":17},{"not_picked":["Unload","Deadly Poison"],"picked":"Dagger Spray","floor":17},{"not_picked":["Slice","Catalyst"],"picked":"Backflip","floor":17},{"not_picked":["PiercingWail","Distraction"],"picked":"Bullet Time","floor":17},{"not_picked":["Blur","Bane","Prepared"],"picked":"SKIP","floor":18},{"not_picked":["Backflip","Prepared+1"],"picked":"Dagger Spray+1","floor":20},{"not_picked":["Skewer+1","Dodge and Roll","Flying Knee"],"picked":"SKIP","floor":22},{"not_picked":["Tactician","Dash"],"picked":"PiercingWail+1","floor":24},{"not_picked":["Terror","Acrobatics"],"picked":"Bouncing Flask","floor":25},{"not_picked":["Slice","Underhanded Strike+1","Terror+1"],"picked":"SKIP","floor":30},{"not_picked":["Bouncing Flask+1","Backstab","Setup+1"],"picked":"SKIP","floor":31},{"not_picked":["Burst+1","Phantasmal Killer+1"],"picked":"A Thousand Cuts","floor":33},{"not_picked":["Dagger Throw","Dagger Spray"],"picked":"Bouncing Flask+1","floor":34},{"not_picked":["Flying Knee+1","Flechettes"],"picked":"Blade Dance+1","floor":35},{"not_picked":["Riddle With Holes","Dagger Spray+1","Dodge and Roll+1"],"picked":"Singing Bowl","floor":37},{"not_picked":["Skewer","Slice+1"],"picked":"Noxious Fumes+1","floor":38},{"not_picked":["Slice+1","Backstab+1"],"picked":"Noxious Fumes+1","floor":41},{"not_picked":["Quick Slash","Doppelganger+1","Deadly Poison+1"],"picked":"Singing Bowl","floor":42},{"not_picked":["Forethought+1","Discovery+1"],"picked":"Master of Strategy+1","floor":44},{"not_picked":["Blade Dance+1","Dagger Throw","Backstab"],"picked":"Singing Bowl","floor":45},{"not_picked":["Cloak And Dagger+1","Quick Slash+1","Blade Dance+1"],"picked":"Singing Bowl","floor":46},{"not_picked":["Dagger Spray+1","Deadly Poison+1","Reflex+1"],"picked":"Singing Bowl","floor":48}],"player_experience":392064,"relics_obtained":[{"floor":8,"key":"Centennial Puzzle"},{"floor":9,"key":"Gremlin Horn"},{"floor":10,"key":"FossilizedHelix"},{"floor":24,"key":"Ornamental Fan"},{"floor":26,"key":"Toxic Egg 2"},{"floor":31,"key":"Calipers"},{"floor":43,"key":"Bottled Flame"}],"event_choices":[{"damage_healed":0,"gold_gain":0,"player_choice":"2 cards matched","damage_taken":0,"max_hp_gain":0,"max_hp_loss":0,"event_name":"Match and Keep!","floor":2,"gold_loss":0,"cards_obtained":["Cloak And Dagger","Noxious Fumes"]},{"damage_healed":0,"gold_gain":0,"player_choice":"Ignored","damage_taken":0,"max_hp_gain":0,"max_hp_loss":0,"event_name":"Liars Game","floor":12,"gold_loss":0},{"damage_healed":0,"gold_gain":0,"player_choice":"Simplicity","damage_taken":0,"max_hp_gain":0,"max_hp_loss":0,"event_name":"Back to Basics","floor":21,"gold_loss":0,"cards_upgraded":["Defend_G","Defend_G","Defend_G","Defend_G","Defend_G","Strike_G","Strike_G"]},{"damage_healed":0,"gold_gain":0,"player_choice":"Upgraded","damage_taken":0,"max_hp_gain":0,"max_hp_loss":0,"event_name":"Upgrade Shrine","floor":28,"gold_loss":0,"cards_upgraded":["Blade Dance"]},{"cards_removed":["Bane"],"damage_healed":0,"gold_gain":0,"player_choice":"Removed Attack","damage_taken":0,"max_hp_gain":0,"max_hp_loss":0,"event_name":"Falling","floor":39,"gold_loss":0},{"damage_healed":0,"gold_gain":0,"player_choice":"Memory 1","damage_taken":0,"max_hp_gain":0,"max_hp_loss":0,"event_name":"SensoryStone","floor":44,"gold_loss":0}],"is_beta":false,"boss_relics":[{"not_picked":["Snecko Eye","Empty Cage"],"picked":"Orrery"},{"not_picked":["HoveringKite","Coffee Dripper"],"picked":"Tiny House"}],"items_purged_floors":[],"is_endless":false,"potions_floor_spawned":[1,3,4,22,25,30,31,38,42,45,46],"killed_by":"Donu and Deca","ascension_level":6}