{"gold_per_floor":[112,124,144,144,130,130,162,9,32,43,57,75,0,20,20,122,122,138,138,156,156],"floor_reached":21,"playtime":1665,"items_purged":["Strike_G"],"score":231,"play_id":"7dd25a6c-7ca1-4ac4-91d6-5477c5e5d752","local_time":"20180929002256","is_ascension_mode":true,"campfire_choices":[{"data":"Footwork","floor":6.0,"key":"SMITH"},{"floor":15.0,"key":"REST"}],"neow_cost":"","seed_source_timestamp":1229863558821223,"circlet_count":0,"master_deck":["Defend_G+1","Defend_G","Defend_G","Defend_G","Defend_G+1","Strike_G","Strike_G","Strike_G","Strike_G","Survivor","Neutralize+1","Catalyst","Caltrops","Footwork+1","Outmaneuver","Quick Slash+1","Poisoned Stab","Well Laid Plans","Dash","Noxious Fumes","A Thousand Cuts","Blur"],"special_seed":0,"relics":["Ring of the Snake","Vajra","Anchor","Whetstone","Cursed Key","War Paint"],"potions_floor_usage":[20],"damage_taken":[{"damage":2.0,"enemies":"Cultist","floor":1.0,"turns":5.0},{"damage":2.0,"enemies":"Jaw Worm","floor":2.0,"turns":5.0},{"damage":2.0,"enemies":"Small Slimes","floor":3.0,"turns":6.0},{"damage":18.0,"enemies":"Exordium Thugs","floor":5.0,"turns":7.0},{"damage":26.0,"enemies":"Gremlin Nob","floor":7.0,"turns":5.0},{"damage":3.0,"enemies":"Gremlin Gang","floor":10.0,"turns":8.0},{"damage":4.0,"enemies":"Large Slime","floor":11.0,"turns":6.0},{"damage":0.0,"enemies":"Red Slaver","floor":12.0,"turns":4.0},{"damage":0.0,"enemies":"3 Louse","floor":14.0,"turns":4.0},{"damage":26.0,"enemies":"The Guardian","floor":16.0,"turns":10.0},{"damage":23,"enemies":"Chosen","floor":18,"turns":6},{"damage":19,"enemies":"Spheric Guardian","floor":20,"turns":5},{"damage":21,"enemies":"Snake Plant","floor":21,"turns":5}],"seed_played":"5667246624746875651","potions_obtained":[{"floor":3.0,"key":"FearPotion"},{"floor":5.0,"key":"Fire Potion"},{"floor":7.0,"key":"FearPotion"},{"floor":18,"key":"Fire Potion"},{"floor":20,"key":"Dexterity Potion"}],"is_trial":false,"path_per_floor":["M","M","M","?","M","R","E","$","T","M","M","M","$","M","R","B",null,"M","?","M"],"character_chosen":"THE_SILENT","items_purchased":["Anchor"],"campfire_rested":1,"item_purchase_floors":[8],"current_hp_per_floor":[68,66,64,69,51,51,25,25,25,22,18,18,18,18,40,14,60,37,37,18,0],"gold":156,"neow_bonus":"","is_prod":false,"is_daily":false,"chose_seed":false,"campfire_upgraded":1,"win_rate":0,"timestamp":1538176976,"path_taken":["M","?","M","?","M","R","E","$","T","M","M","M","$","?","R","BOSS","M","?","?","M"],"build_version":"2018-09-27","purchased_purges":1,"victory":false,"max_hp_per_floor":[70,70,70,75,75,75,75,75,75,75,75,75,75,75,75,75,75,75,75,75,75],"card_choices":[{"not_picked":["Outmaneuver","Sucker Punch"],"picked":"Catalyst","floor":1.0},{"not_picked":["Infinite Blades","Heel Hook"],"picked":"Caltrops","floor":2.0},{"not_picked":["Endless Agony","Terror"],"picked":"Footwork","floor":3.0},{"not_picked":["Finisher","Concentrate"],"picked":"Outmaneuver","floor":5.0},{"not_picked":["Reflex","Dagger Throw"],"picked":"Quick Slash","floor":7.0},{"not_picked":["Deadly Poison","Finisher"],"picked":"Poisoned Stab","floor":10.0},{"not_picked":["Unload","Reflex"],"picked":"Well Laid Plans","floor":11.0},{"not_picked":["Slice","Deadly Poison"],"picked":"Dash","floor":12.0},{"not_picked":["Acrobatics","Blade Dance"],"picked":"Noxious Fumes","floor":14.0},{"not_picked":["Bullet Time","Phantasmal Killer"],"picked":"A Thousand Cuts","floor":16.0},{"not_picked":["Quick Slash","Expertise","PiercingWail+1"],"picked":"SKIP","floor":18},{"not_picked":["Finisher","Deadly Poison+1"],"picked":"Blur","floor":20}],"player_experience":669681,"relics_obtained":[{"floor":7.0,"key":"Vajra"},{"floor":9.0,"key":"Whetstone"}],"event_choices":[{"event_name":"Big Fish","player_choice":"Donut","floor":4.0,"damage_taken":0.0},{"event_name":"WeMeetAgain","player_choice":"Potion","floor":19,"damage_taken":0}],"is_beta":false,"boss_relics":[{"not_picked":["Black Star","Eternal Feather"],"picked":"Cursed Key"}],"items_purged_floors":[13],"is_endless":false,"potions_floor_spawned":[3,5,7,18,20],"killed_by":"Snake Plant","ascension_level":5}