{"gold_per_floor":[119,119,191,45,61,61,71,88,88,88,122,122,135,155,155,254,254,271,271,271,271,284,284,284],"floor_reached":24,"playtime":3444,"items_purged":[],"score":274,"play_id":"b71de0d3-3353-490b-af01-1481621f498f","local_time":"20181020200301","is_ascension_mode":true,"campfire_choices":[{"data":"Catalyst","floor":6,"key":"SMITH"},{"data":"Neutralize","floor":10,"key":"SMITH"},{"floor":12,"key":"REST"},{"data":"Noxious Fumes","floor":15,"key":"SMITH"},{"floor":23,"key":"REST"}],"neow_cost":"NONE","seed_source_timestamp":89887307378334,"circlet_count":0,"master_deck":["Defend_G","Defend_G","Defend_G","Defend_G","Defend_G","Strike_G","Strike_G","Survivor","Neutralize+1","Dash","Noxious Fumes+1","Catalyst+1","Calculated Gamble","Dagger Spray","Flying Knee","Catalyst","Backflip","Dodge and Roll","A Thousand Cuts","Footwork+1","Underhanded Strike+1","PiercingWail+1","Blade Dance+1","Noxious Fumes+1","Swift Strike","Caltrops"],"relics":["Ring of the Snake","Meat on the Bone","Orichalcum","Blood Vial","Astrolabe","MutagenicStrength"],"potions_floor_usage":[5,13,16],"damage_taken":[{"damage":1,"enemies":"2 Louse","floor":1,"turns":4},{"damage":0,"enemies":"Cultist","floor":5,"turns":5},{"damage":1,"enemies":"Jaw Worm","floor":7,"turns":5},{"damage":4,"enemies":"Looter","floor":8,"turns":5},{"damage":22,"enemies":"Lagavulin","floor":11,"turns":9},{"damage":20,"enemies":"Exordium Wildlife","floor":13,"turns":5},{"damage":2,"enemies":"3 Louse","floor":14,"turns":3},{"damage":18,"enemies":"The Guardian","floor":16,"turns":13},{"damage":13,"enemies":"3 Byrds","floor":18,"turns":6},{"damage":31,"enemies":"2 Thieves","floor":22,"turns":4},{"damage":60,"enemies":"Gremlin Leader","floor":24,"turns":5}],"seed_played":"-8480316259157666909","potions_obtained":[{"floor":1,"key":"Fruit Juice"},{"floor":11,"key":"SkillPotion"},{"floor":14,"key":"Block Potion"},{"floor":16,"key":"GamblersBrew"},{"floor":22,"key":"GamblersBrew"}],"is_trial":false,"path_per_floor":["M","?","T","$","M","R","M","M","T","R","E","R","M","M","R","B",null,"M","?","?","?","M","R"],"character_chosen":"THE_SILENT","items_purchased":["Noxious Fumes","Catalyst"],"campfire_rested":2,"item_purchase_floors":[4,4],"current_hp_per_floor":[69,69,69,69,74,74,73,69,69,69,47,71,53,53,53,49,74,63,63,63,47,30,54,0],"gold":284,"neow_bonus":"TEN_PERCENT_HP_BONUS","is_prod":false,"is_daily":false,"chose_seed":false,"campfire_upgraded":3,"win_rate":0,"timestamp":1540062181,"path_taken":["M","?","?","$","M","R","M","M","T","R","E","R","M","M","R","BOSS","M","?","?","?","M","R","E"],"build_version":"2018-10-18","purchased_purges":0,"victory":false,"max_hp_per_floor":[77,77,77,77,82,82,82,82,82,82,82,82,82,82,82,82,82,82,82,82,82,82,82,82],"card_choices":[{"not_picked":["Riddle With Holes","Cloak And Dagger"],"picked":"Dash","floor":1},{"not_picked":["Underhanded Strike","Deadly Poison"],"picked":"Calculated Gamble","floor":5},{"not_picked":["Finisher","Poisoned Stab"],"picked":"Dagger Spray","floor":7},{"not_picked":["Distraction","Skewer"],"picked":"Flying Knee","floor":8},{"not_picked":["Dagger Throw","Sucker Punch"],"picked":"Catalyst","floor":11},{"not_picked":["Crippling Poison","Calculated Gamble"],"picked":"Backflip","floor":13},{"not_picked":["Dagger Throw","Underhanded Strike"],"picked":"Dodge and Roll","floor":14},{"not_picked":["Malaise","Die Die Die"],"picked":"A Thousand Cuts","floor":16},{"not_picked":["Deadly Poison","Flying Knee"],"picked":"Blade Dance+1","floor":18},{"not_picked":["Deflect","Bane"],"picked":"Caltrops","floor":22}],"player_experience":724396,"relics_obtained":[{"floor":3,"key":"Meat on the Bone"},{"floor":9,"key":"Orichalcum"},{"floor":11,"key":"Blood Vial"}],"event_choices":[{"damage_healed":0,"gold_gain":0,"player_choice":"Ignored","damage_taken":0,"max_hp_gain":0,"max_hp_loss":0,"event_name":"Shining Light","floor":2,"gold_loss":0},{"damage_healed":0,"gold_gain":0,"player_choice":"Inject Mutagens","damage_taken":0,"relics_obtained":["MutagenicStrength"],"max_hp_gain":0,"max_hp_loss":0,"event_name":"Drug Dealer","floor":19,"gold_loss":0},{"damage_healed":0,"gold_gain":0,"player_choice":"Copied","damage_taken":0,"max_hp_gain":0,"max_hp_loss":0,"event_name":"Duplicator","floor":20,"gold_loss":0,"cards_obtained":["Noxious Fumes"]},{"damage_healed":0,"gold_gain":0,"player_choice":"CARD ","damage_taken":16,"max_hp_gain":0,"max_hp_loss":0,"event_name":"Knowing Skull","floor":21,"potions_obtained":[],"gold_loss":0,"cards_obtained":["Swift Strike"]}],"is_beta":false,"boss_relics":[{"not_picked":["Ectoplasm","Calling Bell"],"picked":"Astrolabe"}],"items_purged_floors":[],"is_endless":false,"potions_floor_spawned":[1,11,14,16,22],"killed_by":"Gremlin Leader","ascension_level":8}