{"gold_per_floor":[116,135,152,152,152,152,163,163,237,337,262,272,272,287,287,384,384,400,400,400,385,385,411,411,105,176,51,70,86,117,134,134,237,287,305,305,305,318,130,157,157,169,250,267,267,284,284,284],"floor_reached":48,"playtime":5402,"items_purged":["Strike_G","Strike_G","Doubt","Strike_G"],"score":651,"play_id":"5c084c53-2540-407a-b5b6-57320bace317","local_time":"20190215122022","is_ascension_mode":true,"campfire_choices":[{"data":"Poisoned Stab","floor":6,"key":"SMITH"},{"data":"Neutralize","floor":8,"key":"SMITH"},{"data":"Blur","floor":13,"key":"SMITH"},{"data":"Blur","floor":15,"key":"SMITH"},{"floor":24,"key":"REST"},{"floor":32,"key":"REST"},{"floor":41,"key":"REST"},{"floor":45,"key":"REST"}],"neow_cost":"NONE","seed_source_timestamp":154679130844000,"circlet_count":0,"master_deck":["Defend_G","Defend_G","Defend_G","Defend_G","Defend_G","Survivor","Neutralize+1","Poisoned Stab+1","Deadly Poison","Blur+1","Blur+1","Bullet Time","Noxious Fumes","Escape Plan","Adrenaline","Bouncing Flask+1","Envenom","Bane","Crippling Poison+1","Deadly Poison+1","A Thousand Cuts","Decay","Poisoned Stab+1","Catalyst","Deadly Poison+1","Clumsy"],"relics":["Ring of the Snake","NeowsBlessing","Ice Cream","Bottled Lightning","Cursed Key","Red Mask","Mummified Hand","Nunchaku","Tiny House","Sundial","Girya","Gremlin Horn"],"potions_floor_usage":[16,16,29,33,38,40,44,44],"damage_taken":[{"damage":0,"enemies":"Cultist","floor":1,"turns":1},{"damage":0,"enemies":"Jaw Worm","floor":2,"turns":1},{"damage":0,"enemies":"Small Slimes","floor":3,"turns":1},{"damage":0,"enemies":"Blue Slaver","floor":7,"turns":3},{"damage":1,"enemies":"Large Slime","floor":12,"turns":6},{"damage":6,"enemies":"Exordium Thugs","floor":14,"turns":5},{"damage":26,"enemies":"Hexaghost","floor":16,"turns":8},{"damage":7,"enemies":"3 Byrds","floor":18,"turns":9},{"damage":0,"enemies":"2 Thieves","floor":21,"turns":4},{"damage":45,"enemies":"Masked Bandits","floor":23,"turns":5},{"damage":0,"enemies":"Snecko","floor":28,"turns":5},{"damage":18,"enemies":"Cultist and Chosen","floor":29,"turns":6},{"damage":0,"enemies":"Gremlin Leader","floor":30,"turns":7},{"damage":0,"enemies":"Snake Plant","floor":31,"turns":4},{"damage":0,"enemies":"Champ","floor":33,"turns":11},{"damage":16,"enemies":"3 Shapes","floor":35,"turns":3},{"damage":16,"enemies":"3 Darklings","floor":38,"turns":4},{"damage":24,"enemies":"Nemesis","floor":40,"turns":7},{"damage":31,"enemies":"Jaw Worm Horde","floor":42,"turns":4},{"damage":35,"enemies":"Writhing Mass","floor":44,"turns":4},{"damage":15,"enemies":"Sphere and 2 Shapes","floor":46,"turns":3},{"damage":25,"enemies":"4 Shapes","floor":48,"turns":3}],"seed_played":"8386887321803725053","potions_obtained":[{"floor":2,"key":"FairyPotion"},{"floor":3,"key":"Poison Potion"},{"floor":7,"key":"GamblersBrew"},{"floor":14,"key":"AttackPotion"},{"floor":18,"key":"GamblersBrew"},{"floor":23,"key":"SteroidPotion"},{"floor":29,"key":"Dexterity Potion"},{"floor":34,"key":"Regen Potion"},{"floor":37,"key":"EntropicBrew"},{"floor":38,"key":"Block Potion"},{"floor":46,"key":"EssenceOfSteel"}],"is_trial":false,"path_per_floor":["M","M","M","?","T","R","M","R","T","?","$","M","R","M","R","B",null,"M","?","?","M","?","?","R","$","T","$","M","M","E","M","R","B",null,"M","T","?","M","$","E","R","M","T","M","R","M","?","M"],"character_chosen":"THE_SILENT","items_purchased":["Envenom","Bane","Catalyst"],"campfire_rested":4,"item_purchase_floors":[25,25,39],"current_hp_per_floor":[70,70,70,75,75,75,75,75,75,75,75,74,74,68,68,42,75,68,68,68,68,54,9,33,33,33,33,33,15,15,15,39,39,85,69,69,69,67,67,43,68,37,37,2,27,12,12,0],"gold":284,"neow_bonus":"THREE_ENEMY_KILL","is_prod":false,"is_daily":false,"chose_seed":false,"campfire_upgraded":4,"win_rate":0,"timestamp":1550262022,"path_taken":["M","M","?","?","?","R","M","R","T","?","$","?","R","M","R","BOSS","M","?","?","?","?","?","R","?","T","$","M","M","E","M","R","BOSS","M","?","?","M","$","E","R","?","T","M","R","M","?","M"],"build_version":"2019-01-23","purchased_purges":4,"victory":false,"max_hp_per_floor":[70,70,70,75,75,75,75,75,75,75,75,75,75,75,75,75,75,75,75,75,75,80,80,80,80,80,80,80,80,80,80,80,80,85,85,85,85,85,85,85,85,85,85,85,85,85,85,85],"card_choices":[{"not_picked":["Deflect","PiercingWail"],"picked":"Poisoned Stab","floor":1},{"not_picked":["Choke","Outmaneuver"],"picked":"Deadly Poison","floor":2},{"not_picked":["Sucker Punch","Prepared"],"picked":"Blur","floor":3},{"not_picked":["Slice","Calculated Gamble"],"picked":"Blur","floor":7},{"not_picked":["Concentrate","Quick Slash","Outmaneuver"],"picked":"SKIP","floor":12},{"not_picked":["Grand Finale","Dagger Throw","Endless Agony"],"picked":"SKIP","floor":14},{"not_picked":["Night Terror","After Image"],"picked":"Bullet Time","floor":16},{"not_picked":["Eviscerate","Dodge and Roll","Dagger Throw"],"picked":"SKIP","floor":18},{"not_picked":["Cloak And Dagger","Underhanded Strike"],"picked":"Bouncing Flask+1","floor":21},{"not_picked":["Underhanded Strike+1","Backflip","Reflex"],"picked":"SKIP","floor":28},{"not_picked":["Dagger Spray","Dagger Throw"],"picked":"Crippling Poison","floor":29},{"not_picked":["Predator+1","Doppelganger","Flying Knee"],"picked":"SKIP","floor":30},{"not_picked":["Calculated Gamble","Skewer+1"],"picked":"Deadly Poison+1","floor":31},{"not_picked":["Storm of Steel","Unload"],"picked":"A Thousand Cuts","floor":33},{"not_picked":["Cloak And Dagger+1","Slice+1","Dagger Throw+1"],"picked":"SKIP","floor":35},{"not_picked":["Riddle With Holes+1","Bullet Time"],"picked":"Poisoned Stab+1","floor":38},{"not_picked":["Dagger Throw","Backstab"],"picked":"Deadly Poison+1","floor":40},{"not_picked":["Setup","Outmaneuver","Flying Knee+1"],"picked":"SKIP","floor":42},{"not_picked":["Reflex+1","Blade Dance","Concentrate"],"picked":"SKIP","floor":44},{"not_picked":["Bane+1","PiercingWail+1","Heel Hook"],"picked":"SKIP","floor":46}],"player_experience":166954,"relics_obtained":[{"floor":5,"key":"Ice Cream"},{"floor":9,"key":"Bottled Lightning"},{"floor":23,"key":"Red Mask"},{"floor":26,"key":"Mummified Hand"},{"floor":30,"key":"Nunchaku"},{"floor":36,"key":"Sundial"},{"floor":40,"key":"Girya"},{"floor":43,"key":"Gremlin Horn"}],"event_choices":[{"damage_healed":0,"gold_gain":0,"player_choice":"Donut","damage_taken":0,"max_hp_gain":5,"max_hp_loss":0,"event_name":"Big Fish","floor":4,"gold_loss":0},{"damage_healed":0,"gold_gain":100,"player_choice":"Pray","damage_taken":0,"max_hp_gain":0,"max_hp_loss":0,"event_name":"Golden Shrine","floor":10,"gold_loss":0},{"damage_healed":0,"gold_gain":0,"player_choice":"Read","damage_taken":0,"max_hp_gain":0,"max_hp_loss":0,"event_name":"The Library","floor":19,"gold_loss":0,"cards_obtained":["Noxious Fumes"]},{"damage_healed":0,"gold_gain":0,"cards_transformed":["Strike_G","Strike_G"],"player_choice":"Became Test Subject","damage_taken":0,"max_hp_gain":0,"max_hp_loss":0,"event_name":"Drug Dealer","floor":20,"gold_loss":0,"cards_obtained":["Escape Plan","Adrenaline"]},{"damage_healed":0,"gold_gain":0,"player_choice":"Shed Blood","damage_taken":19,"max_hp_gain":5,"max_hp_loss":0,"event_name":"Forgotten Altar","floor":22,"gold_loss":0},{"damage_healed":0,"gold_gain":0,"player_choice":"Fought Bandits","damage_taken":0,"max_hp_gain":0,"max_hp_loss":0,"event_name":"Masked Bandits","floor":23,"gold_loss":0},{"damage_healed":0,"gold_gain":0,"player_choice":"Got Potions","damage_taken":0,"max_hp_gain":0,"max_hp_loss":0,"event_name":"Lab","floor":37,"gold_loss":0},{"damage_healed":0,"gold_gain":0,"player_choice":"Ignored","damage_taken":0,"max_hp_gain":0,"max_hp_loss":0,"event_name":"SecretPortal","floor":47,"gold_loss":0}],"is_beta":false,"boss_relics":[{"not_picked":["Snecko Eye","Orrery"],"picked":"Cursed Key"},{"not_picked":["Calling Bell","Pandora\u0027s Box"],"picked":"Tiny House"}],"items_purged_floors":[11,25,27,39],"is_endless":false,"potions_floor_spawned":[2,3,7,14,18,23,29,31,38,46],"killed_by":"4 Shapes","ascension_level":1}