{"gold_per_floor":[215,232,157,175,51,51,68,68,68,88,115,115,131,6,6,103,103,118,130,130,130],"floor_reached":21,"playtime":1041,"items_purged":["Strike_B","Strike_B","Strike_B"],"score":179,"play_id":"b7e1e8e6-4e9d-4baf-ac85-1c2e4ff427aa","local_time":"20190217182502","is_ascension_mode":false,"campfire_choices":[{"data":"Zap","floor":6.0,"key":"SMITH"},{"data":"Dualcast","floor":8.0,"key":"SMITH"},{"floor":12.0,"key":"REST"},{"floor":15.0,"key":"REST"}],"neow_cost":"NONE","seed_source_timestamp":0,"circlet_count":0,"master_deck":["Strike_B","Defend_B","Defend_B","Defend_B","Defend_B","Zap+1","Dualcast+1","Hologram","Ball Lightning","Gash","Go for the Eyes","Biased Cognition","Steam","Loop","Gash","Multi-Cast","Ball Lightning"],"special_seed":0,"relics":["Cracked Core","Boot","Odd Mushroom","Cables","Busted Crown"],"potions_floor_usage":[],"damage_taken":[{"damage":6.0,"enemies":"Jaw Worm","floor":1.0,"turns":4.0},{"damage":5.0,"enemies":"Cultist","floor":2.0,"turns":4.0},{"damage":0.0,"enemies":"Small Slimes","floor":4.0,"turns":2.0},{"damage":10.0,"enemies":"Gremlin Gang","floor":7.0,"turns":3.0},{"damage":14.0,"enemies":"The Mushroom Lair","floor":10.0,"turns":3.0},{"damage":20.0,"enemies":"Lagavulin","floor":11.0,"turns":4.0},{"damage":5.0,"enemies":"Large Slime","floor":13.0,"turns":4.0},{"damage":36.0,"enemies":"The Guardian","floor":16.0,"turns":9.0},{"damage":8.0,"enemies":"Shell Parasite","floor":18.0,"turns":4.0},{"damage":25.0,"enemies":"Spheric Guardian","floor":19.0,"turns":4.0},{"damage":45,"enemies":"Centurion and Healer","floor":21,"turns":7}],"seed_played":"-6967978006433828138","potions_obtained":[{"floor":4.0,"key":"Poison Potion"},{"floor":11.0,"key":"LiquidBronze"},{"floor":13.0,"key":"SkillPotion"},{"floor":18.0,"key":"Energy Potion"},{"floor":19.0,"key":"Weak Potion"}],"is_trial":false,"path_per_floor":["M","M","$","M","$","R","M","R","T","?","E","R","M","$","R","B",null,"M","M","?","M"],"character_chosen":"DEFECT","items_purchased":["Go for the Eyes"],"campfire_rested":2,"item_purchase_floors":[5],"current_hp_per_floor":[69,64,64,64,64,64,54,54,54,40,20,42,37,37,59,23,75,67,42,42,0],"gold":130,"neow_bonus":"HUNDRED_GOLD","is_prod":false,"is_daily":false,"chose_seed":false,"campfire_upgraded":2,"win_rate":0.0,"timestamp":1550456702,"path_taken":["M","M","$","M","$","R","M","R","T","?","E","R","M","?","R","BOSS","M","M","?","M"],"build_version":"2019-01-23","purchased_purges":3,"victory":false,"max_hp_per_floor":[75,75,75,75,75,75,75,75,75,75,75,75,75,75,75,75,75,75,75,75,75],"card_choices":[{"not_picked":["Stack","Double Energy"],"picked":"Hologram","floor":1.0},{"not_picked":["Barrage","Steam"],"picked":"Ball Lightning","floor":2.0},{"not_picked":["Redo","Chaos"],"picked":"Gash","floor":4.0},{"not_picked":["Undo","Ball Lightning"],"picked":"Biased Cognition","floor":7.0},{"not_picked":["Barrage","Hologram"],"picked":"Steam","floor":10.0},{"not_picked":["Steam","Capacitor"],"picked":"Loop","floor":11.0},{"not_picked":["Storm","Melter"],"picked":"Gash","floor":13.0},{"not_picked":["Biased Cognition","Creative AI"],"picked":"Multi-Cast","floor":16.0},{"not_picked":["Lockon+1"],"picked":"SKIP","floor":18.0},{"not_picked":[],"picked":"Ball Lightning","floor":19.0}],"player_experience":184298,"relics_obtained":[{"floor":9.0,"key":"Boot"},{"floor":10.0,"key":"Odd Mushroom"},{"floor":11.0,"key":"Cables"}],"event_choices":[{"damage_healed":0.0,"max_hp_gain":0.0,"max_hp_loss":0.0,"gold_gain":0.0,"event_name":"Mushrooms","player_choice":"Fought Mushrooms","floor":10.0,"gold_loss":0.0,"damage_taken":0.0},{"damage_healed":0,"gold_gain":0,"player_choice":"Ignored","damage_taken":0,"max_hp_gain":0,"max_hp_loss":0,"event_name":"NoteForYourself","floor":20,"gold_loss":0}],"is_beta":false,"boss_relics":[{"not_picked":["FrozenCore","Fusion Hammer"],"picked":"Busted Crown"}],"items_purged_floors":[3,5,14],"is_endless":false,"potions_floor_spawned":[4,11,13,18,19],"killed_by":"Centurion and Healer","ascension_level":0}