{"gold_per_floor":[99,99,64,64,64,64,64,64,64,64,64,64,64,38,38,38,38,38,38,38,38,38,38,38,0,0,0,0,0,0,0,0,0,0,0,0,0,0,0,0,0,0,0,0],"floor_reached":44,"playtime":1531,"items_purged":[],"score":669,"play_id":"0fb0ecb6-b687-40a1-a699-d43016049db5","local_time":"20190703211327","is_ascension_mode":true,"campfire_choices":[{"data":"Crippling Poison","floor":6,"key":"SMITH"},{"floor":8,"key":"REST"},{"floor":15,"key":"REST"},{"floor":23,"key":"REST"},{"floor":27,"key":"REST"},{"floor":32,"key":"REST"},{"floor":40,"key":"REST"}],"neow_cost":"NONE","seed_source_timestamp":272395003199270,"circlet_count":0,"master_deck":["AscendersBane","Strike_G","Strike_G","Strike_G","Strike_G","Defend_G","Defend_G","Defend_G","Defend_G","Defend_G","Survivor","Neutralize","Backflip","Deadly Poison","Crippling Poison+1","Noxious Fumes","Footwork","Bane","Escape Plan","Dagger Spray","Caltrops","Poisoned Stab","Bullet Time","Bouncing Flask","Crippling Poison","Catalyst+1","Leg Sweep","Bane","Bullet Time","Writhe","Dash","Bouncing Flask","Bane+1","Adrenaline"],"relics":["Ectoplasm","Dream Catcher","Question Card","Bottled Flame","Runic Pyramid","Ornamental Fan","Sozu","Ice Cream","Letter Opener","Bottled Tornado"],"potions_floor_usage":[13,13,16,33,33,33,33],"damage_taken":[{"damage":6,"enemies":"Cultist","floor":1,"turns":5},{"damage":1,"enemies":"Small Slimes","floor":4,"turns":5},{"damage":2,"enemies":"Jaw Worm","floor":5,"turns":4},{"damage":18,"enemies":"Lagavulin","floor":7,"turns":8},{"damage":1,"enemies":"Large Slime","floor":10,"turns":4},{"damage":28,"enemies":"Gremlin Gang","floor":11,"turns":4},{"damage":0,"enemies":"Blue Slaver","floor":12,"turns":4},{"damage":17,"enemies":"Gremlin Nob","floor":13,"turns":5},{"damage":39,"enemies":"The Guardian","floor":16,"turns":9},{"damage":7,"enemies":"3 Byrds","floor":18,"turns":4},{"damage":17,"enemies":"Spheric Guardian","floor":20,"turns":4},{"damage":10,"enemies":"Snecko","floor":22,"turns":5},{"damage":22,"enemies":"Snake Plant","floor":28,"turns":3},{"damage":12,"enemies":"Centurion and Healer","floor":31,"turns":7},{"damage":37,"enemies":"Collector","floor":33,"turns":8},{"damage":36,"enemies":"3 Shapes","floor":35,"turns":5},{"damage":11,"enemies":"Mind Bloom Boss Battle","floor":37,"turns":8},{"damage":5,"enemies":"Orb Walker","floor":41,"turns":3},{"damage":17,"enemies":"Nemesis","floor":42,"turns":5},{"damage":27,"enemies":"4 Shapes","floor":44,"turns":4}],"seed_played":"-5110421503243952978","potions_obtained":[{"floor":4,"key":"Fire Potion"},{"floor":7,"key":"Swift Potion"},{"floor":12,"key":"EssenceOfSteel"},{"floor":16,"key":"Dexterity Potion"},{"floor":20,"key":"Ancient Potion"},{"floor":28,"key":"EntropicBrew"}],"is_trial":false,"path_per_floor":["M","?","?","M","M","R","E","R","T","M","M","M","E","$","R","B",null,"M","?","M","?","M","R","$","?","T","R","M","?","$","M","R","B",null,"M","?","?","?","$","R","M","E","T","M"],"character_chosen":"THE_SILENT","items_purchased":["Poisoned Stab"],"campfire_rested":6,"item_purchase_floors":[14],"current_hp_per_floor":[57,57,70,69,67,67,49,70,70,69,41,41,24,24,45,6,54,47,47,30,30,20,41,41,41,41,62,40,40,40,28,49,12,56,20,38,27,27,27,48,43,26,26,0],"gold":0,"neow_bonus":"BOSS_RELIC","is_prod":false,"is_daily":false,"chose_seed":false,"campfire_upgraded":1,"win_rate":0,"timestamp":1562202807,"path_taken":["M","?","?","M","M","R","E","R","T","M","M","M","E","?","R","BOSS","M","?","M","?","?","R","$","?","T","R","M","?","$","M","R","BOSS","M","?","?","?","$","R","M","E","T","M"],"build_version":"2019-07-01","purchased_purges":0,"victory":false,"max_hp_per_floor":[70,70,70,70,70,70,70,70,70,70,70,70,70,70,70,70,70,70,70,70,70,70,70,70,70,70,70,70,70,70,70,70,70,70,70,70,70,70,70,70,70,70,70,70],"card_choices":[{"not_picked":["Flying Knee","Setup"],"picked":"Backflip","floor":1},{"not_picked":["Sucker Punch","Dagger Throw"],"picked":"Deadly Poison","floor":4},{"not_picked":["Blade Dance","Terror"],"picked":"Crippling Poison","floor":5},{"not_picked":["Dagger Throw","Acrobatics"],"picked":"Noxious Fumes","floor":7},{"not_picked":["Choke","Wraith Form v2"],"picked":"Footwork","floor":8},{"not_picked":["Prepared","Dodge and Roll","Underhanded Strike"],"picked":"Bane","floor":10},{"not_picked":["Cloak And Dagger","Riddle With Holes","Choke"],"picked":"Escape Plan","floor":11},{"not_picked":["Backflip","Dagger Throw","Dodge and Roll"],"picked":"Dagger Spray","floor":12},{"not_picked":["Accuracy","Finisher","Well Laid Plans"],"picked":"Caltrops","floor":13},{"not_picked":["A Thousand Cuts","Tools of the Trade","Glass Knife"],"picked":"Bullet Time","floor":16},{"not_picked":["Slice+1","Blade Dance+1","Deflect"],"picked":"Bouncing Flask","floor":18},{"not_picked":["Prepared","Underhanded Strike+1","Eviscerate+1","All Out Attack"],"picked":"SKIP","floor":20},{"not_picked":["Poisoned Stab","Prepared","Concentrate"],"picked":"Crippling Poison","floor":22},{"not_picked":["Deflect","Distraction","Underhanded Strike"],"picked":"Catalyst+1","floor":27},{"not_picked":["Phantasmal Killer","Quick Slash","Dodge and Roll"],"picked":"Leg Sweep","floor":28},{"not_picked":["Dodge and Roll","All Out Attack","Endless Agony"],"picked":"Bane","floor":31},{"not_picked":["Storm of Steel","Glass Knife","Night Terror"],"picked":"Bullet Time","floor":33},{"not_picked":["Blade Dance","Flechettes+1","Deflect+1","Setup"],"picked":"SKIP","floor":35},{"not_picked":["Underhanded Strike+1","PiercingWail","Acrobatics+1"],"picked":"Dash","floor":37},{"not_picked":["Concentrate","Slice","Leg Sweep"],"picked":"Bouncing Flask","floor":40},{"not_picked":["Expertise","Slice","Riddle With Holes"],"picked":"Bane+1","floor":41},{"not_picked":["Deadly Poison","Doppelganger","Crippling Poison"],"picked":"Adrenaline","floor":42}],"player_experience":523311,"relics_obtained":[{"floor":7,"key":"Dream Catcher"},{"floor":9,"key":"Question Card"},{"floor":13,"key":"Bottled Flame"},{"floor":26,"key":"Ornamental Fan"},{"floor":37,"key":"Ice Cream"},{"floor":42,"key":"Letter Opener"},{"floor":43,"key":"Bottled Tornado"}],"event_choices":[{"damage_healed":0,"gold_gain":0,"player_choice":"Ignored","damage_taken":0,"max_hp_gain":0,"max_hp_loss":0,"event_name":"Golden Wing","floor":2,"gold_loss":0},{"damage_healed":17,"gold_gain":0,"player_choice":"Healed","damage_taken":0,"max_hp_gain":0,"max_hp_loss":0,"event_name":"The Cleric","floor":3,"gold_loss":35},{"damage_healed":0,"gold_gain":0,"player_choice":"Ignored","damage_taken":0,"max_hp_gain":0,"max_hp_loss":0,"event_name":"Ghosts","floor":19,"gold_loss":0},{"damage_healed":0,"gold_gain":100,"player_choice":"Pray","damage_taken":0,"max_hp_gain":0,"max_hp_loss":0,"event_name":"Golden Shrine","floor":21,"gold_loss":0},{"damage_healed":0,"gold_gain":0,"player_choice":"Paid Fearfully","damage_taken":0,"max_hp_gain":0,"max_hp_loss":0,"event_name":"Masked Bandits","floor":25,"gold_loss":38},{"damage_healed":18,"gold_gain":0,"player_choice":"Writhe","damage_taken":0,"max_hp_gain":0,"max_hp_loss":0,"event_name":"Winding Halls","floor":36,"gold_loss":0,"cards_obtained":["Writhe"]},{"damage_healed":0,"gold_gain":0,"player_choice":"Fight","damage_taken":0,"max_hp_gain":0,"max_hp_loss":0,"event_name":"MindBloom","floor":37,"gold_loss":0},{"cards_removed":["Strike_G"],"damage_healed":0,"gold_gain":0,"player_choice":"Removed Attack","damage_taken":0,"max_hp_gain":0,"max_hp_loss":0,"event_name":"Falling","floor":38,"gold_loss":0}],"is_beta":false,"boss_relics":[{"not_picked":["Eternal Feather","Tiny House"],"picked":"Runic Pyramid"},{"not_picked":["Pandora\u0027s Box","HoveringKite"],"picked":"Sozu"}],"items_purged_floors":[],"is_endless":false,"potions_floor_spawned":[4,7,12,16,20,28,41],"killed_by":"4 Shapes","ascension_level":10}