{"gold_per_floor":[114,189,139,64,76,108,8,39,114,114,131,131,6,6,6,106,106,122,141,141,51,71,71,91,108,108,138,138,158,171,171,171,266,266,282,132,147,147,157,157,169,169,192,192,219,4,14,34,34,34],"floor_reached":51,"playtime":3783,"items_purged":["Defend_R","Defend_R","Strike_R","Strike_R"],"score":1023,"play_id":"210bb542-d43f-4f6f-af40-21ce346f873c","local_time":"20190501005806","is_ascension_mode":true,"campfire_choices":[{"floor":10.0,"key":"REST"},{"data":"Bash","floor":12.0,"key":"SMITH"},{"data":"Headbutt","floor":15.0,"key":"SMITH"},{"data":"Body Slam","floor":23.0,"key":"SMITH"},{"floor":28.0,"key":"REST"},{"floor":32.0,"key":"REST"},{"data":"True Grit","floor":40.0,"key":"SMITH"},{"data":"Juggernaut","floor":42.0,"key":"SMITH"},{"data":"Metallicize","floor":49.0,"key":"SMITH"}],"neow_cost":"NONE","seed_source_timestamp":0,"circlet_count":0,"master_deck":["AscendersBane","Strike_R","Defend_R+1","Defend_R+1","Bash+1","Headbutt+1","Barricade","Feel No Pain","Battle Trance","Body Slam+1","PanicButton","True Grit+1","Juggernaut+1","Shrug It Off","Immolate+1","True Grit+1","Sentinel+1","Warcry+1","Feel No Pain","Metallicize+1"],"special_seed":0,"relics":["Burning Blood","NeowsBlessing","Omamori","Oddly Smooth Stone","Mummified Hand","Sozu","Torii","Molten Egg 2","Philosopher\u0027s Stone","Bag of Marbles","Toxic Egg 2","War Paint"],"potions_floor_usage":[],"damage_taken":[{"damage":0.0,"enemies":"Small Slimes","floor":1.0,"turns":1.0},{"damage":0.0,"enemies":"2 Louse","floor":5.0,"turns":1.0},{"damage":0.0,"enemies":"3 Sentries","floor":6.0,"turns":2.0},{"damage":60.0,"enemies":"Lagavulin","floor":8.0,"turns":6.0},{"damage":0.0,"enemies":"Cultist","floor":11.0,"turns":3.0},{"damage":46.0,"enemies":"Slime Boss","floor":16.0,"turns":9.0},{"damage":28.0,"enemies":"Shell Parasite","floor":18.0,"turns":5.0},{"damage":9.0,"enemies":"Chosen","floor":19.0,"turns":4.0},{"damage":31.0,"enemies":"Centurion and Healer","floor":22.0,"turns":6.0},{"damage":0.0,"enemies":"3 Cultists","floor":24.0,"turns":4.0},{"damage":0.0,"enemies":"Sentry and Sphere","floor":25.0,"turns":4.0},{"damage":21.0,"enemies":"Gremlin Leader","floor":27.0,"turns":4.0},{"damage":27.0,"enemies":"Snecko","floor":29.0,"turns":6.0},{"damage":1.0,"enemies":"Centurion and Healer","floor":30.0,"turns":5.0},{"damage":26.0,"enemies":"Collector","floor":33.0,"turns":9.0},{"damage":0.0,"enemies":"3 Shapes","floor":35.0,"turns":4.0},{"damage":0.0,"enemies":"3 Darklings","floor":37.0,"turns":3.0},{"damage":13.0,"enemies":"4 Shapes","floor":39.0,"turns":2.0},{"damage":0.0,"enemies":"Maw","floor":41.0,"turns":6.0},{"damage":11.0,"enemies":"Nemesis","floor":45.0,"turns":7.0},{"damage":0.0,"enemies":"Writhing Mass","floor":47.0,"turns":4.0},{"damage":2.0,"enemies":"Jaw Worm Horde","floor":48.0,"turns":5.0},{"damage":53.0,"enemies":"Donu and Deca","floor":50.0,"turns":10.0}],"seed_played":"-4742642992405564342","potions_obtained":[{"floor":1.0,"key":"Fire Potion"},{"floor":11.0,"key":"SneckoOil"}],"is_trial":false,"path_per_floor":["M","?","?","$","M","E","$","E","T","R","M","R","$","?","R","B",null,"M","M","?","$","M","R","M","M","T","E","R","M","M","?","R","B",null,"M","$","M","$","M","R","M","R","T","?","E","$","M","M","R","B",null],"character_chosen":"IRONCLAD","items_purchased":["PanicButton","Metallicize","War Paint"],"campfire_rested":3,"item_purchase_floors":[21,46,46],"current_hp_per_floor":[78,67,67,67,73,79,79,25,25,49,55,55,55,55,55,15,64,42,39,39,39,14,14,20,26,26,11,35,14,19,19,43,23,66,72,72,78,78,71,71,77,77,77,77,72,72,78,80,80,33],"gold":34,"neow_bonus":"THREE_ENEMY_KILL","is_prod":false,"is_daily":false,"chose_seed":false,"campfire_upgraded":6,"win_rate":0,"timestamp":1556697486,"path_taken":["M","?","?","$","M","E","$","E","T","R","M","R","$","?","R","BOSS","M","M","?","$","M","R","M","M","T","E","R","M","M","?","R","BOSS","M","?","M","$","M","R","M","R","T","?","E","$","?","M","R","BOSS"],"build_version":"2019-01-23","purchased_purges":4,"victory":true,"max_hp_per_floor":[80,80,80,80,80,80,80,80,80,80,80,80,80,80,80,80,80,80,80,80,80,80,80,80,80,80,80,80,80,80,80,80,80,80,80,80,80,80,80,80,80,80,80,80,80,80,80,80,80,80],"card_choices":[{"not_picked":["Bloodletting","Cleave","Anger"],"picked":"SKIP","floor":1.0},{"not_picked":["Shockwave","Warcry","Wild Strike"],"picked":"SKIP","floor":5.0},{"not_picked":["True Grit","Headbutt","Clash"],"picked":"SKIP","floor":6.0},{"not_picked":["Rupture","Perfected Strike","Cleave"],"picked":"SKIP","floor":8.0},{"not_picked":["True Grit","Wild Strike","Evolve"],"picked":"SKIP","floor":11.0},{"not_picked":["Dark Embrace","Immolate"],"picked":"Barricade","floor":16.0},{"not_picked":["Fire Breathing","Clothesline"],"picked":"Feel No Pain","floor":18.0},{"not_picked":["Anger","Intimidate"],"picked":"Battle Trance","floor":19.0},{"not_picked":["Twin Strike","Flex"],"picked":"True Grit","floor":22.0},{"not_picked":["Sever Soul","Shockwave","Perfected Strike"],"picked":"SKIP","floor":24.0},{"not_picked":["Searing Blow","Havoc+1"],"picked":"Juggernaut","floor":25.0},{"not_picked":["Spot Weakness+1","Cleave+1"],"picked":"Shrug It Off","floor":27.0},{"not_picked":["Havoc","Armaments+1","Warcry"],"picked":"SKIP","floor":29.0},{"not_picked":["Thunderclap+1","Warcry","Headbutt+1"],"picked":"SKIP","floor":30.0},{"not_picked":["Dark Embrace","Double Tap"],"picked":"Immolate+1","floor":33.0},{"not_picked":["Bloodletting+1","Seeing Red"],"picked":"True Grit+1","floor":35.0},{"not_picked":["Reckless Charge+1","Inflame+1"],"picked":"Sentinel+1","floor":37.0},{"not_picked":["Havoc","Anger+1"],"picked":"Warcry+1","floor":39.0},{"not_picked":["Pummel+1","Thunderclap+1"],"picked":"Feel No Pain","floor":41.0},{"not_picked":["Twin Strike+1","Perfected Strike+1","Clothesline+1"],"picked":"SKIP","floor":45.0},{"not_picked":["Clash+1","Pommel Strike+1","Reckless Charge+1"],"picked":"SKIP","floor":47.0},{"not_picked":["Rage+1","Perfected Strike+1","Searing Blow+1"],"picked":"SKIP","floor":48.0}],"player_experience":335206,"relics_obtained":[{"floor":6.0,"key":"Omamori"},{"floor":8.0,"key":"Oddly Smooth Stone"},{"floor":9.0,"key":"Mummified Hand"},{"floor":26.0,"key":"Torii"},{"floor":27.0,"key":"Molten Egg 2"},{"floor":43.0,"key":"Bag of Marbles"},{"floor":45.0,"key":"Toxic Egg 2"}],"event_choices":[{"damage_healed":0.0,"max_hp_gain":0.0,"max_hp_loss":0.0,"gold_gain":75.0,"event_name":"World of Goop","player_choice":"Gather Gold","floor":2.0,"gold_loss":0.0,"damage_taken":11.0},{"cards_removed":["Strike_R"],"damage_healed":0.0,"max_hp_gain":0.0,"max_hp_loss":0.0,"gold_gain":0.0,"event_name":"The Cleric","player_choice":"Card Removal","floor":3.0,"gold_loss":50.0,"damage_taken":0.0},{"damage_healed":0.0,"max_hp_gain":0.0,"max_hp_loss":0.0,"gold_gain":0.0,"cards_transformed":["Strike_R"],"event_name":"Living Wall","player_choice":"Change","floor":14.0,"gold_loss":0.0,"damage_taken":0.0,"cards_obtained":["Headbutt"]},{"damage_healed":0.0,"max_hp_gain":0.0,"max_hp_loss":0.0,"gold_gain":0.0,"event_name":"The Library","player_choice":"Read","floor":20.0,"gold_loss":0.0,"damage_taken":0.0,"cards_obtained":["Body Slam"]},{"damage_healed":0.0,"max_hp_gain":0.0,"max_hp_loss":0.0,"gold_gain":0.0,"event_name":"N\u0027loth","player_choice":"Ignored","floor":31.0,"gold_loss":0.0,"damage_taken":0.0},{"damage_healed":0.0,"max_hp_gain":0.0,"max_hp_loss":0.0,"gold_gain":0.0,"event_name":"WeMeetAgain","player_choice":"Ignored","floor":44.0,"gold_loss":0.0,"damage_taken":0.0}],"is_beta":false,"boss_relics":[{"not_picked":["Calling Bell","Runic Cube"],"picked":"Sozu"},{"not_picked":["Mark of Pain","Orrery"],"picked":"Philosopher\u0027s Stone"}],"items_purged_floors":[4,7,13,36],"is_endless":false,"potions_floor_spawned":[1,11,22,24,27,37,39],"ascension_level":10}