{"gold_per_floor":[112,112,129,146,162,175,175,188,188,188,188,188,139,157,157,258,308,328,338,50,50,50,50,63,89,89,89,103,103,119,133,133,133],"floor_reached":33,"playtime":2283,"items_purged":[],"score":274,"play_id":"b4a6b854-c95a-4906-a614-289b30415a3a","local_time":"20190728221624","is_ascension_mode":true,"campfire_choices":[{"data":"Whirlwind","floor":7,"key":"SMITH"},{"floor":10,"key":"REST"},{"data":"Cleave","floor":12,"key":"SMITH"},{"data":"Iron Wave","floor":15,"key":"SMITH"},{"data":"Demon Form","floor":23,"key":"SMITH"},{"floor":27,"key":"REST"},{"floor":32,"key":"REST"}],"neow_cost":"NONE","seed_source_timestamp":17777523632800,"circlet_count":0,"master_deck":["Strike_R","Strike_R","Strike_R","Strike_R","Defend_R","Defend_R","Defend_R+1","Defend_R","Bash","Cleave+1","Whirlwind+1","Evolve","Spot Weakness+1","Iron Wave+1","Shrug It Off","Demon Form+1","Pommel Strike","Shrug It Off","Inflame","RitualDagger","Metallicize","Demon Form","Disarm","Inflame","Inflame"],"relics":["Burning Blood","Gremlin Horn","Tiny House","Chemical X","Orichalcum","Self Forming Clay"],"potions_floor_usage":[25,25,33],"damage_taken":[{"damage":11,"enemies":"Jaw Worm","floor":1,"turns":5},{"damage":1,"enemies":"Cultist","floor":3,"turns":4},{"damage":3,"enemies":"2 Louse","floor":4,"turns":4},{"damage":21,"enemies":"Blue Slaver","floor":5,"turns":5},{"damage":27,"enemies":"2 Fungi Beasts","floor":6,"turns":4},{"damage":10,"enemies":"Looter","floor":8,"turns":2},{"damage":3,"enemies":"Gremlin Gang","floor":14,"turns":2},{"damage":27,"enemies":"Slime Boss","floor":16,"turns":6},{"damage":34,"enemies":"Shell Parasite","floor":18,"turns":7},{"damage":0,"enemies":"3 Byrds","floor":19,"turns":3},{"damage":0,"enemies":"3 Cultists","floor":24,"turns":2},{"damage":43,"enemies":"Slavers","floor":25,"turns":5},{"damage":23,"enemies":"Centurion and Healer","floor":28,"turns":5},{"damage":4,"enemies":"Sentry and Sphere","floor":30,"turns":3},{"damage":29,"enemies":"Snake Plant","floor":31,"turns":6},{"damage":82,"enemies":"Automaton","floor":33,"turns":8}],"seed_played":"-6801660327916371275","potions_obtained":[{"floor":1,"key":"EssenceOfSteel"},{"floor":3,"key":"EssenceOfSteel"},{"floor":6,"key":"Poison Potion"},{"floor":25,"key":"PowerPotion"},{"floor":28,"key":"Block Potion"}],"is_trial":false,"path_per_floor":["M","?","M","M","M","M","R","M","T","R","?","R","$","M","R","B",null,"M","M","$","?","?","R","M","E","T","R","M","?","M","M","R","B"],"character_chosen":"IRONCLAD","items_purchased":["Iron Wave","Chemical X","Inflame"],"campfire_rested":3,"item_purchase_floors":[13,20,20],"current_hp_per_floor":[83,83,88,88,73,52,52,48,48,74,74,74,74,77,77,56,93,65,71,71,71,65,65,71,34,34,61,44,75,77,54,81,0],"gold":133,"neow_bonus":"TEN_PERCENT_HP_BONUS","is_prod":false,"is_daily":false,"chose_seed":false,"campfire_upgraded":4,"win_rate":0,"timestamp":1564373784,"path_taken":["M","?","M","M","M","M","R","?","T","R","?","R","?","M","R","BOSS","M","M","$","?","?","R","M","E","T","R","M","?","M","M","R","BOSS"],"build_version":"2019-07-17","purchased_purges":0,"victory":false,"max_hp_per_floor":[88,88,88,88,88,88,88,88,88,88,88,88,88,88,88,88,93,93,93,93,93,93,93,93,93,93,93,93,93,93,93,93,93],"card_choices":[{"not_picked":["Sever Soul","Twin Strike","Flex"],"picked":"SKIP","floor":1},{"not_picked":["Infernal Blade","Warcry","Second Wind"],"picked":"SKIP","floor":3},{"not_picked":["Pummel","Clash"],"picked":"Cleave","floor":4},{"not_picked":["Clash","Havoc"],"picked":"Whirlwind","floor":5},{"not_picked":["Clash","Havoc"],"picked":"Evolve","floor":6},{"not_picked":["Headbutt","Sentinel"],"picked":"Spot Weakness","floor":8},{"not_picked":["Rage","Second Wind"],"picked":"Shrug It Off","floor":14},{"not_picked":["Immolate","Juggernaut"],"picked":"Demon Form","floor":16},{"not_picked":["Spot Weakness+1","Seeing Red+1"],"picked":"Pommel Strike","floor":18},{"not_picked":["Clash","Sword Boomerang+1"],"picked":"Shrug It Off","floor":19},{"not_picked":["Entrench+1","Twin Strike"],"picked":"Metallicize","floor":24},{"not_picked":["Impervious","Thunderclap"],"picked":"Demon Form","floor":25},{"not_picked":["Heavy Blade","Body Slam"],"picked":"Disarm","floor":28},{"not_picked":["Clash+1","Pommel Strike"],"picked":"Inflame","floor":30},{"not_picked":["Heavy Blade","Clash"],"picked":"Inflame","floor":31}],"player_experience":80617,"relics_obtained":[{"floor":9,"key":"Gremlin Horn"},{"floor":25,"key":"Orichalcum"},{"floor":26,"key":"Self Forming Clay"}],"event_choices":[{"cards_removed":["Strike_R"],"damage_healed":0,"gold_gain":0,"player_choice":"Purged","damage_taken":0,"max_hp_gain":0,"max_hp_loss":0,"event_name":"Purifier","floor":2,"gold_loss":0},{"damage_healed":0,"gold_gain":0,"player_choice":"Upgraded","damage_taken":0,"max_hp_gain":0,"max_hp_loss":0,"event_name":"Upgrade Shrine","floor":11,"gold_loss":0,"cards_upgraded":["Spot Weakness"]},{"damage_healed":0,"gold_gain":0,"player_choice":"Ignored","damage_taken":0,"max_hp_gain":0,"max_hp_loss":0,"event_name":"Ghosts","floor":21,"gold_loss":0},{"damage_healed":0,"gold_gain":0,"player_choice":"Joined the Cult","damage_taken":6,"max_hp_gain":0,"max_hp_loss":0,"event_name":"Nest","floor":22,"gold_loss":0,"cards_obtained":["RitualDagger"]},{"damage_healed":31,"gold_gain":0,"player_choice":"Heal","damage_taken":0,"max_hp_gain":0,"max_hp_loss":0,"event_name":"The Library","floor":29,"gold_loss":0}],"is_beta":false,"boss_relics":[{"not_picked":["Empty Cage","Cursed Key"],"picked":"Tiny House"}],"items_purged_floors":[],"is_endless":false,"potions_floor_spawned":[1,3,6,8,14,18,25,28],"killed_by":"Automaton","ascension_level":1}