{"gold_per_floor":[116,116,116,25,25,25,64,76,161,189,217,265,342,368,380,516,528,453,453,453,453,453,453,453,378,378,378,378,378,26,26,26,26,26,26,26,26,26,26,26,26,26,26,26,26,26,26,26,26,26],"floor_reached":50,"playtime":2088,"items_purged":["Injury"],"score":670,"play_id":"e509c09e-f676-4846-84f8-bbaa516cddd0","local_time":"20190607160612","is_ascension_mode":true,"campfire_choices":[{"floor":6,"key":"REST"},{"floor":8,"key":"REST"},{"floor":15,"key":"REST"},{"floor":23,"key":"REST"},{"floor":27,"key":"REST"},{"floor":32,"key":"REST"},{"floor":40,"key":"REST"},{"floor":42,"key":"REST"},{"floor":44,"key":"REST"},{"floor":47,"key":"REST"},{"floor":49,"key":"REST"}],"neow_cost":"NONE","seed_source_timestamp":30784989912438,"circlet_count":0,"master_deck":["Defend_G","Defend_G","Defend_G","Defend_G","Defend_G","Strike_G","Strike_G+1","Strike_G","Survivor","Neutralize","Deadly Poison","Bandage Up+1","Wraith Form v2","Quick Slash","Dash","Quick Slash","Wraith Form v2","Poisoned Stab","Dagger Spray","Bullet Time","Poisoned Stab","Slice","Sucker Punch+1","After Image","Poisoned Stab+1","All Out Attack+1","Poisoned Stab+1","Catalyst+1"],"relics":["White Beast Statue","Pear","Golden Idol","MawBank","Dodecahedron","Kunai","Ectoplasm","Gremlin Horn","Smiling Mask","Paper Crane","StoneCalendar","Philosopher\u0027s Stone","Toxic Egg 2","Whetstone","Oddly Smooth Stone","Vajra"],"potions_floor_usage":[12,16,16,16,16,16,18,20,24,24,24,31,41,50,50,50],"damage_taken":[{"damage":8,"enemies":"Cultist","floor":1,"turns":5},{"damage":56,"enemies":"Lagavulin","floor":7,"turns":8},{"damage":10,"enemies":"Small Slimes","floor":10,"turns":4},{"damage":4,"enemies":"Jaw Worm","floor":11,"turns":6},{"damage":24,"enemies":"Gremlin Nob","floor":12,"turns":4},{"damage":11,"enemies":"Large Slime","floor":14,"turns":8},{"damage":59,"enemies":"Slime Boss","floor":16,"turns":17},{"damage":25,"enemies":"2 Thieves","floor":18,"turns":4},{"damage":23,"enemies":"3 Byrds","floor":19,"turns":7},{"damage":13,"enemies":"Centurion and Healer","floor":20,"turns":10},{"damage":10,"enemies":"Snecko","floor":24,"turns":5},{"damage":7,"enemies":"3 Cultists","floor":31,"turns":7},{"damage":69,"enemies":"Automaton","floor":33,"turns":13},{"damage":11,"enemies":"Orb Walker","floor":35,"turns":4},{"damage":19,"enemies":"3 Darklings","floor":37,"turns":7},{"damage":0,"enemies":"Transient","floor":39,"turns":5},{"damage":52,"enemies":"Nemesis","floor":41,"turns":7},{"damage":32,"enemies":"4 Shapes","floor":45,"turns":7},{"damage":43,"enemies":"3 Darklings","floor":48,"turns":7},{"damage":87,"enemies":"Donu and Deca","floor":50,"turns":8}],"seed_played":"5807770769453598868","potions_obtained":[{"floor":1,"key":"Dexterity Potion"},{"floor":7,"key":"PowerPotion"},{"floor":10,"key":"Ancient Potion"},{"floor":12,"key":"LiquidBronze"},{"floor":14,"key":"EntropicBrew"},{"floor":16,"key":"PowerPotion"},{"floor":18,"key":"EssenceOfSteel"},{"floor":19,"key":"Strength Potion"},{"floor":20,"key":"GamblersBrew"},{"floor":24,"key":"PowerPotion"},{"floor":31,"key":"SpeedPotion"},{"floor":33,"key":"Ancient Potion"},{"floor":35,"key":"SkillPotion"},{"floor":37,"key":"Regen Potion"},{"floor":41,"key":"Explosive Potion"}],"is_trial":false,"path_per_floor":["M","?","?","$","?","R","E","R","T","M","M","E","?","M","R","B",null,"M","M","M","?","T","R","M","?","T","R","?","?","$","M","R","B",null,"M","T","M","$","M","R","E","R","T","R","M","?","R","M","R","B"],"character_chosen":"THE_SILENT","items_purchased":["Bandage Up","StoneCalendar"],"campfire_rested":11,"item_purchase_floors":[4,30],"current_hp_per_floor":[55,47,47,47,47,71,21,45,45,41,43,25,25,20,44,6,62,43,26,19,19,19,43,39,39,39,63,63,63,63,62,80,17,64,59,59,46,46,52,76,30,54,54,78,48,48,72,35,59,0],"gold":26,"neow_bonus":"BOSS_RELIC","is_prod":false,"is_daily":false,"chose_seed":false,"campfire_upgraded":0,"win_rate":0,"timestamp":1559937972,"path_taken":["M","?","?","$","?","R","E","R","T","M","M","E","?","?","R","BOSS","M","M","M","?","?","R","?","?","T","R","?","?","$","M","R","BOSS","M","?","?","$","M","R","E","R","T","R","M","?","R","M","R","BOSS"],"build_version":"2019-01-23","purchased_purges":1,"victory":false,"max_hp_per_floor":[70,80,80,80,80,80,80,80,80,80,80,80,80,80,80,80,80,80,80,80,80,80,80,80,80,80,80,80,80,80,80,80,80,80,80,80,80,80,80,80,80,80,80,80,80,80,80,80,80,80],"card_choices":[{"not_picked":["Dagger Throw","Finisher"],"picked":"Deadly Poison","floor":1},{"not_picked":["Cloak And Dagger","Slice"],"picked":"Wraith Form v2","floor":7},{"not_picked":["Blade Dance","Dodge and Roll"],"picked":"Quick Slash","floor":10},{"not_picked":["Slice","Blade Dance"],"picked":"Dash","floor":11},{"not_picked":["Finisher","PiercingWail"],"picked":"Quick Slash","floor":12},{"not_picked":["Escape Plan","Tactician","Dodge and Roll"],"picked":"SKIP","floor":14},{"not_picked":["Malaise","Grand Finale"],"picked":"Wraith Form v2","floor":16},{"not_picked":["PiercingWail+1","Outmaneuver"],"picked":"Poisoned Stab","floor":18},{"not_picked":["Cloak And Dagger","Blade Dance"],"picked":"Dagger Spray","floor":19},{"not_picked":["Quick Slash+1","Well Laid Plans"],"picked":"Bullet Time","floor":20},{"not_picked":["Acrobatics","Bane+1"],"picked":"Poisoned Stab","floor":24},{"not_picked":["Infinite Blades","PiercingWail+1"],"picked":"Sucker Punch+1","floor":31},{"not_picked":["Night Terror","Tools of the Trade"],"picked":"After Image","floor":33},{"not_picked":["Blade Dance","Dash+1"],"picked":"Poisoned Stab","floor":35},{"not_picked":["Riddle With Holes","Dodge and Roll+1"],"picked":"All Out Attack+1","floor":37},{"not_picked":["Sucker Punch","Dagger Throw+1"],"picked":"Poisoned Stab+1","floor":39},{"not_picked":["Finisher","Tools of the Trade","Choke"],"picked":"SKIP","floor":41},{"not_picked":["Poisoned Stab","Backflip+1"],"picked":"Catalyst+1","floor":45},{"not_picked":["Heel Hook","Dodge and Roll+1","Flying Knee"],"picked":"SKIP","floor":48}],"player_experience":407820,"relics_obtained":[{"floor":7,"key":"MawBank"},{"floor":9,"key":"Dodecahedron"},{"floor":12,"key":"Kunai"},{"floor":22,"key":"Gremlin Horn"},{"floor":26,"key":"Smiling Mask"},{"floor":36,"key":"Toxic Egg 2"},{"floor":41,"key":"Whetstone"},{"floor":43,"key":"Oddly Smooth Stone"},{"floor":46,"key":"Vajra"}],"event_choices":[{"damage_healed":0,"gold_gain":0,"player_choice":"Success","damage_taken":18,"relics_obtained":["Pear"],"max_hp_gain":0,"max_hp_loss":0,"event_name":"Scrap Ooze","floor":2,"gold_loss":0},{"damage_healed":0,"gold_gain":0,"player_choice":"Take Wound","damage_taken":0,"relics_obtained":["Golden Idol"],"max_hp_gain":0,"max_hp_loss":0,"event_name":"Golden Idol","floor":3,"gold_loss":0,"cards_obtained":["Injury"]},{"damage_healed":0,"gold_gain":0,"player_choice":"Grow","damage_taken":0,"max_hp_gain":0,"max_hp_loss":0,"event_name":"Living Wall","floor":5,"gold_loss":0,"cards_upgraded":["Bandage Up"]},{"damage_healed":0,"gold_gain":65,"player_choice":"Gained Gold","damage_taken":0,"max_hp_gain":0,"max_hp_loss":0,"event_name":"Golden Wing","floor":13,"gold_loss":0},{"damage_healed":0,"gold_gain":0,"player_choice":"Ignored","damage_taken":0,"max_hp_gain":0,"max_hp_loss":0,"event_name":"Cursed Tome","floor":21,"gold_loss":0},{"cards_removed":["Strike_G"],"damage_healed":0,"gold_gain":0,"player_choice":"Gave Gold","damage_taken":0,"max_hp_gain":0,"max_hp_loss":0,"event_name":"Beggar","floor":25,"gold_loss":75},{"damage_healed":0,"gold_gain":0,"player_choice":"Opened","damage_taken":0,"relics_obtained":["Paper Crane"],"max_hp_gain":0,"max_hp_loss":0,"event_name":"The Mausoleum","floor":28,"gold_loss":0},{"damage_healed":0,"gold_gain":0,"cards_transformed":["Strike_G"],"player_choice":"Transformed","damage_taken":0,"max_hp_gain":0,"max_hp_loss":0,"event_name":"Transmorgrifier","floor":29,"gold_loss":0,"cards_obtained":["Slice"]},{"damage_healed":0,"gold_gain":0,"player_choice":"Relic","damage_taken":0,"max_hp_gain":0,"max_hp_loss":0,"event_name":"Wheel of Change","floor":46,"gold_loss":0}],"is_beta":false,"boss_relics":[{"not_picked":["Snecko Eye","HoveringKite"],"picked":"Ectoplasm"},{"not_picked":["Fusion Hammer","Pandora\u0027s Box"],"picked":"Philosopher\u0027s Stone"}],"items_purged_floors":[30],"is_endless":false,"potions_floor_spawned":[1,7,10,11,12,14,16,18,19,20,24,31,33,35,37,39,41,45,48],"killed_by":"Donu and Deca","ascension_level":7}