{"gold_per_floor":[118,136,136,148,168,168,186,202,202,152,152,183,197,225,225,330,330,349,366,366,379,379],"floor_reached":22,"playtime":2941,"items_purged":[],"score":250,"play_id":"d11b24e4-3e14-4baf-8bb8-ec16e812963b","local_time":"20190801130859","is_ascension_mode":false,"campfire_choices":[{"data":"Defragment","floor":6,"key":"SMITH"},{"floor":15,"key":"REST"}],"neow_cost":"NONE","seed_source_timestamp":90718283613300,"circlet_count":0,"master_deck":["Strike_B+1","Defend_B","Defend_B","Defend_B","Defend_B","Zap+1","Dualcast","Defragment+1","Barrage","BootSequence","Stack","Fusion","Tempest","Capacitor","Seek","Echo Form","Lockon","Storm","Skim","Barrage","Auto Shields","Defragment","Loop","Go for the Eyes+1"],"relics":["Cracked Core","PreservedInsect","Potion Belt","Pen Nib","Orrery"],"potions_floor_usage":[12,12,16,19,19,21],"damage_taken":[{"damage":0,"enemies":"Small Slimes","floor":1,"turns":2},{"damage":5,"enemies":"2 Louse","floor":2,"turns":3},{"damage":6,"enemies":"Jaw Worm","floor":4,"turns":4},{"damage":1,"enemies":"3 Louse","floor":5,"turns":4},{"damage":0,"enemies":"Red Slaver","floor":7,"turns":3},{"damage":11,"enemies":"Exordium Wildlife","floor":8,"turns":5},{"damage":0,"enemies":"Gremlin Nob","floor":12,"turns":3},{"damage":0,"enemies":"Blue Slaver","floor":13,"turns":3},{"damage":0,"enemies":"Lagavulin","floor":14,"turns":5},{"damage":4,"enemies":"The Guardian","floor":16,"turns":9},{"damage":29,"enemies":"3 Byrds","floor":18,"turns":5},{"damage":11,"enemies":"Spheric Guardian","floor":19,"turns":5},{"damage":20,"enemies":"Snecko","floor":21,"turns":5},{"damage":18,"enemies":"Centurion and Healer","floor":22,"turns":2}],"seed_played":"4119479002868119900","potions_obtained":[{"floor":1,"key":"FocusPotion"},{"floor":8,"key":"Explosive Potion"},{"floor":12,"key":"Regen Potion"},{"floor":13,"key":"Dexterity Potion"},{"floor":14,"key":"Weak Potion"},{"floor":18,"key":"SkillPotion"}],"is_trial":false,"path_per_floor":["M","M","?","M","M","R","M","M","T","?","?","E","M","E","R","B",null,"M","M","?","M","M"],"character_chosen":"DEFECT","items_purchased":[],"campfire_rested":1,"item_purchase_floors":[],"current_hp_per_floor":[75,70,63,57,56,56,56,45,45,45,30,30,30,30,52,63,75,46,35,35,15,0],"gold":379,"neow_bonus":"REMOVE_CARD","is_prod":false,"is_daily":false,"chose_seed":false,"campfire_upgraded":1,"win_rate":0.0,"timestamp":1564632539,"path_taken":["M","M","?","M","M","R","M","M","T","?","?","E","M","E","R","BOSS","M","M","?","M","M"],"build_version":"2019-07-17","purchased_purges":0,"victory":false,"max_hp_per_floor":[75,75,75,75,75,75,75,75,75,75,75,75,75,75,75,75,75,75,75,75,75,75],"card_choices":[{"not_picked":["Static Discharge","Hologram"],"picked":"Defragment","floor":1},{"not_picked":["Cold Snap","Sweeping Beam"],"picked":"Barrage","floor":2},{"not_picked":["Scrape","Consume"],"picked":"BootSequence","floor":4},{"not_picked":["Compile Driver","Cold Snap"],"picked":"Stack","floor":5},{"not_picked":["Beam Cell","Compile Driver"],"picked":"Fusion","floor":7},{"not_picked":["Barrage","Leap"],"picked":"Tempest","floor":8},{"not_picked":["Stack","Rip and Tear"],"picked":"Capacitor","floor":12},{"not_picked":["Storm","Reprogram"],"picked":"Seek","floor":13},{"not_picked":["Stack","Chill","Rebound"],"picked":"SKIP","floor":14},{"not_picked":["All For One","Seek"],"picked":"Echo Form","floor":16},{"not_picked":["Steam","Leap"],"picked":"Lockon","floor":17},{"not_picked":["Sweeping Beam","Beam Cell"],"picked":"Storm","floor":17},{"not_picked":["BootSequence","Coolheaded"],"picked":"Skim","floor":17},{"not_picked":["Hello World","Beam Cell"],"picked":"Barrage","floor":17},{"not_picked":["Steam Power","Conserve Battery"],"picked":"Auto Shields","floor":17},{"not_picked":["Steam Power","Sweeping Beam+1","Stack"],"picked":"SKIP","floor":18},{"not_picked":["Compile Driver","Reinforced Body"],"picked":"Defragment","floor":19},{"not_picked":["Hologram","Genetic Algorithm"],"picked":"Go for the Eyes+1","floor":21}],"player_experience":46967,"relics_obtained":[{"floor":9,"key":"PreservedInsect"},{"floor":12,"key":"Potion Belt"},{"floor":14,"key":"Pen Nib"}],"event_choices":[{"cards_removed":["Strike_B"],"damage_healed":0,"gold_gain":0,"player_choice":"Card Removal","damage_taken":7,"max_hp_gain":0,"max_hp_loss":0,"event_name":"Golden Wing","floor":3,"gold_loss":0},{"cards_removed":["Strike_B"],"damage_healed":0,"gold_gain":0,"player_choice":"Card Removal","damage_taken":0,"max_hp_gain":0,"max_hp_loss":0,"event_name":"The Cleric","floor":10,"gold_loss":50},{"damage_healed":0,"gold_gain":0,"player_choice":"Entered Light","damage_taken":15,"max_hp_gain":0,"max_hp_loss":0,"event_name":"Shining Light","floor":11,"gold_loss":0,"cards_upgraded":["Strike_B","Zap"]},{"damage_healed":0,"gold_gain":0,"player_choice":"Read","damage_taken":0,"max_hp_gain":0,"max_hp_loss":0,"event_name":"The Library","floor":20,"gold_loss":0,"cards_obtained":["Loop"]}],"is_beta":false,"boss_relics":[{"not_picked":["Black Star","Runic Dome"],"picked":"Orrery"}],"items_purged_floors":[],"is_endless":false,"potions_floor_spawned":[1,8,12,13,14,18],"killed_by":"Centurion and Healer","ascension_level":0}