{"gold_per_floor":[111,123,41,41,41,41,51,78,102,132,132,197,197,223,223,322,322,348,360,372,35,90,121,121,121,121,121,138,168,168,186,186,186],"floor_reached":33,"playtime":975,"items_purged":["Normality"],"score":387,"play_id":"0395c88f-1829-49d8-9406-f11878a61209","local_time":"20190617195638","is_ascension_mode":true,"campfire_choices":[{"data":"Deadly Poison","floor":6,"key":"SMITH"},{"floor":11,"key":"REST"},{"floor":15,"key":"REST"},{"floor":24,"key":"REST"},{"floor":27,"key":"REST"},{"floor":30,"key":"REST"},{"data":"1","floor":32,"key":"LIFT"}],"neow_cost":"NONE","seed_source_timestamp":325567706574501,"circlet_count":0,"master_deck":["Defend_G+1","Defend_G+1","Defend_G+1","Defend_G+1","Defend_G+1","Strike_G+1","Strike_G+1","Strike_G+1","Strike_G+1","Strike_G+1","Survivor","Neutralize","Deadly Poison","Deadly Poison+1","Noxious Fumes+1","Poisoned Stab","Escape Plan","Adrenaline","Decay","Decay","Bouncing Flask+1","Bouncing Flask","Noxious Fumes+1","Bane","Quick Slash","Poisoned Stab+1","Caltrops"],"relics":["Black Star","Oddly Smooth Stone","Lantern","PreservedInsect","WingedGreaves","Bag of Marbles","Regal Pillow","Centennial Puzzle","Calling Bell","MawBank","Darkstone Periapt","Girya","Shuriken","DollysMirror","Vajra","Tingsha","Dream Catcher","Gremlin Horn","Ornamental Fan","Kunai"],"potions_floor_usage":[2,29,29,31,33],"damage_taken":[{"damage":1,"enemies":"Small Slimes","floor":1,"turns":5},{"damage":0,"enemies":"2 Louse","floor":2,"turns":1},{"damage":7,"enemies":"Jaw Worm","floor":7,"turns":4},{"damage":25,"enemies":"Lagavulin","floor":8,"turns":6},{"damage":18,"enemies":"3 Sentries","floor":10,"turns":6},{"damage":12,"enemies":"Lagavulin Event","floor":12,"turns":4},{"damage":12,"enemies":"Hexaghost","floor":16,"turns":7},{"damage":15,"enemies":"Spheric Guardian","floor":18,"turns":5},{"damage":37,"enemies":"Book of Stabbing","floor":23,"turns":5},{"damage":3,"enemies":"Chosen","floor":28,"turns":4},{"damage":28,"enemies":"Gremlin Leader","floor":29,"turns":3},{"damage":22,"enemies":"Shelled Parasite and Fungi","floor":31,"turns":4},{"damage":65,"enemies":"Automaton","floor":33,"turns":8}],"seed_played":"-8758305424801626981","potions_obtained":[{"floor":1,"key":"Explosive Potion"},{"floor":12,"key":"Fire Potion"},{"floor":23,"key":"Poison Potion"},{"floor":29,"key":"Regen Potion"},{"floor":31,"key":"SneckoOil"}],"is_trial":false,"path_per_floor":["M","M","$","?","$","R","M","E","T","E","R","?","?","T","R","B",null,"M","?","T","$","T","E","R","?","T","R","M","E","R","M","R","B"],"character_chosen":"THE_SILENT","items_purchased":["Noxious Fumes","Bouncing Flask","DollysMirror"],"campfire_rested":5,"item_purchase_floors":[3,21,21],"current_hp_per_floor":[62,62,62,62,62,62,55,30,30,12,33,21,21,21,57,45,64,49,49,49,49,49,12,48,48,48,70,67,39,70,60,60,0],"gold":186,"neow_bonus":"BOSS_RELIC","is_prod":false,"is_daily":false,"chose_seed":false,"campfire_upgraded":1,"win_rate":0,"timestamp":1560815798,"path_taken":["M","M","$","?","$","R","M","E","T","E","R","?","?","?","R","BOSS","M","?","?","$","?","E","R","?","T","R","M","E","R","M","R","BOSS"],"build_version":"2019-01-23","purchased_purges":1,"victory":false,"max_hp_per_floor":[70,70,70,70,70,70,70,70,70,70,70,70,70,70,70,70,70,70,70,70,70,70,70,70,70,70,70,70,70,70,70,70,70],"card_choices":[{"not_picked":["PiercingWail","Flechettes"],"picked":"Deadly Poison","floor":1},{"not_picked":["Sucker Punch","Masterful Stab"],"picked":"Deadly Poison","floor":2},{"not_picked":["Sucker Punch","Underhanded Strike","Choke"],"picked":"SKIP","floor":7},{"not_picked":["Backflip","Eviscerate"],"picked":"Poisoned Stab","floor":8},{"not_picked":["Flechettes","Sucker Punch","PiercingWail"],"picked":"SKIP","floor":10},{"not_picked":["Outmaneuver","Calculated Gamble"],"picked":"Escape Plan","floor":12},{"not_picked":["Storm of Steel","Bullet Time"],"picked":"Adrenaline","floor":16},{"not_picked":["Sucker Punch","Blade Dance"],"picked":"Bouncing Flask+1","floor":18},{"not_picked":["Storm of Steel","Accuracy"],"picked":"Bane","floor":23},{"not_picked":["Flying Knee","Deadly Poison"],"picked":"Quick Slash","floor":24},{"not_picked":["Riddle With Holes","Outmaneuver"],"picked":"Poisoned Stab+1","floor":28},{"not_picked":["Well Laid Plans+1","Backflip","Unload"],"picked":"SKIP","floor":29},{"not_picked":["Slice+1","Acrobatics+1"],"picked":"Caltrops","floor":30},{"not_picked":["Acrobatics","Slice+1","Cloak And Dagger"],"picked":"SKIP","floor":31}],"player_experience":464484,"relics_obtained":[{"floor":8,"key":"Oddly Smooth Stone"},{"floor":8,"key":"Lantern"},{"floor":9,"key":"PreservedInsect"},{"floor":10,"key":"WingedGreaves"},{"floor":10,"key":"Bag of Marbles"},{"floor":12,"key":"Regal Pillow"},{"floor":14,"key":"Centennial Puzzle"},{"floor":17,"key":"MawBank"},{"floor":17,"key":"Darkstone Periapt"},{"floor":17,"key":"Girya"},{"floor":20,"key":"Shuriken"},{"floor":22,"key":"Vajra"},{"floor":23,"key":"Tingsha"},{"floor":23,"key":"Dream Catcher"},{"floor":26,"key":"Gremlin Horn"},{"floor":29,"key":"Ornamental Fan"},{"floor":29,"key":"Kunai"}],"event_choices":[{"damage_healed":0,"gold_gain":0,"player_choice":"Grow","damage_taken":0,"max_hp_gain":0,"max_hp_loss":0,"event_name":"Living Wall","floor":4,"gold_loss":0,"cards_upgraded":["Noxious Fumes"]},{"damage_healed":0,"gold_gain":0,"player_choice":"Searched \u00271\u0027 times","damage_taken":0,"max_hp_gain":0,"max_hp_loss":0,"event_name":"Dead Adventurer","floor":12,"gold_loss":0},{"damage_healed":0,"gold_gain":0,"player_choice":"Fled","damage_taken":0,"max_hp_gain":0,"max_hp_loss":0,"event_name":"Scrap Ooze","floor":13,"gold_loss":0},{"damage_healed":0,"gold_gain":0,"player_choice":"Ignored","damage_taken":0,"max_hp_gain":0,"max_hp_loss":0,"event_name":"Cursed Tome","floor":19,"gold_loss":0},{"damage_healed":0,"gold_gain":0,"player_choice":"Simplicity","damage_taken":0,"max_hp_gain":0,"max_hp_loss":0,"event_name":"Back to Basics","floor":25,"gold_loss":0,"cards_upgraded":["Defend_G","Defend_G","Defend_G","Defend_G","Defend_G","Strike_G","Strike_G","Strike_G","Strike_G","Strike_G"]}],"is_beta":false,"boss_relics":[{"not_picked":["Coffee Dripper","Snecko Eye"],"picked":"Calling Bell"}],"items_purged_floors":[21],"is_endless":false,"potions_floor_spawned":[1,12,23,29,31],"killed_by":"Automaton","ascension_level":7}