{"gold_per_floor":[109,184,198,210,230,230,262,262,312,366,385,396,408,26,26,26],"floor_reached":16,"playtime":940,"items_purged":[],"score":125,"play_id":"aec80ba8-a088-4d70-97cf-8cc237003469","local_time":"20181031183951","is_ascension_mode":true,"campfire_choices":[{"data":"Bash","floor":6.0,"key":"SMITH"},{"floor":8.0,"key":"REST"},{"floor":15.0,"key":"REST"}],"neow_cost":"NONE","seed_source_timestamp":1041144511496522,"circlet_count":0,"master_deck":["Strike_R","Strike_R","Strike_R","Strike_R","Strike_R","Defend_R","Defend_R","Defend_R","Defend_R","Bash+1","Armaments","Thunderclap","Inflame","Pommel Strike","Spot Weakness","Fire Breathing","Entrench","Cleave","Sadistic Nature","Heavy Blade"],"special_seed":0,"relics":["Burning Blood","NeowsBlessing","Paper Frog","Dream Catcher","Ancient Tea Set","HandDrill"],"potions_floor_usage":[16,16,16],"damage_taken":[{"damage":0.0,"enemies":"Cultist","floor":1.0,"turns":1.0},{"damage":0.0,"enemies":"Jaw Worm","floor":3.0,"turns":1.0},{"damage":0.0,"enemies":"2 Louse","floor":4.0,"turns":1.0},{"damage":16.0,"enemies":"Lots of Slimes","floor":5.0,"turns":3.0},{"damage":35.0,"enemies":"3 Sentries","floor":7.0,"turns":8.0},{"damage":43.0,"enemies":"Gremlin Gang","floor":11.0,"turns":6.0},{"damage":4.0,"enemies":"Exordium Wildlife","floor":12.0,"turns":3.0},{"damage":11.0,"enemies":"Looter","floor":13.0,"turns":2.0},{"damage":52,"enemies":"Hexaghost","floor":16,"turns":9}],"seed_played":"6424275231559019309","potions_obtained":[{"floor":4.0,"key":"SteroidPotion"},{"floor":11.0,"key":"Block Potion"},{"floor":13.0,"key":"SkillPotion"}],"is_trial":false,"path_per_floor":["M","?","M","M","M","R","E","R","T","T","M","M","M","$","R"],"character_chosen":"IRONCLAD","items_purchased":["HandDrill","Cleave","Sadistic Nature"],"campfire_rested":2,"item_purchase_floors":[14,14,14],"current_hp_per_floor":[80,69,75,80,70,70,41,65,65,65,28,30,25,25,49,0],"gold":26,"neow_bonus":"THREE_ENEMY_KILL","is_prod":false,"is_daily":false,"chose_seed":false,"campfire_upgraded":1,"win_rate":0,"timestamp":1541011191,"path_taken":["M","?","?","?","M","R","E","R","T","?","M","M","?","$","R","BOSS"],"build_version":"2018-10-25v2","purchased_purges":0,"victory":false,"max_hp_per_floor":[80,80,80,80,80,80,80,80,80,80,80,80,80,80,80,80],"card_choices":[{"not_picked":["Havoc","Infernal Blade"],"picked":"Armaments","floor":1.0},{"not_picked":["Blood for Blood","Second Wind"],"picked":"Thunderclap","floor":3.0},{"not_picked":["Thunderclap","Clothesline"],"picked":"Inflame","floor":4.0},{"not_picked":["Thunderclap","Reckless Charge"],"picked":"Pommel Strike","floor":5.0},{"not_picked":["Thunderclap","Evolve"],"picked":"Spot Weakness","floor":7.0},{"not_picked":["Feel No Pain","Carnage"],"picked":"Fire Breathing","floor":11.0},{"not_picked":["Pummel","Armaments"],"picked":"Entrench","floor":12.0},{"not_picked":["Anger","Sever Soul","Seeing Red"],"picked":"SKIP","floor":13.0},{"not_picked":["Combust","Bloodletting"],"picked":"Heavy Blade","floor":15.0}],"player_experience":769288,"relics_obtained":[{"floor":7.0,"key":"Paper Frog"},{"floor":9.0,"key":"Dream Catcher"},{"floor":10.0,"key":"Ancient Tea Set"}],"event_choices":[{"damage_healed":0.0,"max_hp_gain":0.0,"max_hp_loss":0.0,"gold_gain":75.0,"event_name":"World of Goop","player_choice":"Gather Gold","floor":2.0,"gold_loss":0.0,"damage_taken":11.0}],"is_beta":false,"boss_relics":[],"items_purged_floors":[],"is_endless":false,"potions_floor_spawned":[3,4,11,13],"killed_by":"Hexaghost","ascension_level":4}