{"path_per_floor":["M","M","?","?","M","E","R","M","T","E","$","R","?","M","R","B",null,"M","M","M","$","?","R","E","?","T","R","M","E","$","?","R"],"character_chosen":"THE_SILENT","items_purchased":["Mind Blast","Dagger Throw","Bag of Marbles","Deadly Poison","Skewer"],"gold_per_floor":[110,126,126,126,144,179,179,198,225,280,75,75,40,55,55,159,159,173,185,200,29,29,29,58,58,58,58,71,102,20,20,20,20],"floor_reached":33,"campfire_rested":4,"playtime":2202,"item_purchase_floors":[11,11,21,21,30],"current_hp_per_floor":[69,68,68,68,68,56,70,67,74,41,41,64,77,67,67,33,77,69,59,53,53,77,77,57,57,57,77,76,30,30,30,53,0],"items_purged":["Strike_G"],"gold":20,"score":293,"play_id":"997e86ee-7a9c-482f-bf9a-84f0aed868a7","local_time":"20180528185747","is_prod":false,"is_daily":false,"chose_seed":false,"is_ascension_mode":false,"campfire_upgraded":2,"win_rate":0,"timestamp":1527530267,"campfire_choices":[{"floor":7,"key":"REST"},{"floor":12,"key":"REST"},{"data":"Mind Blast","floor":15,"key":"SMITH"},{"data":"Envenom","floor":23,"key":"SMITH"},{"floor":27,"key":"REST"},{"floor":32,"key":"REST"}],"path_taken":["M","M","?","?","M","E","R","?","T","E","$","R","?","M","R","BOSS","M","M","?","$","?","R","E","?","T","R","M","E","$","?","R","BOSS"],"build_version":"2018-05-24","seed_source_timestamp":11454736949020,"purchased_purges":1,"victory":false,"master_deck":["Defend_G","Defend_G+1","Defend_G","Defend_G","Defend_G","Strike_G","Strike_G","Strike_G","Survivor+1","Neutralize","Backstab","Noxious Fumes","Bane","Prepared","Flying Knee","Caltrops","Poisoned Stab","Mind Blast+1","Dagger Throw","Dodge and Roll","Envenom+1","All Out Attack","Footwork","Deadly Poison+1","Deflect","Backstab","Skewer+1"],"max_hp_per_floor":[70,70,70,70,70,70,70,70,77,77,77,77,77,77,77,77,77,77,77,77,77,77,77,77,77,77,77,77,77,77,77,77,77],"relics":["Ring of the Snake","Happy Flower","Strawberry","Tiny Chest","Sozu","Bag of Marbles","War Paint","Tingsha","Du-Vu Doll"],"card_choices":[{"not_picked":["Flechettes","PiercingWail"],"picked":"Backstab","floor":1},{"not_picked":["Dodge and Roll","Dagger Spray"],"picked":"Noxious Fumes","floor":2},{"not_picked":["Riddle With Holes","Calculated Gamble"],"picked":"Prepared","floor":5},{"not_picked":["Noxious Fumes","Bane"],"picked":"Flying Knee","floor":6},{"not_picked":["Quick Slash","Deflect"],"picked":"Caltrops","floor":8},{"not_picked":["Dagger Throw","Slice"],"picked":"Poisoned Stab","floor":10},{"not_picked":["Bouncing Flask","Caltrops"],"picked":"Dodge and Roll","floor":14},{"not_picked":["After Image","Tactician"],"picked":"Envenom","floor":16},{"not_picked":["Flechettes","Flying Knee"],"picked":"All Out Attack","floor":18},{"not_picked":["Sucker Punch","Eviscerate"],"picked":"Predator+1","floor":19},{"not_picked":["Cloak And Dagger","Poisoned Stab"],"picked":"Footwork","floor":20},{"not_picked":["Eviscerate","Poisoned Stab"],"picked":"Deflect","floor":24},{"not_picked":["Backflip","Bouncing Flask+1"],"picked":"Backstab","floor":28},{"not_picked":["Acrobatics","Malaise+1","Riddle With Holes"],"picked":"SKIP","floor":29}],"player_experience":225167,"potions_floor_usage":[6,10,18],"damage_taken":[{"damage":1,"enemies":"Jaw Worm","floor":1,"turns":7},{"damage":1,"enemies":"Cultist","floor":2,"turns":3},{"damage":0,"enemies":"Small Slimes","floor":5,"turns":3},{"damage":12,"enemies":"Lagavulin","floor":6,"turns":7},{"damage":3,"enemies":"Exordium Wildlife","floor":8,"turns":3},{"damage":33,"enemies":"Gremlin Nob","floor":10,"turns":4},{"damage":10,"enemies":"2 Fungi Beasts","floor":14,"turns":3},{"damage":34,"enemies":"The Guardian","floor":16,"turns":11},{"damage":8,"enemies":"Chosen","floor":18,"turns":3},{"damage":10,"enemies":"2 Thieves","floor":19,"turns":4},{"damage":6,"enemies":"Snecko","floor":20,"turns":4},{"damage":20,"enemies":"Book of Stabbing","floor":24,"turns":5},{"damage":1,"enemies":"Chosen and Byrds","floor":28,"turns":4},{"damage":46,"enemies":"Gremlin Leader","floor":29,"turns":5},{"damage":63,"enemies":"Champ","floor":33,"turns":10}],"relics_obtained":[{"floor":6,"key":"Happy Flower"},{"floor":9,"key":"Strawberry"},{"floor":10,"key":"Tiny Chest"},{"floor":24,"key":"War Paint"},{"floor":26,"key":"Tingsha"},{"floor":29,"key":"Du-Vu Doll"}],"event_choices":[{"event_name":"Transmorgrifier","player_choice":"Transform","floor":3,"damage_taken":0},{"event_name":"Liars Game","player_choice":"disagreed","floor":4,"damage_taken":0},{"event_name":"The Cleric","player_choice":"Healed","floor":13,"damage_taken":0},{"event_name":"Bonfire Elementals","player_choice":"UNCOMMON","floor":22,"damage_taken":0},{"event_name":"Drug Dealer","player_choice":"Ignored","floor":25,"damage_taken":0},{"event_name":"Upgrade Shrine","player_choice":"Upgraded","floor":31,"damage_taken":0}],"boss_relics":[{"not_picked":["Cursed Key","Lizard Tail"],"picked":"Sozu"}],"items_purged_floors":[11],"potions_floor_spawned":[1,6,14,16,19,28,29],"seed_played":"7427464932942711133","killed_by":"Champ","ascension_level":0,"potions_obtained":[{"floor":1,"key":"FearPotion"},{"floor":6,"key":"Poison Potion"},{"floor":14,"key":"Fire Potion"},{"floor":16,"key":"GamblersBrew"}],"is_trial":false}