{"gold_per_floor":[119,119,134,234,248,248,264,264,264,276,276,31,42,59,59,163,163,183,183,183,202,21,21,32,61,114,126,126,143,162,180,180,180],"floor_reached":33,"playtime":2989,"items_purged":["Strike_R","Strike_R+1"],"score":263,"play_id":"308e7879-bcbf-4f96-9666-ba7f1de42d1c","local_time":"20180713160434","is_ascension_mode":false,"campfire_choices":[{"data":"Infernal Blade","floor":6,"key":"SMITH"},{"data":"Armaments","floor":8,"key":"SMITH"},{"data":"1","floor":11,"key":"LIFT"},{"data":"2","floor":15,"key":"LIFT"},{"data":"Double Tap","floor":23,"key":"SMITH"},{"floor":32,"key":"REST"}],"neow_cost":"","seed_source_timestamp":236875213987980,"circlet_count":0,"master_deck":["Strike_R+1","Strike_R+1","Defend_R+1","Defend_R+1","Defend_R+1","Defend_R+1","Bash","Clash","Clash","Infernal Blade+1","Armaments+1","Blind","Inflame","Thunderclap","Double Tap+1","Whirlwind","Pommel Strike"],"relics":["Burning Blood","Girya","Eternal Feather","Ice Cream","Centennial Puzzle"],"potions_floor_usage":[21,25,27,33,33],"damage_taken":[{"damage":1,"enemies":"2 Louse","floor":1,"turns":4},{"damage":0,"enemies":"Small Slimes","floor":3,"turns":3},{"damage":0,"enemies":"Cultist","floor":5,"turns":2},{"damage":17,"enemies":"Large Slime","floor":7,"turns":5},{"damage":5,"enemies":"Exordium Thugs","floor":10,"turns":3},{"damage":0,"enemies":"2 Fungi Beasts","floor":13,"turns":3},{"damage":0,"enemies":"Large Slime","floor":14,"turns":4},{"damage":12,"enemies":"Slime Boss","floor":16,"turns":7},{"damage":5,"enemies":"Shell Parasite","floor":18,"turns":3},{"damage":14,"enemies":"3 Byrds","floor":21,"turns":7},{"damage":1,"enemies":"3 Cultists","floor":24,"turns":3},{"damage":38,"enemies":"Book of Stabbing","floor":25,"turns":6},{"damage":5,"enemies":"Slaver and Parasite","floor":27,"turns":5},{"damage":11,"enemies":"Snecko","floor":29,"turns":3},{"damage":9,"enemies":"Snake Plant","floor":30,"turns":3},{"damage":0,"enemies":"3 Cultists","floor":31,"turns":4},{"damage":85,"enemies":"Collector","floor":33,"turns":8}],"seed_played":"-7546973488546728474","potions_obtained":[{"floor":10,"key":"GamblersBrew"},{"floor":13,"key":"EssenceOfSteel"},{"floor":14,"key":"PowerPotion"},{"floor":25,"key":"Energy Potion"},{"floor":27,"key":"LiquidBronze"},{"floor":31,"key":"FearPotion"}],"is_trial":false,"path_per_floor":["M","?","M","?","M","R","M","R","T","M","R","$","M","M","R","B",null,"M","?","?","M","$","R","M","E","T","M","?","M","M","M","R"],"character_chosen":"IRONCLAD","items_purchased":["Blind","Inflame","Whirlwind"],"campfire_rested":1,"item_purchase_floors":[12,12,22],"current_hp_per_floor":[80,80,80,80,80,80,76,76,76,77,77,77,80,80,80,74,80,80,80,80,72,72,78,80,48,48,49,49,44,41,47,77,0],"gold":180,"neow_bonus":"","is_prod":false,"is_daily":false,"chose_seed":false,"campfire_upgraded":3,"win_rate":0,"timestamp":1531494274,"path_taken":["M","?","M","?","M","R","M","R","T","M","R","$","M","M","R","BOSS","M","?","?","?","$","R","M","E","T","M","?","?","M","M","R","BOSS"],"build_version":"2018-07-12","purchased_purges":2,"victory":false,"max_hp_per_floor":[80,80,80,80,80,80,80,80,80,80,80,80,80,80,80,80,80,80,80,80,80,80,80,80,80,80,80,80,80,80,80,80,80],"card_choices":[{"not_picked":["Flex","Heavy Blade"],"picked":"Clash","floor":1},{"not_picked":["Sentinel","Wild Strike"],"picked":"Clash","floor":3},{"not_picked":["Twin Strike","Battle Trance"],"picked":"Infernal Blade","floor":5},{"not_picked":["Clash","Warcry"],"picked":"Armaments","floor":7},{"not_picked":["Burning Pact","Wild Strike","Body Slam"],"picked":"SKIP","floor":10},{"not_picked":["Hemokinesis","Body Slam"],"picked":"Thunderclap","floor":13},{"not_picked":["Fire Breathing","Disarm"],"picked":"Double Tap","floor":14},{"not_picked":["Flex+1","Perfected Strike","Blood for Blood"],"picked":"SKIP","floor":18},{"not_picked":["Battle Trance+1","Flex+1","Clothesline"],"picked":"SKIP","floor":21},{"not_picked":["Cleave","Berserk","Wild Strike"],"picked":"SKIP","floor":24},{"not_picked":["Anger+1","Thunderclap+1"],"picked":"Pommel Strike","floor":25},{"not_picked":["Warcry","Rupture","Battle Trance"],"picked":"SKIP","floor":27},{"not_picked":["Anger+1","Sever Soul","Flex+1"],"picked":"SKIP","floor":29},{"not_picked":["Sever Soul","Reckless Charge","Havoc"],"picked":"SKIP","floor":30},{"not_picked":["Thunderclap","Clothesline","Perfected Strike"],"picked":"SKIP","floor":31}],"player_experience":305011,"relics_obtained":[{"floor":9,"key":"Girya"},{"floor":25,"key":"Ice Cream"},{"floor":26,"key":"Centennial Puzzle"}],"event_choices":[{"event_name":"Living Wall","player_choice":"Forget","floor":2,"damage_taken":0},{"event_name":"Golden Shrine","player_choice":"Pray","floor":4,"damage_taken":0},{"event_name":"Ghosts","player_choice":"Ignored","floor":19,"damage_taken":0},{"event_name":"Back to Basics","player_choice":"Simplicity","floor":20,"damage_taken":0},{"event_name":"Drug Dealer","player_choice":"Ignored","floor":28,"damage_taken":0}],"boss_relics":[{"not_picked":["Astrolabe","Mark of Pain"],"picked":"Eternal Feather"}],"items_purged_floors":[12,22],"is_endless":false,"potions_floor_spawned":[10,13,14,25,27,31],"killed_by":"Collector","ascension_level":0}