{"gold_per_floor":[113,128,128,128,148,192,192,267,267,285,11,36,36,50,50,50],"floor_reached":16,"playtime":487,"items_purged":["Strike_R"],"score":204,"play_id":"d73d9210-c8e7-4b08-a01f-a6e7b6b14a8e","local_time":"20190801010906","is_ascension_mode":true,"campfire_choices":[{"floor":7.0,"key":"REST"},{"floor":15.0,"key":"REST"}],"neow_cost":"NONE","seed_source_timestamp":0,"circlet_count":0,"master_deck":["AscendersBane","Strike_R","Strike_R","Strike_R","Strike_R","Defend_R","Defend_R","Defend_R","Defend_R","Bash+1","Heavy Blade","Cleave","Thunderclap","Flex","Flex"],"special_seed":0,"relics":["Burning Blood","Golden Idol","Paper Frog","Omamori","Vajra"],"potions_floor_usage":[16],"damage_taken":[{"damage":2.0,"enemies":"2 Louse","floor":1.0,"turns":3.0},{"damage":2.0,"enemies":"Cultist","floor":2.0,"turns":4.0},{"damage":20.0,"enemies":"Small Slimes","floor":5.0,"turns":4.0},{"damage":30.0,"enemies":"Lagavulin","floor":6.0,"turns":5.0},{"damage":15.0,"enemies":"Exordium Wildlife","floor":10.0,"turns":3.0},{"damage":11.0,"enemies":"Blue Slaver","floor":12.0,"turns":4.0},{"damage":6.0,"enemies":"3 Louse","floor":14.0,"turns":3.0},{"damage":66,"enemies":"Slime Boss","floor":16,"turns":6}],"seed_played":"3839145216317936581","potions_obtained":[{"floor":5.0,"key":"Energy Potion"},{"floor":6.0,"key":"LiquidBronze"}],"is_trial":false,"path_per_floor":["M","M","?","?","M","E","R","?","T","M","$","M","?","M","R","B"],"character_chosen":"IRONCLAD","items_purchased":["Thunderclap","Vajra"],"campfire_rested":2,"item_purchase_floors":[11,11],"current_hp_per_floor":[72,75,49,49,35,11,33,22,22,13,13,8,8,8,30,0],"gold":50,"neow_bonus":"THREE_CARDS","is_prod":false,"is_daily":false,"chose_seed":false,"campfire_upgraded":0,"win_rate":0,"timestamp":1564646946,"path_taken":["M","M","?","?","?","E","R","?","T","M","$","M","?","M","R","BOSS"],"build_version":"2019-07-17","purchased_purges":1,"victory":false,"max_hp_per_floor":[75,75,75,75,75,75,75,75,75,75,75,75,75,75,75,75],"card_choices":[{"not_picked":["Armaments","Shrug It Off"],"picked":"Heavy Blade","floor":0.0},{"not_picked":["Havoc","Iron Wave","Feel No Pain"],"picked":"SKIP","floor":1.0},{"not_picked":["Shrug It Off","Clothesline","Pommel Strike"],"picked":"SKIP","floor":2.0},{"not_picked":["Clash","Twin Strike"],"picked":"Cleave","floor":5.0},{"not_picked":["Armaments","Carnage","Rupture"],"picked":"SKIP","floor":6.0},{"not_picked":["Clothesline","Rupture","Body Slam"],"picked":"SKIP","floor":10.0},{"not_picked":["True Grit","Shrug It Off"],"picked":"Flex","floor":12.0},{"not_picked":["Disarm","True Grit"],"picked":"Flex","floor":14.0}],"player_experience":492759,"relics_obtained":[{"floor":6.0,"key":"Paper Frog"},{"floor":9.0,"key":"Omamori"}],"event_choices":[{"damage_healed":0.0,"max_hp_gain":0.0,"max_hp_loss":0.0,"gold_gain":0.0,"event_name":"Golden Idol","player_choice":"Take Damage","floor":3.0,"gold_loss":0.0,"damage_taken":26.0,"relics_obtained":["Golden Idol"]},{"damage_healed":0.0,"max_hp_gain":0.0,"max_hp_loss":0.0,"gold_gain":0.0,"event_name":"Upgrade Shrine","player_choice":"Upgraded","floor":4.0,"gold_loss":0.0,"damage_taken":0.0,"cards_upgraded":["Bash"]},{"damage_healed":0.0,"max_hp_gain":0.0,"max_hp_loss":0.0,"gold_gain":75.0,"event_name":"World of Goop","player_choice":"Gather Gold","floor":8.0,"gold_loss":0.0,"damage_taken":11.0},{"damage_healed":0.0,"max_hp_gain":0.0,"max_hp_loss":0.0,"gold_gain":0.0,"event_name":"Dead Adventurer","player_choice":"Searched \u00270\u0027 times","floor":13.0,"gold_loss":0.0,"damage_taken":0.0}],"is_beta":false,"boss_relics":[],"items_purged_floors":[11],"is_endless":false,"potions_floor_spawned":[5,6],"killed_by":"Slime Boss","ascension_level":20}