{"gold_per_floor":[111,111,32,43,8,40,40,66,136,156,156,156,331,342,342,443,443,454,454,488,498,498,498,517,543,543,543,278,95,111,111,111,111],"floor_reached":33,"playtime":2288,"items_purged":[],"score":380,"play_id":"44030c81-43f4-48bc-b138-d5f74d088c53","local_time":"20180809234430","is_ascension_mode":true,"campfire_choices":[{"data":"Neutralize","floor":7,"key":"SMITH"},{"data":"Mind Blast","floor":12,"key":"SMITH"},{"data":"Blur","floor":15,"key":"SMITH"},{"floor":23,"key":"REST"},{"floor":27,"key":"REST"},{"data":"Apotheosis","floor":32,"key":"SMITH"}],"neow_cost":"NONE","seed_source_timestamp":545779397068127,"circlet_count":0,"master_deck":["Defend_G+1","Defend_G+1","Defend_G+1","Defend_G+1","Defend_G+1","Survivor","Neutralize+1","Backstab","Noxious Fumes","Backstab","Infinite Blades","Blur+1","Dagger Spray","Neutralize","Mind Blast+1","Doubt","Terror","Malaise","Quick Slash","Cloak And Dagger+1","Prepared","Bite","Bite","Bite","Bite","Bite","PiercingWail","Accuracy","Noxious Fumes+1","Apotheosis+1","Accuracy+1","Dash"],"relics":["Ring of the Snake","NeowsBlessing","Happy Flower","Juzu Bracelet","Pear","Sozu","Red Mask","Bronze Scales","Frozen Egg 2","Snake Skull"],"potions_floor_usage":[8,14,14,16],"damage_taken":[{"damage":0,"enemies":"Jaw Worm","floor":1,"turns":1},{"damage":0,"enemies":"Small Slimes","floor":4,"turns":1},{"damage":0,"enemies":"Lagavulin","floor":6,"turns":1},{"damage":7,"enemies":"3 Sentries","floor":8,"turns":7},{"damage":0,"enemies":"Cultist","floor":10,"turns":3},{"damage":13,"enemies":"Exordium Thugs","floor":14,"turns":5},{"damage":58,"enemies":"Slime Boss","floor":16,"turns":11},{"damage":14,"enemies":"3 Byrds","floor":18,"turns":5},{"damage":14,"floor":20,"turns":4},{"damage":0,"enemies":"Spheric Guardian","floor":21,"turns":4},{"damage":4,"enemies":"Snecko","floor":24,"turns":6},{"damage":25,"enemies":"Slavers","floor":25,"turns":7},{"damage":14,"enemies":"3 Cultists","floor":30,"turns":5},{"damage":71,"enemies":"Champ","floor":33,"turns":9}],"seed_played":"173297736988581350","potions_obtained":[{"floor":1,"key":"EssenceOfSteel"},{"floor":6,"key":"Fire Potion"},{"floor":8,"key":"SkillPotion"},{"floor":10,"key":"PowerPotion"}],"is_trial":false,"path_per_floor":["M","?","$","M","$","E","R","E","T","M","?","R","?","M","R","B",null,"M","?","?","M","?","R","M","E","T","R","$","$","M","?","R"],"character_chosen":"THE_SILENT","items_purchased":["Noxious Fumes","Infinite Blades","Noxious Fumes+1","Apotheosis","Snake Skull","Accuracy+1"],"campfire_rested":2,"item_purchase_floors":[3,5,28,28,29,29],"current_hp_per_floor":[70,70,70,70,70,70,70,63,73,73,73,73,73,60,60,2,80,66,66,52,52,52,56,56,38,38,54,54,54,45,45,45,0],"gold":111,"neow_bonus":"THREE_ENEMY_KILL","is_prod":false,"is_daily":false,"chose_seed":false,"campfire_upgraded":4,"win_rate":0,"timestamp":1533854670,"path_taken":["M","?","?","M","$","E","R","E","T","M","?","R","?","M","R","BOSS","M","?","?","M","?","R","M","E","T","R","?","$","M","?","R","BOSS"],"build_version":"2018-08-02","purchased_purges":0,"victory":false,"max_hp_per_floor":[70,70,70,70,70,70,70,70,80,80,80,80,80,80,80,80,80,80,80,80,80,56,56,56,56,56,56,56,56,56,56,56,56],"card_choices":[{"not_picked":["Acrobatics","Flying Knee"],"picked":"Backstab","floor":1},{"not_picked":["Caltrops","Prepared"],"picked":"Backstab","floor":4},{"not_picked":["Doppelganger","Reflex","Underhanded Strike"],"picked":"SKIP","floor":6},{"not_picked":["Choke","Dagger Throw"],"picked":"Blur","floor":8},{"not_picked":["Heel Hook","Outmaneuver"],"picked":"Dagger Spray","floor":10},{"not_picked":["Crippling Poison","Acrobatics"],"picked":"Terror","floor":14},{"not_picked":["Venomology","Grand Finale"],"picked":"Malaise","floor":16},{"not_picked":["Bouncing Flask","Dodge and Roll"],"picked":"Quick Slash","floor":18},{"not_picked":["Backflip","Terror"],"picked":"Cloak And Dagger+1","floor":20},{"not_picked":["Flechettes+1","Sucker Punch"],"picked":"Prepared","floor":21},{"not_picked":["Flying Knee","Acrobatics"],"picked":"PiercingWail","floor":24},{"not_picked":["Skewer","Blade Dance"],"picked":"Accuracy","floor":25},{"not_picked":["Die Die Die","Underhanded Strike"],"picked":"Dash","floor":30}],"player_experience":625900,"relics_obtained":[{"floor":6,"key":"Happy Flower"},{"floor":8,"key":"Juzu Bracelet"},{"floor":9,"key":"Pear"},{"floor":20,"key":"Red Mask"},{"floor":25,"key":"Bronze Scales"},{"floor":26,"key":"Frozen Egg 2"}],"event_choices":[{"event_name":"Shining Light","player_choice":"Ignored","floor":2,"damage_taken":0},{"event_name":"Match and Keep!","player_choice":"2 cards matched","floor":11,"damage_taken":0},{"event_name":"Liars Game","player_choice":"agreed","floor":13,"damage_taken":0},{"event_name":"Back to Basics","player_choice":"Simplicity","floor":19,"damage_taken":0},{"event_name":"Masked Bandits","player_choice":"Fought over 454 gold","floor":20,"damage_taken":0},{"event_name":"Vampires","player_choice":"Became a vampire","floor":22,"damage_taken":0},{"event_name":"Drug Dealer","player_choice":"Ignored","floor":31,"damage_taken":0}],"is_beta":false,"boss_relics":[{"not_picked":["Lizard Tail","Cursed Key"],"picked":"Sozu"}],"items_purged_floors":[],"is_endless":false,"potions_floor_spawned":[1,6,8,10,20],"killed_by":"Champ","ascension_level":4}