{"gold_per_floor":[217,230,240,291,59,59,75,99,123,123,123,137,137,151,151,254,254,264,264,264,282,302,329,329,348,374,130,162,162,194,194,194,194],"floor_reached":33,"playtime":4177,"items_purged":["Strike_R","Strike_R"],"score":320,"play_id":"ced942e3-e10a-46e6-a68a-a8e771873469","local_time":"20180716121022","is_ascension_mode":false,"campfire_choices":[{"data":"Shrug It Off","floor":6,"key":"SMITH"},{"data":"Armaments","floor":10,"key":"SMITH"},{"data":"Rampage","floor":13,"key":"SMITH"},{"data":"Searing Blow","floor":15,"key":"SMITH"},{"floor":24,"key":"REST"},{"floor":29,"key":"REST"},{"floor":32,"key":"REST"}],"neow_cost":"NONE","seed_source_timestamp":480908531156998,"circlet_count":0,"master_deck":["Strike_R","Strike_R+1","Strike_R","Defend_R","Defend_R+1","Defend_R","Defend_R","Bash","Pommel Strike","Shrug It Off+1","Clash+1","Rampage+1","Armaments+1","Searing Blow+1","Double Tap","Shrug It Off+1","Cleave","Inflame+1","Rage+1","Intimidate+1","Sever Soul"],"relics":["Burning Blood","Bronze Scales","Odd Mushroom","Red Skull","Black Star","Nilry\u0027s Codex","Bag of Preparation","War Paint","Whetstone","Juzu Bracelet","Regal Pillow","Strawberry","Anchor","Potion Belt","Art of War","Centennial Puzzle"],"potions_floor_usage":[16,22,23,28,33],"damage_taken":[{"damage":5,"enemies":"Small Slimes","floor":1,"turns":5},{"damage":11,"enemies":"2 Louse","floor":2,"turns":3},{"damage":2,"enemies":"Jaw Worm","floor":3,"turns":4},{"damage":3,"enemies":"Exordium Wildlife","floor":7,"turns":4},{"damage":2,"floor":8,"turns":4},{"damage":0,"enemies":"Looter","floor":12,"turns":3},{"damage":3,"enemies":"Red Slaver","floor":14,"turns":3},{"damage":52,"enemies":"Hexaghost","floor":16,"turns":8},{"damage":10,"enemies":"Spheric Guardian","floor":18,"turns":4},{"damage":7,"enemies":"Chosen","floor":21,"turns":7},{"damage":6,"enemies":"Centurion and Healer","floor":22,"turns":6},{"damage":33,"enemies":"Book of Stabbing","floor":23,"turns":6},{"damage":0,"enemies":"Snecko","floor":25,"turns":4},{"damage":43,"enemies":"Slavers","floor":28,"turns":7},{"damage":63,"enemies":"Gremlin Leader","floor":30,"turns":9},{"damage":78,"enemies":"Automaton","floor":33,"turns":10}],"seed_played":"5283724088566174972","potions_obtained":[{"floor":7,"key":"Weak Potion"},{"floor":8,"key":"Swift Potion"},{"floor":12,"key":"Block Potion"},{"floor":14,"key":"Fruit Juice"},{"floor":18,"key":"Energy Potion"},{"floor":23,"key":"Block Potion"}],"is_trial":false,"path_per_floor":["M","M","M","?","$","R","M","?","T","R","?","M","R","M","R","B",null,"M","?","T","M","M","E","R","M","T","$","E","R","E","?","R"],"character_chosen":"IRONCLAD","items_purchased":["Bronze Scales","Regal Pillow"],"campfire_rested":3,"item_purchase_floors":[5,27],"current_hp_per_floor":[80,75,79,79,79,79,80,80,80,80,80,80,80,80,80,39,85,81,65,65,64,64,37,62,68,68,68,41,84,27,27,70,0],"gold":194,"neow_bonus":"HUNDRED_GOLD","is_prod":false,"is_daily":false,"chose_seed":false,"campfire_upgraded":4,"win_rate":0,"timestamp":1531739422,"path_taken":["M","M","M","?","$","R","M","?","T","R","?","?","R","M","R","BOSS","M","?","?","M","M","E","R","M","T","$","E","R","E","?","R","BOSS"],"build_version":"2018-07-12","purchased_purges":2,"victory":false,"max_hp_per_floor":[80,80,80,80,80,80,80,80,80,80,80,80,80,80,80,85,85,85,85,85,85,85,85,85,85,85,85,95,95,95,95,95,95],"card_choices":[{"not_picked":["Havoc","Hemokinesis"],"picked":"Pommel Strike","floor":1},{"not_picked":["Thunderclap","Flex"],"picked":"Shrug It Off","floor":2},{"not_picked":["Blood for Blood","Cleave"],"picked":"Clash","floor":3},{"not_picked":["Corruption","Pommel Strike"],"picked":"Rampage","floor":7},{"not_picked":["Clash","Heavy Blade"],"picked":"Armaments","floor":8},{"not_picked":["Twin Strike","True Grit"],"picked":"Searing Blow","floor":12},{"not_picked":["True Grit","Searing Blow","Entrench"],"picked":"SKIP","floor":14},{"not_picked":["Feed","Fiend Fire"],"picked":"Double Tap","floor":16},{"not_picked":["Armaments+1","Second Wind"],"picked":"Shrug It Off","floor":18},{"not_picked":["Iron Wave","Fire Breathing+1"],"picked":"Cleave","floor":21},{"not_picked":["Intimidate+1","Sword Boomerang"],"picked":"Inflame+1","floor":22},{"not_picked":["Armaments","Iron Wave","Brutality"],"picked":"SKIP","floor":23},{"not_picked":["Heavy Blade+1","Reckless Charge"],"picked":"Rage+1","floor":25},{"not_picked":["Twin Strike+1","Clothesline"],"picked":"Intimidate+1","floor":28},{"not_picked":["Sever Soul","Pommel Strike","Headbutt"],"picked":"SKIP","floor":30},{"not_picked":["Pommel Strike","Headbutt"],"picked":"Sever Soul","floor":30}],"player_experience":341861,"relics_obtained":[{"floor":8,"key":"Odd Mushroom"},{"floor":9,"key":"Red Skull"},{"floor":19,"key":"Nilry\u0027s Codex"},{"floor":20,"key":"Bag of Preparation"},{"floor":23,"key":"War Paint"},{"floor":23,"key":"Whetstone"},{"floor":26,"key":"Juzu Bracelet"},{"floor":28,"key":"Strawberry"},{"floor":28,"key":"Anchor"},{"floor":30,"key":"Potion Belt"},{"floor":30,"key":"Art of War"}],"event_choices":[{"event_name":"Golden Wing","player_choice":"Gained Gold","floor":4,"damage_taken":0},{"event_name":"Mushrooms","player_choice":"Fought Mushrooms","floor":8,"damage_taken":0},{"event_name":"Golden Idol","player_choice":"Ignored","floor":11,"damage_taken":0},{"event_name":"Cursed Tome","player_choice":"Obtained Book","floor":19,"damage_taken":0},{"event_name":"The Mausoleum","player_choice":"Yes","floor":31,"damage_taken":0}],"boss_relics":[{"not_picked":["Empty Cage","Calling Bell"],"picked":"Black Star"}],"items_purged_floors":[5,27],"is_endless":false,"potions_floor_spawned":[7,8,12,14,18,23],"killed_by":"Automaton","ascension_level":0}