{"gold_per_floor":[111,130,150,51,51,51,51,51,51,66,79,95,170,170,170,170],"floor_reached":16,"playtime":374,"items_purged":["Defend_R"],"score":175,"play_id":"6f6ef46e-c291-40e7-92ed-0df510a95e76","local_time":"20190603110404","is_ascension_mode":true,"campfire_choices":[{"data":"True Grit","floor":6,"key":"SMITH"},{"data":"Entrench","floor":8,"key":"SMITH"},{"data":"Body Slam","floor":15,"key":"SMITH"}],"neow_cost":"NONE","seed_source_timestamp":1493743422100,"circlet_count":0,"master_deck":["AscendersBane","Strike_R","Strike_R","Strike_R","Strike_R","Strike_R","Defend_R","Defend_R","Defend_R","Bash","Power Through","Flex","Entrench+1","True Grit+1","Flex","Body Slam+1"],"relics":["Burning Blood","NeowsBlessing","NlothsMask","Golden Idol"],"potions_floor_usage":[10,12,16],"damage_taken":[{"damage":0,"enemies":"Cultist","floor":1,"turns":1},{"damage":0,"enemies":"2 Louse","floor":2,"turns":1},{"damage":0,"enemies":"Small Slimes","floor":3,"turns":1},{"damage":5,"enemies":"Exordium Wildlife","floor":10,"turns":5},{"damage":6,"enemies":"Blue Slaver","floor":11,"turns":5},{"damage":10,"enemies":"Lots of Slimes","floor":12,"turns":6},{"damage":61,"enemies":"Hexaghost","floor":16,"turns":10}],"seed_played":"1947055308391500376","potions_obtained":[{"floor":1,"key":"FearPotion"},{"floor":3,"key":"GamblersBrew"},{"floor":11,"key":"SkillPotion"}],"is_trial":false,"path_per_floor":["M","M","M","$","?","R","$","R","T","M","M","M","?","?","R","B"],"character_chosen":"IRONCLAD","items_purchased":["True Grit"],"campfire_rested":0,"item_purchase_floors":[4],"current_hp_per_floor":[74,75,75,75,75,75,75,75,75,75,75,71,60,60,60,0],"gold":170,"neow_bonus":"THREE_ENEMY_KILL","is_prod":false,"is_daily":false,"chose_seed":false,"campfire_upgraded":3,"win_rate":0,"timestamp":1559585044,"path_taken":["M","M","M","$","?","R","?","R","T","M","M","?","?","?","R","BOSS"],"build_version":"2019-01-23","purchased_purges":1,"victory":false,"max_hp_per_floor":[75,75,75,75,75,75,75,75,75,75,75,75,75,68,68,68],"card_choices":[{"not_picked":["Pommel Strike","Twin Strike"],"picked":"Power Through","floor":1},{"not_picked":["Carnage","Burning Pact"],"picked":"Flex","floor":2},{"not_picked":["Warcry","Sentinel"],"picked":"Entrench","floor":3},{"not_picked":["Rupture","Twin Strike","Bloodletting"],"picked":"SKIP","floor":10},{"not_picked":["Anger","Rage"],"picked":"Flex","floor":11},{"not_picked":["Twin Strike","Armaments"],"picked":"Body Slam","floor":12}],"player_experience":429797,"relics_obtained":[],"event_choices":[{"damage_healed":0,"gold_gain":0,"player_choice":"Trade","damage_taken":0,"relics_obtained":["NlothsMask"],"max_hp_gain":0,"max_hp_loss":0,"event_name":"FaceTrader","floor":5,"gold_loss":0},{"damage_healed":0,"gold_gain":75,"player_choice":"Gather Gold","damage_taken":11,"max_hp_gain":0,"max_hp_loss":0,"event_name":"World of Goop","floor":13,"gold_loss":0},{"damage_healed":0,"gold_gain":0,"player_choice":"Lose Max HP","damage_taken":0,"relics_obtained":["Golden Idol"],"max_hp_gain":0,"max_hp_loss":7,"event_name":"Golden Idol","floor":14,"gold_loss":0}],"is_beta":false,"boss_relics":[],"items_purged_floors":[4],"is_endless":false,"potions_floor_spawned":[1,3,11],"killed_by":"Hexaghost","ascension_level":18}