{"gold_per_floor":[112,112,132,146,296,27,27,38,88,88,88,103,138,158,158,158],"floor_reached":16,"playtime":521,"items_purged":[],"score":179,"play_id":"de5c568d-7a82-46e1-a2b0-41d782ce7bea","local_time":"20190510213225","is_ascension_mode":true,"campfire_choices":[{"data":"Heavy Blade","floor":10.0,"key":"SMITH"},{"floor":15.0,"key":"REST"}],"neow_cost":"NONE","seed_source_timestamp":0,"circlet_count":0,"master_deck":["AscendersBane","Strike_R","Strike_R","Strike_R","Strike_R","Strike_R","Defend_R","Defend_R","Defend_R","Defend_R","Bash","Thunderclap+1","Battle Trance","Doubt","Heavy Blade+1"],"special_seed":0,"relics":["Burning Blood","NeowsBlessing","Paper Frog","Bronze Scales","Orichalcum"],"potions_floor_usage":[],"damage_taken":[{"damage":0.0,"enemies":"Jaw Worm","floor":1.0,"turns":1.0},{"damage":0.0,"enemies":"Small Slimes","floor":3.0,"turns":1.0},{"damage":0.0,"enemies":"Cultist","floor":4.0,"turns":1.0},{"damage":6.0,"enemies":"Large Slime","floor":8.0,"turns":6.0},{"damage":18.0,"enemies":"Red Slaver","floor":12.0,"turns":3.0},{"damage":45.0,"enemies":"3 Sentries","floor":13.0,"turns":7.0},{"damage":10.0,"enemies":"Blue Slaver","floor":14.0,"turns":3.0},{"damage":54,"enemies":"The Guardian","floor":16,"turns":9}],"seed_played":"2442602358557293063","potions_obtained":[{"floor":1.0,"key":"Fire Potion"},{"floor":4.0,"key":"Poison Potion"},{"floor":7.0,"key":"Block Potion"},{"floor":8.0,"key":"LiquidBronze"},{"floor":12.0,"key":"BloodPotion"}],"is_trial":false,"path_per_floor":["M","?","M","M","?","$","?","M","T","R","?","M","E","M","R","B"],"character_chosen":"IRONCLAD","items_purchased":["Paper Frog","Heavy Blade"],"campfire_rested":1,"item_purchase_floors":[6,6],"current_hp_per_floor":[74,74,75,75,75,75,75,75,75,75,75,63,31,27,49,0],"gold":158,"neow_bonus":"THREE_ENEMY_KILL","is_prod":false,"is_daily":false,"chose_seed":false,"campfire_upgraded":1,"win_rate":0,"timestamp":1557549145,"path_taken":["M","?","M","M","?","$","?","?","T","R","?","M","E","M","R","BOSS"],"build_version":"2019-01-23","purchased_purges":0,"victory":false,"max_hp_per_floor":[75,75,75,75,75,75,75,75,75,75,75,75,75,75,75,75],"card_choices":[{"not_picked":["Rupture","Headbutt"],"picked":"Thunderclap","floor":1.0},{"not_picked":["True Grit","Iron Wave","Armaments"],"picked":"SKIP","floor":3.0},{"not_picked":["Brutality","Pommel Strike"],"picked":"Battle Trance","floor":4.0},{"not_picked":["Pommel Strike","True Grit","Wild Strike"],"picked":"SKIP","floor":8.0},{"not_picked":["Shrug It Off","Entrench","Iron Wave"],"picked":"SKIP","floor":12.0},{"not_picked":["Combust","Reckless Charge","Perfected Strike"],"picked":"SKIP","floor":13.0},{"not_picked":["Wild Strike","Blood for Blood","Twin Strike"],"picked":"SKIP","floor":14.0}],"player_experience":382830,"relics_obtained":[{"floor":9.0,"key":"Bronze Scales"},{"floor":13.0,"key":"Orichalcum"}],"event_choices":[{"damage_healed":0.0,"max_hp_gain":0.0,"max_hp_loss":0.0,"gold_gain":0.0,"event_name":"Living Wall","player_choice":"Grow","floor":2.0,"gold_loss":0.0,"damage_taken":0.0,"cards_upgraded":["Thunderclap"]},{"damage_healed":0.0,"max_hp_gain":0.0,"max_hp_loss":0.0,"gold_gain":150.0,"event_name":"Liars Game","player_choice":"AGREE","floor":5.0,"gold_loss":0.0,"damage_taken":0.0,"cards_obtained":["Doubt"]},{"damage_healed":0.0,"max_hp_gain":0.0,"max_hp_loss":0.0,"gold_gain":0.0,"event_name":"Lab","player_choice":"Got Potions","floor":7.0,"gold_loss":0.0,"damage_taken":0.0},{"damage_healed":0.0,"max_hp_gain":0.0,"max_hp_loss":0.0,"gold_gain":0.0,"event_name":"Match and Keep!","player_choice":"0 cards matched","floor":11.0,"gold_loss":0.0,"damage_taken":0.0,"cards_obtained":[]}],"is_beta":false,"boss_relics":[],"items_purged_floors":[],"is_endless":false,"potions_floor_spawned":[1,4,8,12],"killed_by":"The Guardian","ascension_level":15}