{"gold_per_floor":[118,118,128,203,223,223,20,36,36,52,22,22,22,197,197,197],"floor_reached":16,"playtime":1096,"items_purged":[],"score":99,"play_id":"ddbe4047-2eec-4146-908a-490560178c05","local_time":"20180724190657","is_ascension_mode":true,"campfire_choices":[{"data":"Neutralize","floor":6,"key":"SMITH"},{"floor":13,"key":"REST"},{"data":"Outmaneuver","floor":15,"key":"SMITH"}],"neow_cost":"NONE","seed_source_timestamp":1200397838686792,"circlet_count":0,"master_deck":["Defend_G","Defend_G","Defend_G","Defend_G","Defend_G","Strike_G","Strike_G","Strike_G","Strike_G","Strike_G","Survivor","Neutralize+1","Leg Sweep","Flying Knee","Deadly Poison","Blur+1","Outmaneuver+1","Concentrate","Doubt"],"relics":["Ring of the Snake","ClockworkSouvenir","Matryoshka"],"potions_floor_usage":[16],"damage_taken":[{"damage":4,"enemies":"Small Slimes","floor":1,"turns":6},{"damage":1,"enemies":"Cultist","floor":3,"turns":4},{"damage":0,"enemies":"Jaw Worm","floor":5,"turns":7},{"damage":3,"enemies":"Blue Slaver","floor":8,"turns":5},{"damage":4,"enemies":"Exordium Wildlife","floor":10,"turns":10},{"damage":3,"enemies":"Looter","floor":11,"turns":4},{"damage":74,"enemies":"Hexaghost","floor":16,"turns":16}],"seed_played":"-6627420917316279286","potions_obtained":[{"floor":3,"key":"FearPotion"},{"floor":10,"key":"Energy Potion"}],"is_trial":false,"path_per_floor":["M","?","M","?","M","R","$","M","T","M","M","?","R","?","R"],"character_chosen":"THE_SILENT","items_purchased":["ClockworkSouvenir"],"campfire_rested":1,"item_purchase_floors":[7],"current_hp_per_floor":[73,73,72,61,61,61,61,58,58,54,51,51,74,74,74,0],"gold":197,"neow_bonus":"TEN_PERCENT_HP_BONUS","is_prod":false,"is_daily":false,"chose_seed":false,"campfire_upgraded":2,"win_rate":0,"timestamp":1532455617,"path_taken":["M","?","M","?","M","R","$","?","T","M","M","?","R","?","R","BOSS"],"build_version":"2018-07-19v2","purchased_purges":0,"victory":false,"max_hp_per_floor":[77,77,77,77,77,77,77,77,77,77,77,77,77,77,77,77],"card_choices":[{"not_picked":["Poisoned Stab","Deflect"],"picked":"Leg Sweep","floor":1},{"not_picked":["Quick Slash","Bouncing Flask"],"picked":"Flying Knee","floor":3},{"not_picked":["Underhanded Strike","Catalyst"],"picked":"Deadly Poison","floor":5},{"not_picked":["Backstab","Dagger Throw"],"picked":"Blur","floor":8},{"not_picked":["Accuracy","Deadly Poison"],"picked":"Outmaneuver","floor":10},{"not_picked":["Cloak And Dagger","Choke"],"picked":"Concentrate","floor":11}],"player_experience":496398,"relics_obtained":[{"floor":9,"key":"Matryoshka"}],"event_choices":[{"event_name":"The Woman in Blue","player_choice":"Bought 0 Potions","floor":2,"damage_taken":0},{"event_name":"World of Goop","player_choice":"Gather Gold","floor":4,"damage_taken":0},{"event_name":"Upgrade Shrine","player_choice":"Upgraded","floor":12,"damage_taken":0},{"event_name":"Liars Game","player_choice":"agreed","floor":14,"damage_taken":0}],"is_beta":false,"boss_relics":[],"items_purged_floors":[],"is_endless":false,"potions_floor_spawned":[3,10],"killed_by":"Hexaghost","ascension_level":2}