{"gold_per_floor":[116,41,41,54,54,54,73,73,73,114,135,35,35,50,50,169,169,189,64,64,64,64,64],"floor_reached":23,"playtime":971,"items_purged":["Strike_B","Strike_B","Strike_B"],"score":320,"play_id":"358da749-ac1c-4243-8067-53d4a9fb98bc","local_time":"20190612000223","is_ascension_mode":true,"campfire_choices":[{"data":"Dualcast","floor":6,"key":"SMITH"},{"data":"Zap","floor":8,"key":"SMITH"},{"data":"Tempest","floor":15,"key":"SMITH"}],"neow_cost":"PERCENT_DAMAGE","seed_source_timestamp":2516691438000,"circlet_count":0,"master_deck":["Strike_B","Defend_B","Defend_B","Defend_B","Zap+1","Dualcast+1","Chill","Conserve Battery","Tempest+1","Cold Snap","Capacitor+1","Reinforced Body","Multi-Cast","Chill+1"],"relics":["Cracked Core","Emotion Chip","Golden Idol","Letter Opener","Dead Branch","Cursed Key","Boot"],"potions_floor_usage":[10,16],"damage_taken":[{"damage":0,"enemies":"Small Slimes","floor":1,"turns":2},{"damage":0,"enemies":"Jaw Worm","floor":4,"turns":4},{"damage":1,"enemies":"Cultist","floor":7,"turns":3},{"damage":4,"enemies":"Lagavulin","floor":10,"turns":5},{"damage":0,"enemies":"Large Slime","floor":11,"turns":3},{"damage":2,"enemies":"Red Slaver","floor":14,"turns":2},{"damage":0,"enemies":"Slime Boss","floor":16,"turns":7},{"damage":0,"enemies":"Spheric Guardian","floor":18,"turns":3},{"damage":83,"enemies":"Gremlin Leader","floor":23,"turns":9}],"seed_played":"-141306767711533769","potions_obtained":[{"floor":4,"key":"AttackPotion"},{"floor":10,"key":"Ancient Potion"},{"floor":14,"key":"Poison Potion"},{"floor":16,"key":"Dexterity Potion"}],"is_trial":false,"path_per_floor":["M","$","?","M","?","R","M","R","T","E","M","$","?","M","R","B",null,"M","$","?","?","$","E"],"character_chosen":"DEFECT","items_purchased":[],"campfire_rested":0,"item_purchase_floors":[],"current_hp_per_floor":[50,50,50,50,50,50,49,49,49,45,45,45,45,43,43,43,63,63,63,63,63,63,0],"gold":64,"neow_bonus":"ONE_RARE_RELIC","is_prod":false,"is_daily":false,"chose_seed":false,"campfire_upgraded":3,"win_rate":0,"timestamp":1560322943,"path_taken":["M","$","?","M","?","R","M","R","T","E","?","$","?","?","R","BOSS","M","$","?","?","$","E"],"build_version":"2019-01-23","purchased_purges":3,"victory":false,"max_hp_per_floor":[75,75,69,69,69,69,69,69,69,69,69,69,69,69,69,69,69,69,69,69,69,69,69],"card_choices":[{"not_picked":["Streamline","Steam"],"picked":"Chill","floor":1},{"not_picked":["Consume","Hologram"],"picked":"Conserve Battery","floor":4},{"not_picked":["Static Discharge","Beam Cell"],"picked":"Cold Snap","floor":7},{"not_picked":["Static Discharge","Sunder"],"picked":"Capacitor","floor":10},{"not_picked":["Capacitor","Hologram"],"picked":"Reinforced Body","floor":11},{"not_picked":["Force Field","Streamline","Skim"],"picked":"SKIP","floor":14},{"not_picked":["Core Surge","Echo Form"],"picked":"Multi-Cast","floor":16},{"not_picked":["Stack","Reinforced Body"],"picked":"Chill+1","floor":18}],"player_experience":462714,"relics_obtained":[{"floor":9,"key":"Letter Opener"},{"floor":10,"key":"Dead Branch"}],"event_choices":[{"damage_healed":0,"gold_gain":0,"player_choice":"Lose Max HP","damage_taken":0,"relics_obtained":["Golden Idol"],"max_hp_gain":0,"max_hp_loss":6,"event_name":"Golden Idol","floor":3,"gold_loss":0},{"damage_healed":0,"gold_gain":0,"cards_transformed":["Defend_B"],"player_choice":"Transformed","damage_taken":0,"max_hp_gain":0,"max_hp_loss":0,"event_name":"Transmorgrifier","floor":5,"gold_loss":0,"cards_obtained":["Tempest"]},{"damage_healed":0,"gold_gain":0,"player_choice":"Forge","damage_taken":0,"max_hp_gain":0,"max_hp_loss":0,"event_name":"Accursed Blacksmith","floor":13,"gold_loss":0,"cards_upgraded":["Capacitor"]},{"damage_healed":0,"gold_gain":0,"player_choice":"Opened","damage_taken":0,"relics_obtained":["Boot"],"max_hp_gain":0,"max_hp_loss":0,"event_name":"The Mausoleum","floor":20,"gold_loss":0,"cards_obtained":["Writhe"]},{"cards_removed":["Writhe"],"damage_healed":0,"gold_gain":0,"player_choice":"Elegance","damage_taken":0,"max_hp_gain":0,"max_hp_loss":0,"event_name":"Back to Basics","floor":21,"gold_loss":0}],"is_beta":false,"boss_relics":[{"not_picked":["Fusion Hammer","Black Star"],"picked":"Cursed Key"}],"items_purged_floors":[2,12,19],"is_endless":false,"potions_floor_spawned":[4,10,14,16],"killed_by":"Gremlin Leader","ascension_level":7}