{"gold_per_floor":[113,113,288,305,318,318,345,11,82,82,92,109,139,153,153,255,255,274,192,203,203,233,233,262,262,309,309,326,355,355,373,373,373],"floor_reached":33,"playtime":2313,"items_purged":["Doubt"],"score":354,"play_id":"d383bf3c-68ac-4f36-9123-690d5b650384","local_time":"20181103231740","is_ascension_mode":true,"campfire_choices":[{"data":"Bash","floor":6,"key":"SMITH"},{"floor":10,"key":"REST"},{"data":"Apotheosis","floor":15,"key":"SMITH"},{"data":"Double Tap","floor":23,"key":"SMITH"},{"floor":25,"key":"REST"},{"floor":32,"key":"REST"}],"neow_cost":"NONE","seed_source_timestamp":1315971680475658,"circlet_count":0,"master_deck":["Strike_R","Strike_R","Strike_R","Defend_R","Defend_R","Defend_R","Defend_R","Bash+1","Sword Boomerang","Headbutt","Shrug It Off","Metallicize","Dual Wield","Apotheosis+1","Cleave","Rage","Intimidate","Heavy Blade","Double Tap+1","Metallicize","Metallicize","Battle Trance","Flex","Body Slam","Double Tap"],"relics":["Burning Blood","Bronze Scales","Meat on the Bone","Pantograph","PreservedInsect","Velvet Choker","MutagenicStrength","Red Mask","Orichalcum","Juzu Bracelet","Charon\u0027s Ashes"],"potions_floor_usage":[16],"damage_taken":[{"damage":1,"enemies":"2 Louse","floor":1,"turns":4},{"damage":6,"enemies":"Jaw Worm","floor":4,"turns":4},{"damage":0,"enemies":"Cultist","floor":5,"turns":3},{"damage":35,"enemies":"3 Sentries","floor":7,"turns":11},{"damage":6,"enemies":"Exordium Thugs","floor":11,"turns":4},{"damage":3,"enemies":"3 Louse","floor":12,"turns":3},{"damage":6,"enemies":"Lagavulin","floor":13,"turns":8},{"damage":9,"enemies":"Exordium Wildlife","floor":14,"turns":4},{"damage":36,"enemies":"Hexaghost","floor":16,"turns":9},{"damage":11,"enemies":"2 Thieves","floor":18,"turns":3},{"damage":4,"enemies":"Spheric Guardian","floor":20,"turns":5},{"damage":15,"enemies":"Masked Bandits","floor":22,"turns":4},{"damage":21,"enemies":"Slavers","floor":24,"turns":6},{"damage":14,"enemies":"Snake Plant","floor":28,"turns":3},{"damage":13,"enemies":"Book of Stabbing","floor":29,"turns":3},{"damage":14,"enemies":"Cultist and Chosen","floor":31,"turns":6},{"damage":80,"enemies":"Automaton","floor":33,"turns":8}],"seed_played":"-9152407187809331766","potions_obtained":[{"floor":1,"key":"SkillPotion"},{"floor":5,"key":"BloodPotion"},{"floor":7,"key":"Strength Potion"},{"floor":16,"key":"Energy Potion"},{"floor":18,"key":"PowerPotion"},{"floor":22,"key":"Explosive Potion"},{"floor":27,"key":"Fire Potion"}],"is_trial":false,"path_per_floor":["M","?","?","M","M","R","E","$","T","R","M","M","E","M","R","B",null,"M","$","M","?","?","R","E","R","T","?","M","E","?","M","R","B"],"character_chosen":"IRONCLAD","items_purchased":["Apotheosis","Cleave","Rage","Metallicize"],"campfire_rested":3,"item_purchase_floors":[8,8,8,19],"current_hp_per_floor":[80,77,77,77,80,80,51,51,51,75,75,78,78,75,75,50,80,75,75,77,77,68,68,53,77,77,77,69,62,62,54,78,0],"gold":373,"neow_bonus":"TRANSFORM_CARD","is_prod":false,"is_daily":false,"chose_seed":false,"campfire_upgraded":3,"win_rate":0,"timestamp":1541287060,"path_taken":["M","?","?","M","M","R","E","$","T","R","M","M","E","M","R","BOSS","M","$","M","?","?","R","E","R","T","?","M","E","?","M","R","BOSS"],"build_version":"2018-11-01","purchased_purges":1,"victory":false,"max_hp_per_floor":[80,80,80,80,80,80,80,80,80,80,80,80,80,80,80,80,80,80,80,80,80,80,80,80,80,80,80,80,80,80,80,80,80],"card_choices":[{"not_picked":["Entrench","Corruption"],"picked":"Headbutt","floor":1},{"not_picked":["Body Slam","Blood for Blood"],"picked":"Shrug It Off","floor":4},{"not_picked":["Warcry","Anger"],"picked":"Metallicize","floor":5},{"not_picked":["Searing Blow","Dark Embrace"],"picked":"Dual Wield","floor":7},{"not_picked":["Wild Strike","Thunderclap"],"picked":"Intimidate","floor":11},{"not_picked":["Cleave","Armaments","Headbutt"],"picked":"SKIP","floor":12},{"not_picked":["Wild Strike","Offering"],"picked":"Heavy Blade","floor":13},{"not_picked":["Second Wind","Twin Strike","Body Slam"],"picked":"SKIP","floor":14},{"not_picked":["Offering","Fiend Fire"],"picked":"Double Tap","floor":16},{"not_picked":["Anger","Cleave","Blood for Blood"],"picked":"SKIP","floor":18},{"not_picked":["Clothesline","Intimidate+1"],"picked":"Metallicize","floor":20},{"not_picked":["True Grit","Armaments"],"picked":"Battle Trance","floor":22},{"not_picked":["Seeing Red","Sword Boomerang"],"picked":"Flex","floor":24},{"not_picked":["Carnage","Cleave+1"],"picked":"Body Slam","floor":28},{"not_picked":["Perfected Strike+1","Shrug It Off","Wild Strike"],"picked":"SKIP","floor":29},{"not_picked":["Dual Wield","Evolve","Twin Strike+1"],"picked":"SKIP","floor":31}],"player_experience":780712,"relics_obtained":[{"floor":7,"key":"Meat on the Bone"},{"floor":9,"key":"Pantograph"},{"floor":13,"key":"PreservedInsect"},{"floor":22,"key":"Red Mask"},{"floor":24,"key":"Orichalcum"},{"floor":26,"key":"Juzu Bracelet"},{"floor":29,"key":"Charon\u0027s Ashes"}],"event_choices":[{"damage_healed":0,"gold_gain":0,"player_choice":"Success","damage_taken":3,"relics_obtained":["Bronze Scales"],"max_hp_gain":0,"max_hp_loss":0,"event_name":"Scrap Ooze","floor":2,"gold_loss":0},{"damage_healed":0,"gold_gain":175,"player_choice":"AGREE","damage_taken":0,"max_hp_gain":0,"max_hp_loss":0,"event_name":"Liars Game","floor":3,"gold_loss":0,"cards_obtained":["Doubt"]},{"damage_healed":0,"gold_gain":0,"player_choice":"Inject Mutagens","damage_taken":0,"relics_obtained":["MutagenicStrength"],"max_hp_gain":0,"max_hp_loss":0,"event_name":"Drug Dealer","floor":21,"gold_loss":0},{"damage_healed":0,"gold_gain":0,"player_choice":"Fought Bandits","damage_taken":0,"max_hp_gain":0,"max_hp_loss":0,"event_name":"Masked Bandits","floor":22,"gold_loss":0},{"damage_healed":0,"gold_gain":0,"player_choice":"Got Potions","damage_taken":0,"max_hp_gain":0,"max_hp_loss":0,"event_name":"Lab","floor":27,"gold_loss":0},{"damage_healed":0,"gold_gain":0,"cards_transformed":["Strike_R"],"player_choice":"Transformed","damage_taken":0,"max_hp_gain":0,"max_hp_loss":0,"event_name":"Transmorgrifier","floor":30,"gold_loss":0,"cards_obtained":["Double Tap"]}],"is_beta":false,"boss_relics":[{"not_picked":["Runic Cube","White Beast Statue"],"picked":"Velvet Choker"}],"items_purged_floors":[8],"is_endless":false,"potions_floor_spawned":[1,5,7,13,16,18,22],"killed_by":"Automaton","ascension_level":4}