{"gold_per_floor":[118,193,212,59,79,79,112,122,122,152,169,189,205,221,221,317,317,329,254,254,268,280,280,309,224,275,275,302,312,331,343,343,446,446,461,461,461,475,490,490],"floor_reached":40,"playtime":1527,"items_purged":["Strike_G"],"score":563,"play_id":"e4ffed31-f164-47a1-8ea4-39a4d4dcee4a","local_time":"20190410132302","is_ascension_mode":true,"campfire_choices":[{"floor":6,"key":"REST"},{"floor":15,"key":"REST"},{"floor":23,"key":"REST"},{"floor":27,"key":"REST"},{"data":"Dash","floor":32,"key":"SMITH"}],"neow_cost":"NONE","seed_source_timestamp":274123981007137,"circlet_count":0,"master_deck":["Defend_G","Defend_G","Defend_G","Defend_G","Defend_G","Strike_G","Strike_G","Strike_G","Survivor","Neutralize","Bouncing Flask","Noxious Fumes+1","Caltrops","Poisoned Stab","Dash+1","Corpse Explosion","Bane","Writhe"],"relics":["Velvet Choker","Ninja Scroll","Letter Opener","Bottled Lightning","Busted Crown","Oddly Smooth Stone","Dodecahedron","Ancient Tea Set","Anchor","Cursed Key"],"potions_floor_usage":[3,11,16,16,21,24,28,28,29,30,40],"damage_taken":[{"damage":3,"enemies":"Jaw Worm","floor":1,"turns":4},{"damage":1,"enemies":"Cultist","floor":3,"turns":3},{"damage":0,"enemies":"2 Louse","floor":5,"turns":2},{"damage":15,"enemies":"3 Sentries","floor":7,"turns":8},{"damage":6,"enemies":"Blue Slaver","floor":8,"turns":4},{"damage":20,"enemies":"Lagavulin","floor":10,"turns":5},{"damage":0,"enemies":"2 Fungi Beasts","floor":11,"turns":2},{"damage":5,"enemies":"Red Slaver","floor":12,"turns":3},{"damage":3,"enemies":"Large Slime","floor":13,"turns":4},{"damage":5,"enemies":"3 Louse","floor":14,"turns":2},{"damage":24,"enemies":"Slime Boss","floor":16,"turns":10},{"damage":10,"enemies":"Shell Parasite","floor":18,"turns":4},{"damage":9,"enemies":"2 Thieves","floor":21,"turns":2},{"damage":3,"enemies":"Cultist and Chosen","floor":22,"turns":4},{"damage":19,"enemies":"Book of Stabbing","floor":24,"turns":5},{"damage":1,"enemies":"Gremlin Leader","floor":28,"turns":7},{"damage":8,"enemies":"Snake Plant","floor":29,"turns":4},{"damage":0,"enemies":"Centurion and Healer","floor":30,"turns":5},{"damage":5,"enemies":"Snecko","floor":31,"turns":5},{"damage":52,"enemies":"Automaton","floor":33,"turns":8},{"damage":11,"enemies":"Orb Walker","floor":35,"turns":3},{"damage":35,"enemies":"3 Darklings","floor":38,"turns":4},{"damage":4,"enemies":"Jaw Worm Horde","floor":39,"turns":2},{"damage":39,"enemies":"Reptomancer","floor":40,"turns":2}],"seed_played":"-1909941160887710740","potions_obtained":[{"floor":1,"key":"FearPotion"},{"floor":8,"key":"LiquidBronze"},{"floor":11,"key":"Fruit Juice"},{"floor":12,"key":"Dexterity Potion"},{"floor":13,"key":"Weak Potion"},{"floor":16,"key":"Dexterity Potion"},{"floor":18,"key":"Explosive Potion"},{"floor":22,"key":"EssenceOfSteel"},{"floor":28,"key":"EntropicBrew"},{"floor":33,"key":"SpeedPotion"},{"floor":38,"key":"PowerPotion"}],"is_trial":false,"path_per_floor":["M","?","M","$","M","R","E","M","T","E","M","M","M","M","R","B",null,"M","?","?","M","M","R","E","?","T","R","E","M","M","M","R","B",null,"M","?","?","M","M","E"],"character_chosen":"THE_SILENT","items_purchased":["Noxious Fumes"],"campfire_rested":4,"item_purchase_floors":[4],"current_hp_per_floor":[67,56,55,55,55,70,55,49,49,29,34,29,26,21,43,19,75,65,65,65,56,53,75,56,56,56,75,74,66,66,61,61,9,75,64,64,75,40,36,0],"gold":490,"neow_bonus":"BOSS_RELIC","is_prod":false,"is_daily":false,"chose_seed":false,"campfire_upgraded":1,"win_rate":0,"timestamp":1554916982,"path_taken":["M","?","M","$","M","R","E","M","T","E","M","M","M","M","R","BOSS","M","?","?","M","?","R","E","?","T","R","E","M","M","M","R","BOSS","M","?","?","M","M","E"],"build_version":"2019-01-23","purchased_purges":1,"victory":false,"max_hp_per_floor":[70,70,70,70,70,70,70,70,70,70,75,75,75,75,75,75,75,75,75,75,75,75,75,75,75,75,75,75,75,75,75,75,75,75,75,75,75,75,75,75],"card_choices":[{"not_picked":["All Out Attack","Distraction","Outmaneuver"],"picked":"SKIP","floor":1},{"not_picked":["Caltrops","Deadly Poison"],"picked":"Bouncing Flask","floor":3},{"not_picked":["Deflect","Reflex","Backstab"],"picked":"SKIP","floor":5},{"not_picked":["Bullet Time","Setup"],"picked":"Caltrops","floor":7},{"not_picked":["Backflip","Blade Dance","Flechettes"],"picked":"SKIP","floor":8},{"not_picked":["Finisher","Calculated Gamble"],"picked":"Poisoned Stab","floor":10},{"not_picked":["Tactician","Flying Knee","Cloak And Dagger"],"picked":"SKIP","floor":11},{"not_picked":["Flying Knee","A Thousand Cuts"],"picked":"Dash","floor":12},{"not_picked":["Backflip","Sucker Punch","Dagger Throw"],"picked":"SKIP","floor":13},{"not_picked":["Choke","All Out Attack","Tactician"],"picked":"SKIP","floor":14},{"not_picked":["A Thousand Cuts","Storm of Steel"],"picked":"Corpse Explosion","floor":16},{"not_picked":["Deadly Poison"],"picked":"SKIP","floor":18},{"not_picked":["Deadly Poison"],"picked":"SKIP","floor":21},{"not_picked":["Infinite Blades+1"],"picked":"SKIP","floor":22},{"not_picked":["Storm of Steel"],"picked":"SKIP","floor":24},{"not_picked":["Deflect"],"picked":"SKIP","floor":28},{"not_picked":["Calculated Gamble"],"picked":"SKIP","floor":29},{"not_picked":["Blur+1"],"picked":"SKIP","floor":30},{"not_picked":[],"picked":"Bane","floor":31},{"not_picked":["Choke"],"picked":"SKIP","floor":35},{"not_picked":["Flying Knee"],"picked":"SKIP","floor":38},{"not_picked":["Masterful Stab+1"],"picked":"SKIP","floor":39}],"player_experience":296588,"relics_obtained":[{"floor":7,"key":"Ninja Scroll"},{"floor":9,"key":"Letter Opener"},{"floor":10,"key":"Bottled Lightning"},{"floor":24,"key":"Oddly Smooth Stone"},{"floor":26,"key":"Ancient Tea Set"},{"floor":28,"key":"Anchor"}],"event_choices":[{"damage_healed":0,"gold_gain":75,"player_choice":"Gather Gold","damage_taken":11,"max_hp_gain":0,"max_hp_loss":0,"event_name":"World of Goop","floor":2,"gold_loss":0},{"cards_removed":["Strike_G"],"damage_healed":0,"gold_gain":0,"player_choice":"Gave Gold","damage_taken":0,"max_hp_gain":0,"max_hp_loss":0,"event_name":"Beggar","floor":19,"gold_loss":75},{"damage_healed":0,"gold_gain":0,"player_choice":"Forge","damage_taken":0,"max_hp_gain":0,"max_hp_loss":0,"event_name":"Accursed Blacksmith","floor":20,"gold_loss":0,"cards_upgraded":["Noxious Fumes"]},{"damage_healed":0,"gold_gain":0,"player_choice":"Obtained Relic","damage_taken":0,"relics_obtained":["Dodecahedron"],"max_hp_gain":0,"max_hp_loss":0,"event_name":"Addict","floor":25,"gold_loss":85},{"damage_healed":0,"gold_gain":0,"player_choice":"Ignored","damage_taken":0,"max_hp_gain":0,"max_hp_loss":0,"event_name":"Tomb of Lord Red Mask","floor":36,"gold_loss":0},{"damage_healed":19,"gold_gain":0,"player_choice":"Writhe","damage_taken":0,"max_hp_gain":0,"max_hp_loss":0,"event_name":"Winding Halls","floor":37,"gold_loss":0,"cards_obtained":["Writhe"]}],"is_beta":false,"boss_relics":[{"not_picked":["Tiny House","White Beast Statue"],"picked":"Busted Crown"},{"not_picked":["Snecko Eye","Philosopher\u0027s Stone"],"picked":"Cursed Key"}],"items_purged_floors":[4],"is_endless":false,"potions_floor_spawned":[1,8,11,12,13,14,16,18,22,28,33,38],"killed_by":"Reptomancer","ascension_level":4}