{"gold_per_floor":[116,191,191,116,116,116,128,148,203,103,103,117,134,9,9,109,109,109,109,109,109,109,109,109,109,109,109,109,109,109,109,109,109,109,109,109,109,109,109,109,109,109,109,109,109],"floor_reached":45,"playtime":1258,"items_purged":["Defend_R","Strike_R","Strike_R"],"score":586,"play_id":"994ec938-743e-4aff-abcc-fde2b1171011","local_time":"20190216234609","is_ascension_mode":true,"campfire_choices":[{"data":"Bash","floor":6,"key":"SMITH"},{"data":"Whirlwind","floor":11,"key":"SMITH"},{"data":"Flex","floor":15,"key":"SMITH"},{"data":"Flex","floor":23,"key":"SMITH"},{"data":"Demon Form","floor":27,"key":"SMITH"},{"data":"Cleave","floor":29,"key":"SMITH"},{"floor":32,"key":"REST"},{"floor":40,"key":"REST"}],"neow_cost":"NONE","seed_source_timestamp":14411448712000,"circlet_count":0,"master_deck":["Strike_R","Strike_R","Defend_R","Defend_R","Bash+1","Cleave+1","Flex+1","Whirlwind+1","Flex+1","Demon Form+1","Limit Break","Dropkick+1"],"relics":["Burning Blood","Anchor","Tiny Chest","Ectoplasm","Paper Frog","Nilry\u0027s Codex","Blue Candle","Matryoshka","Blood Vial","Omamori","Black Star","Thread and Needle","Pear","Bird Faced Urn","Dream Catcher"],"potions_floor_usage":[16,16,33,35,36],"damage_taken":[{"damage":0,"enemies":"2 Louse","floor":1,"turns":2},{"damage":2,"enemies":"Jaw Worm","floor":7,"turns":2},{"damage":6,"enemies":"Cultist","floor":8,"turns":3},{"damage":1,"enemies":"Looter","floor":12,"turns":2},{"damage":0,"enemies":"2 Fungi Beasts","floor":13,"turns":1},{"damage":0,"enemies":"Slime Boss","floor":16,"turns":6},{"damage":4,"enemies":"Shell Parasite","floor":18,"turns":2},{"damage":2,"enemies":"3 Byrds","floor":21,"turns":3},{"damage":0,"enemies":"Centurion and Healer","floor":28,"turns":3},{"damage":14,"enemies":"Snake Plant","floor":31,"turns":2},{"damage":40,"enemies":"Automaton","floor":33,"turns":6},{"damage":0,"enemies":"3 Darklings","floor":35,"turns":2},{"damage":72,"enemies":"2 Orb Walkers","floor":36,"turns":4},{"damage":12,"enemies":"Mind Bloom Boss Battle","floor":38,"turns":5},{"damage":35,"enemies":"3 Shapes","floor":41,"turns":5},{"damage":15,"enemies":"Transient","floor":44,"turns":5},{"damage":26,"enemies":"Writhing Mass","floor":45,"turns":2}],"seed_played":"3989371164649334845","potions_obtained":[{"floor":12,"key":"PowerPotion"},{"floor":13,"key":"Swift Potion"},{"floor":18,"key":"Ancient Potion"},{"floor":31,"key":"Energy Potion"},{"floor":33,"key":"SkillPotion"},{"floor":35,"key":"SkillPotion"},{"floor":44,"key":"Dexterity Potion"}],"is_trial":false,"path_per_floor":["M","?","?","$","?","R","M","M","T","$","R","M","M","$","R","B",null,"M","T","?","M","?","R","T","$","T","R","M","R","T","M","R","B",null,"M","?","?","?","T","R","M","$","T","M","M"],"character_chosen":"IRONCLAD","items_purchased":[],"campfire_rested":2,"item_purchase_floors":[],"current_hp_per_floor":[80,69,62,62,62,62,66,66,66,66,66,71,77,77,77,80,80,80,80,64,68,68,68,68,68,68,68,74,74,74,68,80,46,72,80,14,14,10,20,47,20,20,20,17,0],"gold":109,"neow_bonus":"RANDOM_COMMON_RELIC","is_prod":false,"is_daily":false,"chose_seed":false,"campfire_upgraded":6,"win_rate":0,"timestamp":1550389569,"path_taken":["M","?","?","$","?","R","M","M","T","?","R","M","M","$","R","BOSS","M","?","?","M","?","R","?","?","T","R","M","R","?","M","R","BOSS","M","?","?","?","?","R","?","$","T","M","M"],"build_version":"2019-01-23","purchased_purges":3,"victory":false,"max_hp_per_floor":[80,80,80,80,80,80,80,80,80,80,80,80,80,80,80,80,80,80,80,80,80,80,80,80,80,80,80,80,80,80,80,80,80,80,80,80,80,80,90,90,90,90,90,90,90],"card_choices":[{"not_picked":["Sword Boomerang","Entrench"],"picked":"Cleave","floor":1},{"not_picked":["Armaments","Sentinel"],"picked":"Flex","floor":7},{"not_picked":["Power Through","Sword Boomerang"],"picked":"Whirlwind","floor":8},{"not_picked":["Flame Barrier","Armaments"],"picked":"Flex","floor":12},{"not_picked":["Armaments","Ghostly Armor","Hemokinesis"],"picked":"SKIP","floor":13},{"not_picked":["Dark Embrace","Feed"],"picked":"Demon Form","floor":16},{"not_picked":["Shrug It Off+1","Iron Wave","Sever Soul"],"picked":"SKIP","floor":18},{"not_picked":["Thunderclap","True Grit+1","Pommel Strike+1"],"picked":"SKIP","floor":21},{"not_picked":["Feel No Pain","Pommel Strike","Whirlwind"],"picked":"SKIP","floor":28},{"not_picked":["Bludgeon","Dual Wield+1","Sentinel+1"],"picked":"SKIP","floor":31},{"not_picked":["Double Tap","Reaper"],"picked":"Limit Break","floor":33},{"not_picked":["Clothesline","Flex","True Grit"],"picked":"SKIP","floor":35},{"not_picked":["Limit Break","Ghostly Armor"],"picked":"Dropkick+1","floor":38},{"not_picked":["Twin Strike+1","Heavy Blade+1","Shrug It Off+1"],"picked":"SKIP","floor":41},{"not_picked":["Carnage+1","Pommel Strike","Warcry+1"],"picked":"SKIP","floor":44}],"player_experience":175839,"relics_obtained":[{"floor":9,"key":"Tiny Chest"},{"floor":19,"key":"Paper Frog"},{"floor":20,"key":"Nilry\u0027s Codex"},{"floor":24,"key":"Blue Candle"},{"floor":26,"key":"Matryoshka"},{"floor":30,"key":"Blood Vial"},{"floor":30,"key":"Omamori"},{"floor":36,"key":"Thread and Needle"},{"floor":39,"key":"Pear"},{"floor":39,"key":"Bird Faced Urn"},{"floor":43,"key":"Dream Catcher"}],"event_choices":[{"damage_healed":0,"gold_gain":75,"player_choice":"Gather Gold","damage_taken":11,"max_hp_gain":0,"max_hp_loss":0,"event_name":"World of Goop","floor":2,"gold_loss":0},{"cards_removed":["Defend_R"],"damage_healed":0,"gold_gain":0,"player_choice":"Card Removal","damage_taken":7,"max_hp_gain":0,"max_hp_loss":0,"event_name":"Golden Wing","floor":3,"gold_loss":0},{"cards_removed":["Strike_R"],"damage_healed":0,"gold_gain":0,"player_choice":"Forget","damage_taken":0,"max_hp_gain":0,"max_hp_loss":0,"event_name":"Living Wall","floor":5,"gold_loss":0},{"damage_healed":0,"gold_gain":0,"player_choice":"Obtained Book","damage_taken":16,"max_hp_gain":0,"max_hp_loss":0,"event_name":"Cursed Tome","floor":20,"gold_loss":0},{"damage_healed":0,"gold_gain":0,"player_choice":"Ignored","damage_taken":0,"max_hp_gain":0,"max_hp_loss":0,"event_name":"The Mausoleum","floor":22,"gold_loss":0},{"damage_healed":0,"gold_gain":0,"player_choice":"Fight","damage_taken":0,"max_hp_gain":0,"max_hp_loss":0,"event_name":"Mysterious Sphere","floor":36,"gold_loss":0},{"damage_healed":0,"gold_gain":0,"player_choice":"Ignored","damage_taken":0,"max_hp_gain":0,"max_hp_loss":0,"event_name":"Tomb of Lord Red Mask","floor":37,"gold_loss":0},{"damage_healed":0,"gold_gain":0,"player_choice":"Fight","damage_taken":0,"max_hp_gain":0,"max_hp_loss":0,"event_name":"MindBloom","floor":38,"gold_loss":0}],"is_beta":false,"boss_relics":[{"not_picked":["Astrolabe","Mark of Pain"],"picked":"Ectoplasm"},{"not_picked":["Tiny House","Runic Pyramid"],"picked":"Black Star"}],"items_purged_floors":[4,10,14],"is_endless":false,"potions_floor_spawned":[12,13,18,31,33,35,44],"killed_by":"Writhing Mass","ascension_level":5}