{"gold_per_floor":[116,116,216,73,92,128,142,92,163,163,199,199,274,318,318,438,438,438,438,438,114,114,114,84,84,84,84,84,84,61,61,61,61,61,61,61,26,26,26,26,26,26,26,26,26,26,26,26,26,26],"floor_reached":51,"playtime":4267,"items_purged":["Injury"],"score":954,"play_id":"832f6b86-408e-4fc1-99b9-6ab863f33384","local_time":"20180828192710","is_ascension_mode":true,"campfire_choices":[{"data":"Neutralize","floor":10.0,"key":"SMITH"},{"data":"Footwork","floor":12.0,"key":"SMITH"},{"data":"Footwork","floor":15,"key":"SMITH"},{"floor":25,"key":"REST"},{"data":"Caltrops","floor":28,"key":"SMITH"},{"floor":32,"key":"REST"},{"floor":41,"key":"REST"},{"floor":44,"key":"REST"},{"data":"Doubt","floor":49,"key":"PURGE"}],"neow_cost":"NONE","seed_source_timestamp":0,"circlet_count":0,"master_deck":["Defend_G","Defend_G","Defend_G","Defend_G","Defend_G","Strike_G+1","Strike_G","Strike_G+1","Strike_G","Survivor","Neutralize+1","Terror+1","Footwork+1","Footwork+1","Dash","Dagger Throw","Dagger Spray","Unload","Deflect","Backstab","Flying Knee","Caltrops+1","Blade Dance+1","Sucker Punch+1","Deflect+1","Dodge and Roll","Cloak And Dagger","Dash","Phantasmal Killer","Slice","Trip","Blur","Backflip","Dodge and Roll+1","Dash"],"special_seed":0,"relics":["Ring of the Snake","NeowsBlessing","Golden Idol","Juzu Bracelet","Shuriken","Smiling Mask","Whetstone","Ectoplasm","Red Mask","Pantograph","Peace Pipe","Blue Candle","Centennial Puzzle","Bag of Preparation","Cursed Key","Unceasing Top","Regal Pillow","Strawberry","Frozen Egg 2","War Paint"],"potions_floor_usage":[14,16,16,23,31,35],"damage_taken":[{"damage":0.0,"enemies":"2 Louse","floor":1.0,"turns":1.0},{"damage":0.0,"enemies":"Small Slimes","floor":5.0,"turns":1.0},{"damage":0.0,"enemies":"3 Sentries","floor":6.0,"turns":2.0},{"damage":0.0,"enemies":"Jaw Worm","floor":7.0,"turns":5.0},{"damage":1.0,"enemies":"Lagavulin","floor":11.0,"turns":8.0},{"damage":10,"enemies":"3 Sentries","floor":14,"turns":10},{"damage":9,"enemies":"Hexaghost","floor":16,"turns":9},{"damage":7,"enemies":"Shell Parasite","floor":18,"turns":4},{"damage":3,"enemies":"Masked Bandits","floor":20,"turns":5},{"damage":21,"enemies":"Book of Stabbing","floor":23,"turns":6},{"damage":0,"enemies":"2 Thieves","floor":24,"turns":3},{"damage":0,"enemies":"Chosen and Byrds","floor":27,"turns":4},{"damage":11,"enemies":"Gremlin Leader","floor":29,"turns":7},{"damage":2,"enemies":"Slavers","floor":31,"turns":7},{"damage":21,"enemies":"Collector","floor":33,"turns":11},{"damage":0,"enemies":"Flame Bruiser 1 Orb","floor":35,"turns":5},{"damage":0,"enemies":"Mind Bloom Boss Battle","floor":39,"turns":9},{"damage":14,"enemies":"Giant Head","floor":40,"turns":8},{"damage":30,"enemies":"Nemesis","floor":42,"turns":7},{"damage":6,"enemies":"2 Orb Walkers","floor":45,"turns":7},{"damage":48,"enemies":"Donu and Deca","floor":50,"turns":9}],"seed_played":"-5803070751238665831","potions_obtained":[{"floor":1.0,"key":"Regen Potion"},{"floor":11.0,"key":"Energy Potion"},{"floor":14,"key":"PowerPotion"},{"floor":20,"key":"Swift Potion"},{"floor":29,"key":"Swift Potion"},{"floor":33,"key":"Block Potion"},{"floor":39,"key":"SteroidPotion"},{"floor":45,"key":"Ancient Potion"}],"is_trial":false,"path_per_floor":["M","?","?","$","M","E","M","?","T","R","E","R","?","E","R","B",null,"M","?","?","$","?","E","M","R","T","M","R","E","$","E","R","B",null,"M","?","$","?","?","E","R","E","T","R","E","?","?","T","R","B"],"character_chosen":"THE_SILENT","items_purchased":["Footwork","Caltrops","Pantograph","Cloak And Dagger","Blur"],"campfire_rested":4,"item_purchase_floors":[4,21,21,30,37],"current_hp_per_floor":[70,70,70,70,70,70,70,70,70,70,69,69,58,63,63,54,70,63,63,60,60,60,39,39,60,60,60,60,49,49,47,68,49,70,70,70,70,70,70,56,70,47,47,77,71,71,71,71,71,29],"gold":26,"neow_bonus":"THREE_ENEMY_KILL","is_prod":false,"is_daily":false,"chose_seed":false,"campfire_upgraded":4,"win_rate":0,"timestamp":1535480830,"path_taken":["M","?","?","$","M","E","M","?","T","R","E","R","?","E","R","BOSS","M","?","?","$","?","E","M","R","T","M","R","E","$","E","R","BOSS","M","?","$","?","?","E","R","E","T","R","E","?","?","?","R","BOSS"],"build_version":"2018-08-23v2","purchased_purges":1,"victory":true,"max_hp_per_floor":[70,70,70,70,70,70,70,70,70,70,70,70,70,70,70,70,70,70,70,70,70,70,70,70,70,70,70,70,70,70,70,70,70,70,70,70,70,70,70,70,70,77,77,77,77,77,77,77,77,77],"card_choices":[{"not_picked":["Prepared","Poisoned Stab"],"picked":"Terror","floor":1.0},{"not_picked":["Quick Slash","Underhanded Strike"],"picked":"Footwork","floor":5.0},{"not_picked":["Crippling Poison","Choke"],"picked":"Dash","floor":6.0},{"not_picked":["Prepared","Infinite Blades"],"picked":"Slice","floor":7.0},{"not_picked":["Bane","Slice"],"picked":"Dagger Throw","floor":11.0},{"not_picked":["Calculated Gamble","Night Terror"],"picked":"Dagger Spray","floor":14},{"not_picked":["Burst","Night Terror"],"picked":"Unload","floor":16},{"not_picked":["Bane","PiercingWail"],"picked":"Deflect","floor":18},{"not_picked":["Masterful Stab","Underhanded Strike+1"],"picked":"Flying Knee","floor":20},{"not_picked":["Tools of the Trade","Dagger Spray+1"],"picked":"Blade Dance+1","floor":23},{"not_picked":["Blade Dance","Bane"],"picked":"Sucker Punch+1","floor":24},{"not_picked":["Reflex+1","PiercingWail"],"picked":"Deflect","floor":27},{"not_picked":["PiercingWail","Sucker Punch"],"picked":"Dodge and Roll","floor":29},{"not_picked":["Choke+1","Dagger Spray+1"],"picked":"Dash","floor":31},{"not_picked":["Grand Finale","Burst"],"picked":"Phantasmal Killer","floor":33},{"not_picked":["Endless Agony","Prepared+1"],"picked":"Slice","floor":35},{"not_picked":["Jack Of All Trades","HandOfGreed"],"picked":"Trip","floor":36},{"not_picked":["Deadly Poison","Riddle With Holes"],"picked":"Backflip","floor":39},{"not_picked":["Quick Slash","Flechettes+1","Outmaneuver"],"picked":"SKIP","floor":40},{"not_picked":["Finisher+1","Heel Hook+1"],"picked":"Dodge and Roll+1","floor":42},{"not_picked":["Masterful Stab","Tactician+1"],"picked":"Dash","floor":45}],"player_experience":652316,"relics_obtained":[{"floor":6.0,"key":"Juzu Bracelet"},{"floor":9.0,"key":"Shuriken"},{"floor":11.0,"key":"Smiling Mask"},{"floor":14,"key":"Whetstone"},{"floor":20,"key":"Red Mask"},{"floor":23,"key":"Peace Pipe"},{"floor":26,"key":"Blue Candle"},{"floor":29,"key":"Centennial Puzzle"},{"floor":31,"key":"Bag of Preparation"},{"floor":39,"key":"Unceasing Top"},{"floor":40,"key":"Regal Pillow"},{"floor":42,"key":"Strawberry"},{"floor":45,"key":"Frozen Egg 2"},{"floor":48,"key":"War Paint"}],"event_choices":[{"event_name":"Golden Idol","player_choice":"Take Wound","floor":2.0,"damage_taken":0.0},{"event_name":"Wheel of Change","player_choice":"Gold","floor":3.0,"damage_taken":0.0},{"event_name":"The Cleric","player_choice":"Card Removal","floor":8.0,"damage_taken":0.0},{"event_name":"World of Goop","player_choice":"Gather Gold","floor":13.0,"damage_taken":0.0},{"event_name":"The Library","player_choice":"Read","floor":19,"damage_taken":0},{"event_name":"Masked Bandits","player_choice":"Fought Bandits","floor":20,"damage_taken":0},{"event_name":"Ghosts","player_choice":"Ignored","floor":22,"damage_taken":0},{"event_name":"SensoryStone","player_choice":"Memory 1","floor":36,"damage_taken":0},{"event_name":"Falling","player_choice":"Removed Attack","floor":38,"damage_taken":0},{"event_name":"MindBloom","player_choice":"Fight","floor":39,"damage_taken":0},{"event_name":"The Moai Head","player_choice":"Ignored","floor":46,"damage_taken":0},{"event_name":"Tomb of Lord Red Mask","player_choice":"Ignored","floor":47,"damage_taken":0}],"is_beta":false,"boss_relics":[{"not_picked":["Runic Dome","Runic Pyramid"],"picked":"Ectoplasm"},{"not_picked":["Ring of the Serpent","Coffee Dripper"],"picked":"Cursed Key"}],"items_purged_floors":[4],"is_endless":false,"potions_floor_spawned":[1,11,14,20,29,33,39,45],"ascension_level":4}