{"gold_per_floor":[118,43,43,58,73,100,117,117,162,173,187,187,197,209,209,312,312,326,95,95],"floor_reached":20,"playtime":1842,"items_purged":["Strike_R"],"score":178,"play_id":"e54cd4b8-3db2-45a3-ab73-b106c8eef63e","local_time":"20180709190650","is_ascension_mode":false,"campfire_choices":[{"floor":8,"key":"REST"},{"floor":15,"key":"REST"}],"neow_cost":"NONE","seed_source_timestamp":155179931097961,"circlet_count":0,"master_deck":["Strike_R","Strike_R","Defend_R","Defend_R","Defend_R","Defend_R","Bash","Armaments+1","Thunderclap","Barricade","Clash","Feed","Searing Blow","Fire Breathing"],"relics":["Burning Blood","Dodecahedron","Blood Vial","Empty Cage","Oddly Smooth Stone"],"potions_floor_usage":[7,7,11,16],"damage_taken":[{"damage":1,"enemies":"Cultist","floor":1,"turns":4},{"damage":0,"enemies":"Small Slimes","floor":4,"turns":4},{"damage":3,"enemies":"2 Louse","floor":5,"turns":4},{"damage":40,"enemies":"Lagavulin","floor":6,"turns":10},{"damage":32,"enemies":"Gremlin Gang","floor":7,"turns":5},{"damage":0,"enemies":"Red Slaver","floor":10,"turns":5},{"damage":17,"enemies":"Exordium Thugs","floor":11,"turns":4},{"damage":13,"enemies":"Lots of Slimes","floor":13,"turns":7},{"damage":0,"enemies":"Exordium Wildlife","floor":14,"turns":3},{"damage":2,"enemies":"The Guardian","floor":16,"turns":11},{"damage":39,"enemies":"Shell Parasite","floor":18,"turns":10},{"damage":36,"enemies":"3 Byrds","floor":20,"turns":4}],"seed_played":"-3477933661982298819","potions_obtained":[{"floor":4,"key":"SteroidPotion"},{"floor":6,"key":"Regen Potion"},{"floor":7,"key":"Block Potion"},{"floor":10,"key":"BloodPotion"}],"is_trial":false,"path_per_floor":["M","$","?","M","M","E","M","R","T","M","M","?","M","M","R","B",null,"M","$"],"character_chosen":"IRONCLAD","items_purchased":["Fire Breathing","Oddly Smooth Stone"],"campfire_rested":2,"item_purchase_floors":[19,19],"current_hp_per_floor":[88,88,88,88,88,54,42,68,68,76,75,75,70,78,88,88,88,55,55,21],"gold":95,"neow_bonus":"TEN_PERCENT_HP_BONUS","is_prod":false,"is_daily":false,"chose_seed":false,"campfire_upgraded":0,"win_rate":0,"timestamp":1531159610,"path_taken":["M","$","?","M","M","E","M","R","T","M","M","?","M","M","R","BOSS","M","$","?"],"build_version":"2018-07-05","purchased_purges":1,"victory":false,"max_hp_per_floor":[88,88,88,88,88,88,88,88,88,88,88,88,88,88,88,88,88,88,88,88],"card_choices":[{"not_picked":["Clothesline","True Grit"],"picked":"Armaments","floor":1},{"not_picked":["Dual Wield","Bloodletting","Sword Boomerang"],"picked":"SKIP","floor":4},{"not_picked":["Flex","Heavy Blade"],"picked":"Thunderclap","floor":5},{"not_picked":["Headbutt","Flex"],"picked":"Barricade","floor":6},{"not_picked":["Twin Strike","Disarm"],"picked":"Clash","floor":7},{"not_picked":["Dual Wield","True Grit"],"picked":"Perfected Strike","floor":10},{"not_picked":["Twin Strike","Juggernaut","Warcry"],"picked":"SKIP","floor":11},{"not_picked":["Wild Strike","Clothesline","Havoc"],"picked":"SKIP","floor":13},{"not_picked":["Headbutt","Shockwave","Shrug It Off"],"picked":"SKIP","floor":14},{"not_picked":["Fiend Fire","Offering"],"picked":"Feed","floor":16},{"not_picked":["Carnage","Fire Breathing"],"picked":"Searing Blow","floor":18}],"player_experience":277758,"relics_obtained":[{"floor":6,"key":"Dodecahedron"},{"floor":9,"key":"Blood Vial"}],"event_choices":[{"event_name":"Upgrade Shrine","player_choice":"Upgraded","floor":3,"damage_taken":0},{"event_name":"Purifier","player_choice":"One Purge","floor":12,"damage_taken":0}],"boss_relics":[{"not_picked":["Orrery","Runic Dome"],"picked":"Empty Cage"}],"items_purged_floors":[2],"is_endless":false,"potions_floor_spawned":[4,6,7,10],"killed_by":"3 Byrds","ascension_level":0}