{"gold_per_floor":[112,37,57,7,18,18,28,28,28,28,48,68,81,101,101,202,202,202],"floor_reached":18,"playtime":628,"items_purged":[],"score":218,"play_id":"b1c148e6-5366-4c2e-b0a7-5eeeda4f34a3","local_time":"20190430105843","is_ascension_mode":true,"campfire_choices":[{"data":"Thunderclap","floor":6,"key":"SMITH"},{"data":"Rampage","floor":8,"key":"SMITH"},{"data":"Bash","floor":15,"key":"SMITH"}],"neow_cost":"TEN_PERCENT_HP_LOSS","seed_source_timestamp":84294509087600,"circlet_count":0,"master_deck":["Strike_R","Strike_R","Strike_R","Strike_R","Defend_R","Defend_R","Defend_R","Defend_R","Bash+1","Rampage+1","Cleave","Heavy Blade","Thunderclap+1","Limit Break"],"relics":["Burning Blood","Champion Belt","Ornamental Fan","Calling Bell","Bronze Scales","Blue Candle","Charon\u0027s Ashes"],"potions_floor_usage":[16],"damage_taken":[{"damage":4,"enemies":"Cultist","floor":1,"turns":3},{"damage":3,"enemies":"Small Slimes","floor":3,"turns":3},{"damage":4,"enemies":"Jaw Worm","floor":5,"turns":3},{"damage":10,"enemies":"Red Slaver","floor":7,"turns":4},{"damage":6,"enemies":"Looter","floor":11,"turns":3},{"damage":6,"enemies":"Blue Slaver","floor":12,"turns":3},{"damage":14,"enemies":"Exordium Thugs","floor":13,"turns":5},{"damage":1,"enemies":"2 Fungi Beasts","floor":14,"turns":3},{"damage":65,"enemies":"The Guardian","floor":16,"turns":14},{"damage":0,"enemies":"2 Thieves","floor":18,"turns":1}],"seed_played":"4734919204667286048","potions_obtained":[{"floor":1,"key":"Dexterity Potion"},{"floor":11,"key":"FairyPotion"},{"floor":12,"key":"LiquidBronze"}],"is_trial":false,"path_per_floor":["M","$","M","?","M","R","M","R","T","?","M","M","M","M","R","B",null,"M"],"character_chosen":"IRONCLAD","items_purchased":["Cleave","Heavy Blade"],"campfire_rested":0,"item_purchase_floors":[2,2],"current_hp_per_floor":[72,72,72,72,72,72,68,68,68,72,72,72,64,69,69,10,57,57],"gold":202,"neow_bonus":"ONE_RARE_RELIC","is_prod":false,"is_daily":false,"chose_seed":false,"campfire_upgraded":3,"win_rate":0,"timestamp":1556647123,"path_taken":["M","$","?","?","M","R","M","R","T","?","M","M","M","?","R","BOSS","M"],"build_version":"2019-01-23","purchased_purges":0,"victory":false,"max_hp_per_floor":[72,72,72,72,72,72,72,72,72,72,72,72,72,72,72,72,72,72],"card_choices":[{"not_picked":["Bloodletting","Body Slam"],"picked":"Rampage","floor":1},{"not_picked":["Perfected Strike","Headbutt"],"picked":"Thunderclap","floor":3},{"not_picked":["True Grit","Headbutt","Hemokinesis"],"picked":"SKIP","floor":5},{"not_picked":["Iron Wave","Fire Breathing","Shrug It Off"],"picked":"SKIP","floor":7},{"not_picked":["Iron Wave","Headbutt","Shockwave"],"picked":"SKIP","floor":11},{"not_picked":["Havoc","Intimidate","Body Slam"],"picked":"SKIP","floor":12},{"not_picked":["Clothesline","Carnage"],"picked":"Limit Break","floor":13},{"not_picked":["Warcry","Shrug It Off","Clothesline"],"picked":"SKIP","floor":14}],"player_experience":330177,"relics_obtained":[{"floor":9,"key":"Ornamental Fan"},{"floor":17,"key":"Bronze Scales"},{"floor":17,"key":"Blue Candle"},{"floor":17,"key":"Charon\u0027s Ashes"}],"event_choices":[{"cards_removed":["Strike_R"],"damage_healed":0,"gold_gain":0,"player_choice":"Card Removal","damage_taken":0,"max_hp_gain":0,"max_hp_loss":0,"event_name":"The Cleric","floor":4,"gold_loss":50},{"damage_healed":4,"gold_gain":0,"player_choice":"Full Heal","damage_taken":0,"max_hp_gain":0,"max_hp_loss":0,"event_name":"Wheel of Change","floor":10,"gold_loss":0}],"is_beta":false,"boss_relics":[{"not_picked":["Philosopher\u0027s Stone","Coffee Dripper"],"picked":"Calling Bell"}],"items_purged_floors":[],"is_endless":false,"potions_floor_spawned":[1,11,12],"killed_by":"2 Thieves","ascension_level":8}