{"gold_per_floor":[117,117,117,42,42,71,71,88,137,137,37,2,30,106,106,210,210,222,222,240,240,255,255,283,311,335,363,8,8,19,33,33,33],"floor_reached":33,"playtime":1110,"items_purged":["Strike_B","Strike_B"],"score":408,"play_id":"7895f2d2-4fc1-46be-bf02-be0794046f10","local_time":"20190610133655","is_ascension_mode":true,"campfire_choices":[{"data":"Zap","floor":7,"key":"SMITH"},{"data":"Zap","floor":10,"key":"SMITH"},{"data":"Dualcast","floor":15,"key":"SMITH"},{"floor":23,"key":"REST"},{"data":"Redo","floor":29,"key":"SMITH"},{"floor":32,"key":"REST"}],"neow_cost":"NONE","seed_source_timestamp":614769641410500,"circlet_count":0,"master_deck":["Defend_B","Defend_B","Defend_B","Defend_B","Zap+1","Dualcast+1","Sweeping Beam","Core Surge","Zap+1","Ball Lightning","Echo Form","Rip and Tear","Electrodynamics","Redo+1","Master of Strategy","Buffer","Thunder Strike","Conserve Battery"],"relics":["Cracked Core","NeowsBlessing","Dodecahedron","Dream Catcher","Blood Vial","Peace Pipe","Meat on the Bone","Black Star","Art of War","Pantograph","Red Mask","Oddly Smooth Stone","Regal Pillow","Darkstone Periapt"],"potions_floor_usage":[16,16,25,25,27],"damage_taken":[{"damage":0,"enemies":"2 Louse","floor":1,"turns":1},{"damage":0,"enemies":"3 Sentries","floor":6,"turns":1},{"damage":0,"enemies":"Jaw Worm","floor":8,"turns":1},{"damage":25,"enemies":"Lagavulin","floor":13,"turns":6},{"damage":22,"enemies":"Slime Boss","floor":16,"turns":7},{"damage":26,"enemies":"2 Thieves","floor":18,"turns":4},{"damage":12,"enemies":"Shell Parasite","floor":20,"turns":6},{"damage":28,"enemies":"Snake Plant","floor":22,"turns":4},{"damage":47,"enemies":"Gremlin Leader","floor":24,"turns":6},{"damage":0,"enemies":"Masked Bandits","floor":25,"turns":2},{"damage":31,"enemies":"Slavers","floor":27,"turns":4},{"damage":14,"enemies":"Shelled Parasite and Fungi","floor":30,"turns":4},{"damage":18,"enemies":"3 Cultists","floor":31,"turns":5},{"damage":84,"enemies":"Automaton","floor":33,"turns":6}],"seed_played":"7542911521779799968","potions_obtained":[{"floor":8,"key":"Swift Potion"},{"floor":13,"key":"GamblersBrew"},{"floor":18,"key":"Ancient Potion"},{"floor":22,"key":"EssenceOfSteel"},{"floor":24,"key":"Regen Potion"},{"floor":31,"key":"SmokeBomb"}],"is_trial":false,"path_per_floor":["M","?","?","$","?","E","R","M","T","R","$","?","E","T","R","B",null,"M","?","M","?","M","R","E","?","T","E","$","R","M","M","R","B"],"character_chosen":"DEFECT","items_purchased":["Redo","Master of Strategy","Buffer"],"campfire_rested":2,"item_purchase_floors":[28,28,28],"current_hp_per_floor":[68,61,54,54,54,54,54,54,54,54,54,72,49,49,49,41,67,43,43,45,45,31,53,20,39,39,22,22,22,22,18,55,0],"gold":33,"neow_bonus":"THREE_ENEMY_KILL","is_prod":false,"is_daily":false,"chose_seed":false,"campfire_upgraded":4,"win_rate":0,"timestamp":1560199015,"path_taken":["M","?","?","$","?","E","R","?","T","R","$","?","E","?","R","BOSS","M","?","?","?","M","R","E","?","T","E","$","R","M","?","R","BOSS"],"build_version":"2019-01-23","purchased_purges":2,"victory":false,"max_hp_per_floor":[75,75,75,75,75,75,75,75,75,75,75,75,75,75,75,75,75,75,75,75,75,75,75,75,75,75,75,75,75,75,75,75,75],"card_choices":[{"not_picked":["Compile Driver","Rip and Tear"],"picked":"Sweeping Beam","floor":1},{"not_picked":["Scrape","BootSequence","Cold Snap"],"picked":"SKIP","floor":6},{"not_picked":["Cold Snap","Coolheaded","Stack"],"picked":"SKIP","floor":8},{"not_picked":["Coolheaded","Streamline"],"picked":"Ball Lightning","floor":13},{"not_picked":["Amplify","Seek"],"picked":"Echo Form","floor":16},{"not_picked":["Double Energy","Coolheaded","Beam Cell"],"picked":"SKIP","floor":18},{"not_picked":["Conserve Battery","Cold Snap","Turbo"],"picked":"SKIP","floor":20},{"not_picked":["Steam","Turbo","Streamline"],"picked":"SKIP","floor":22},{"not_picked":["Hologram","Barrage"],"picked":"Rip and Tear","floor":23},{"not_picked":["Hyperbeam","Rebound+1"],"picked":"Electrodynamics","floor":24},{"not_picked":["Doom and Gloom","Fusion+1","Skim+1"],"picked":"SKIP","floor":27},{"not_picked":["Hologram","Rebound","Streamline"],"picked":"SKIP","floor":30},{"not_picked":["Doom and Gloom","Stack"],"picked":"Thunder Strike","floor":31},{"not_picked":["Leap+1","Multi-Cast"],"picked":"Conserve Battery","floor":32}],"player_experience":452801,"relics_obtained":[{"floor":6,"key":"Dream Catcher"},{"floor":9,"key":"Blood Vial"},{"floor":13,"key":"Peace Pipe"},{"floor":14,"key":"Meat on the Bone"},{"floor":24,"key":"Art of War"},{"floor":24,"key":"Pantograph"},{"floor":25,"key":"Red Mask"},{"floor":26,"key":"Oddly Smooth Stone"},{"floor":27,"key":"Regal Pillow"},{"floor":27,"key":"Darkstone Periapt"}],"event_choices":[{"cards_removed":["Strike_B"],"damage_healed":0,"gold_gain":0,"player_choice":"Card Removal","damage_taken":7,"max_hp_gain":0,"max_hp_loss":0,"event_name":"Golden Wing","floor":2,"gold_loss":0},{"damage_healed":0,"gold_gain":0,"player_choice":"Success","damage_taken":7,"relics_obtained":["Dodecahedron"],"max_hp_gain":0,"max_hp_loss":0,"event_name":"Scrap Ooze","floor":3,"gold_loss":0},{"damage_healed":0,"gold_gain":0,"player_choice":"2 cards matched","damage_taken":0,"max_hp_gain":0,"max_hp_loss":0,"event_name":"Match and Keep!","floor":5,"gold_loss":0,"cards_obtained":["Core Surge","Zap"]},{"damage_healed":18,"gold_gain":0,"player_choice":"Healed","damage_taken":0,"max_hp_gain":0,"max_hp_loss":0,"event_name":"The Cleric","floor":12,"gold_loss":35},{"cards_removed":["Strike_B"],"damage_healed":0,"gold_gain":0,"player_choice":"Purged","damage_taken":0,"max_hp_gain":0,"max_hp_loss":0,"event_name":"Purifier","floor":19,"gold_loss":0},{"damage_healed":0,"gold_gain":0,"player_choice":"Ignored","damage_taken":0,"max_hp_gain":0,"max_hp_loss":0,"event_name":"Ghosts","floor":21,"gold_loss":0},{"damage_healed":0,"gold_gain":0,"player_choice":"Fought Bandits","damage_taken":0,"max_hp_gain":0,"max_hp_loss":0,"event_name":"Masked Bandits","floor":25,"gold_loss":0}],"is_beta":false,"boss_relics":[{"not_picked":["Runic Dome","Coffee Dripper"],"picked":"Black Star"}],"items_purged_floors":[4,11],"is_endless":false,"potions_floor_spawned":[8,13,18,22,24,31],"killed_by":"Automaton","ascension_level":6}