{"gold_per_floor":[115,131,148,148,148,148,163,174,174,174,193,212,212,227,227,300,300,314,334,259,269,285,285,185,185],"floor_reached":25,"playtime":1149,"items_purged":["Strike_R","Strike_R"],"score":378,"play_id":"ea132ac6-9e05-4117-9895-86bd351d514c","local_time":"20190731121959","is_ascension_mode":true,"campfire_choices":[{"data":"Feed","floor":6.0,"key":"SMITH"},{"data":"Flex","floor":10.0,"key":"SMITH"},{"data":"Bash","floor":13.0,"key":"SMITH"},{"data":"Heavy Blade","floor":15.0,"key":"SMITH"},{"floor":23,"key":"REST"}],"neow_cost":"NONE","seed_source_timestamp":0,"circlet_count":0,"master_deck":["AscendersBane","Strike_R","Strike_R","Defend_R+1","Defend_R","Defend_R","Defend_R","Bash+1","Flex+1","Flex+1","Feed+1","Twin Strike","Twin Strike","Heavy Blade+1","Cleave"],"special_seed":0,"relics":["Burning Blood","Anchor","Sundial","Runic Cube"],"potions_floor_usage":[16,19],"damage_taken":[{"damage":1.0,"enemies":"Cultist","floor":1.0,"turns":3.0},{"damage":9.0,"enemies":"Jaw Worm","floor":2.0,"turns":5.0},{"damage":10.0,"enemies":"Small Slimes","floor":3.0,"turns":3.0},{"damage":12.0,"enemies":"Exordium Thugs","floor":7.0,"turns":5.0},{"damage":2.0,"enemies":"Exordium Wildlife","floor":8.0,"turns":2.0},{"damage":7.0,"enemies":"Gremlin Gang","floor":11.0,"turns":4.0},{"damage":1.0,"enemies":"Looter","floor":12.0,"turns":2.0},{"damage":2.0,"enemies":"2 Fungi Beasts","floor":14.0,"turns":3.0},{"damage":12,"enemies":"Slime Boss","floor":16,"turns":6},{"damage":25,"enemies":"Spheric Guardian","floor":18,"turns":4},{"damage":7,"enemies":"Chosen","floor":19,"turns":3},{"damage":18,"enemies":"Snecko","floor":21,"turns":4},{"damage":52,"enemies":"Shelled Parasite and Fungi","floor":22,"turns":4},{"damage":46,"enemies":"Book of Stabbing","floor":25,"turns":4}],"seed_played":"-6226921350404098501","potions_obtained":[{"floor":8.0,"key":"GamblersBrew"},{"floor":11.0,"key":"Strength Potion"},{"floor":12.0,"key":"FairyPotion"},{"floor":18,"key":"AttackPotion"}],"is_trial":false,"path_per_floor":["M","M","M","?","?","R","M","M","T","R","M","M","R","M","R","B",null,"M","M","$","M","M","R","$","E"],"character_chosen":"IRONCLAD","items_purchased":[],"campfire_rested":1,"item_purchase_floors":[],"current_hp_per_floor":[73,70,66,66,43,43,37,45,45,45,48,53,53,57,57,51,75,60,59,59,47,14,40,40,0],"gold":185,"neow_bonus":"RANDOM_COMMON_RELIC","is_prod":false,"is_daily":false,"chose_seed":false,"campfire_upgraded":4,"win_rate":0,"timestamp":1564600799,"path_taken":["M","?","M","?","?","R","M","M","T","R","M","M","R","M","R","BOSS","M","M","$","M","M","R","$","E"],"build_version":"2019-07-17","purchased_purges":2,"victory":false,"max_hp_per_floor":[75,75,75,75,75,75,75,79,79,79,83,83,83,83,83,83,83,87,87,87,87,87,87,87,87],"card_choices":[{"not_picked":["Twin Strike","Armaments"],"picked":"Flex","floor":1.0},{"not_picked":["Armaments","Havoc"],"picked":"Flex","floor":2.0},{"not_picked":["Clothesline","Spot Weakness"],"picked":"Feed","floor":3.0},{"not_picked":["Warcry","Wild Strike"],"picked":"Twin Strike","floor":7.0},{"not_picked":["Armaments","Corruption","Clash"],"picked":"SKIP","floor":8.0},{"not_picked":["Power Through","Warcry"],"picked":"Twin Strike","floor":11.0},{"not_picked":["Double Tap","Iron Wave","Twin Strike"],"picked":"SKIP","floor":12.0},{"not_picked":["Double Tap","Iron Wave","Twin Strike"],"picked":"SKIP","floor":12.0},{"not_picked":["Wild Strike","Thunderclap"],"picked":"Heavy Blade","floor":14.0},{"not_picked":["Armaments","Fire Breathing","Dropkick"],"picked":"SKIP","floor":18},{"not_picked":["Armaments","Headbutt"],"picked":"Cleave","floor":19},{"not_picked":["True Grit","Spot Weakness","Perfected Strike"],"picked":"SKIP","floor":21},{"not_picked":["Perfected Strike","Anger","Ghostly Armor"],"picked":"SKIP","floor":22}],"player_experience":479190,"relics_obtained":[{"floor":9.0,"key":"Sundial"}],"event_choices":[{"cards_removed":["Strike_R"],"damage_healed":0.0,"max_hp_gain":0.0,"max_hp_loss":0.0,"gold_gain":0.0,"event_name":"Living Wall","player_choice":"Forget","floor":4.0,"gold_loss":0.0,"damage_taken":0.0},{"damage_healed":0.0,"max_hp_gain":0.0,"max_hp_loss":0.0,"gold_gain":0.0,"event_name":"Shining Light","player_choice":"Entered Light","floor":5.0,"gold_loss":0.0,"damage_taken":23.0,"cards_upgraded":["Flex","Defend_R"]}],"is_beta":false,"boss_relics":[{"not_picked":["Cursed Key","Mark of Pain"],"picked":"Runic Cube"}],"items_purged_floors":[20,24],"is_endless":false,"potions_floor_spawned":[8,11,12,18],"killed_by":"Book of Stabbing","ascension_level":18}