{"gold_per_floor":[118,8,8,8,8,8,23,47,99,122,136,136,151,170,170,170],"floor_reached":16,"playtime":322,"items_purged":["Strike_G"],"score":94,"play_id":"53c724a9-a3fe-409c-b7b6-7e9feea31579","local_time":"20190531000348","is_ascension_mode":false,"campfire_choices":[{"data":"Infinite Blades","floor":6.0,"key":"SMITH"},{"data":"Blade Dance","floor":12.0,"key":"SMITH"},{"data":"Cloak And Dagger","floor":15.0,"key":"SMITH"}],"neow_cost":"NONE","seed_source_timestamp":0,"circlet_count":0,"master_deck":["Defend_G","Defend_G","Defend_G","Strike_G","Strike_G","Strike_G","Strike_G","Survivor","Neutralize","Cloak And Dagger+1","Infinite Blades+1","Blade Dance+1"],"special_seed":0,"relics":["Ring of the Snake","Golden Idol","Snake Skull"],"potions_floor_usage":[],"damage_taken":[{"damage":0.0,"enemies":"2 Louse","floor":1.0,"turns":2.0},{"damage":0.0,"enemies":"Small Slimes","floor":7.0,"turns":3.0},{"damage":0.0,"enemies":"Cultist","floor":8.0,"turns":4.0},{"damage":2.0,"enemies":"Exordium Thugs","floor":10.0,"turns":6.0},{"damage":7.0,"enemies":"Large Slime","floor":11.0,"turns":8.0},{"damage":9.0,"enemies":"Gremlin Gang","floor":13.0,"turns":4.0},{"damage":0.0,"enemies":"Exordium Thugs","floor":14.0,"turns":4.0},{"damage":0,"enemies":"Hexaghost","floor":16,"turns":1}],"seed_played":"-3506527449106528230","potions_obtained":[{"floor":5.0,"key":"SkillPotion"},{"floor":5.0,"key":"FairyPotion"},{"floor":5.0,"key":"GhostInAJar"},{"floor":7.0,"key":"SkillPotion"},{"floor":11.0,"key":"Ancient Potion"},{"floor":14.0,"key":"Poison Potion"}],"is_trial":false,"path_per_floor":["M","$","?","?","?","R","M","M","T","M","M","R","M","M","R","B"],"character_chosen":"THE_SILENT","items_purchased":["Infinite Blades"],"campfire_rested":0,"item_purchase_floors":[2],"current_hp_per_floor":[70,70,65,58,58,58,58,58,58,56,49,49,40,40,40,40],"gold":170,"neow_bonus":"REMOVE_CARD","is_prod":false,"is_daily":false,"chose_seed":false,"campfire_upgraded":3,"win_rate":0,"timestamp":1559286228,"path_taken":["M","$","?","?","?","R","M","M","T","?","M","R","M","M","R","BOSS"],"build_version":"2019-01-23","purchased_purges":1,"victory":false,"max_hp_per_floor":[70,70,65,65,65,65,65,65,65,65,65,65,65,65,65,65],"card_choices":[{"not_picked":["Eviscerate","Escape Plan"],"picked":"Cloak And Dagger","floor":1.0},{"not_picked":["Slice","PiercingWail","Crippling Poison"],"picked":"SKIP","floor":7.0},{"not_picked":["Bane","Backflip","Deflect"],"picked":"SKIP","floor":8.0},{"not_picked":["Outmaneuver","Dagger Spray"],"picked":"Blade Dance","floor":10.0},{"not_picked":["Quick Slash","Backflip","Phantasmal Killer"],"picked":"SKIP","floor":11.0},{"not_picked":["Deflect","Flying Knee","Reflex"],"picked":"SKIP","floor":13.0},{"not_picked":["Backflip","Poisoned Stab","Deadly Poison"],"picked":"SKIP","floor":14.0}],"player_experience":425205,"relics_obtained":[{"floor":9.0,"key":"Snake Skull"}],"event_choices":[{"damage_healed":0.0,"max_hp_gain":0.0,"max_hp_loss":5.0,"gold_gain":0.0,"event_name":"Golden Idol","player_choice":"Lose Max HP","floor":3.0,"gold_loss":0.0,"damage_taken":0.0,"relics_obtained":["Golden Idol"]},{"cards_removed":["Defend_G"],"damage_healed":0.0,"max_hp_gain":0.0,"max_hp_loss":0.0,"gold_gain":0.0,"event_name":"Golden Wing","player_choice":"Card Removal","floor":4.0,"gold_loss":0.0,"damage_taken":7.0},{"damage_healed":0.0,"max_hp_gain":0.0,"max_hp_loss":0.0,"gold_gain":0.0,"event_name":"Lab","player_choice":"Got Potions","floor":5.0,"gold_loss":0.0,"damage_taken":0.0}],"is_beta":false,"boss_relics":[],"items_purged_floors":[2],"is_endless":false,"potions_floor_spawned":[7,11,14],"killed_by":"Hexaghost","ascension_level":0}