{"gold_per_floor":[111,111,35,54,54,83,83,100,100,119,84,101,136,149,149,254,254,268,268,284,199,78,78,107,107,184,184,184,212,212,232,232,333,333,347,358,61,61,61,61,0,0,23,23,35,51,69,69,69,69],"floor_reached":51,"playtime":5253,"items_purged":["Strike_R"],"score":1081,"play_id":"2f9fdb47-ebe6-4989-93f6-9e2237157620","local_time":"20180725183000","is_ascension_mode":true,"campfire_choices":[{"floor":7.0,"key":"REST"},{"data":"Heavy Blade","floor":15.0,"key":"SMITH"},{"floor":23.0,"key":"REST"},{"floor":32.0,"key":"REST"},{"data":"Armaments","floor":40.0,"key":"SMITH"},{"data":"Inflame","floor":42.0,"key":"SMITH"},{"floor":49,"key":"REST"}],"neow_cost":"NONE","seed_source_timestamp":0,"circlet_count":0,"master_deck":["Strike_R+1","Strike_R+1","Strike_R+1","Defend_R+1","Defend_R+1","Defend_R+1","Defend_R+1","Bash+1","Twin Strike","Inflame+1","Heavy Blade+1","Ghostly Armor","Headbutt","Shrug It Off","Impervious","Heavy Blade+1","Spot Weakness","Cleave","Whirlwind+1","Armaments+1","Metallicize+1","Juggernaut+1","Flex+1","Barricade+1","Seeing Red+1","Finesse+1","Clash+1","Disarm+1","Madness+1","Madness+1"],"special_seed":0,"relics":["Burning Blood","Darkstone Periapt","Pear","Bag of Marbles","Velvet Choker","Juzu Bracelet","Frozen Egg 2","Toxic Egg 2","Peace Pipe","Busted Crown","Bronze Scales","Oddly Smooth Stone","Charon\u0027s Ashes","Red Mask","Happy Flower"],"potions_floor_usage":[47,47],"damage_taken":[{"damage":1.0,"enemies":"Cultist","floor":1.0,"turns":3.0},{"damage":1.0,"enemies":"2 Louse","floor":4.0,"turns":2.0},{"damage":58.0,"enemies":"Gremlin Nob","floor":6.0,"turns":5.0},{"damage":9.0,"enemies":"Jaw Worm","floor":8.0,"turns":3.0},{"damage":2.0,"enemies":"Exordium Wildlife","floor":10.0,"turns":4.0},{"damage":3.0,"enemies":"Blue Slaver","floor":12.0,"turns":5.0},{"damage":21.0,"enemies":"3 Sentries","floor":13.0,"turns":8.0},{"damage":11.0,"enemies":"Large Slime","floor":14.0,"turns":9.0},{"damage":46.0,"enemies":"Hexaghost","floor":16.0,"turns":14.0},{"damage":29.0,"enemies":"3 Byrds","floor":18.0,"turns":6.0},{"damage":22.0,"enemies":"Spheric Guardian","floor":20.0,"turns":4.0},{"damage":8.0,"enemies":"Slavers","floor":24.0,"turns":4.0},{"damage":29.0,"enemies":"Gremlin Leader","floor":29.0,"turns":5.0},{"damage":7.0,"enemies":"Snake Plant","floor":31.0,"turns":4.0},{"damage":32.0,"enemies":"Collector","floor":33.0,"turns":10.0},{"damage":0.0,"enemies":"Flame Bruiser 1 Orb","floor":35.0,"turns":3.0},{"damage":1.0,"enemies":"Orb Walker","floor":36.0,"turns":2.0},{"damage":0.0,"floor":38.0,"turns":7.0},{"damage":10.0,"enemies":"Spire Growth","floor":45.0,"turns":4.0},{"damage":4.0,"enemies":"Transient","floor":46.0,"turns":5.0},{"damage":20,"enemies":"Maw","floor":47,"turns":7},{"damage":16,"enemies":"Awakened One","floor":50,"turns":10}],"seed_played":"4231522881019542076","potions_obtained":[{"floor":8.0,"key":"Fire Potion"},{"floor":10.0,"key":"Dexterity Potion"},{"floor":13.0,"key":"Block Potion"},{"floor":14.0,"key":"Weak Potion"},{"floor":18.0,"key":"Energy Potion"},{"floor":25.0,"key":"AttackPotion"},{"floor":25.0,"key":"Energy Potion"},{"floor":29.0,"key":"Swift Potion"},{"floor":33.0,"key":"BloodPotion"},{"floor":46,"key":"SkillPotion"}],"is_trial":false,"path_per_floor":["M","?","$","M","?","E","R","M","T","M","?","M","E","M","R","B",null,"M","?","M","?","$","R","E","?","T","?","?","E","?","M","R","B",null,"M","M","$","?","?","R","?","R","T","?","M","M","M","?","R","B"],"character_chosen":"IRONCLAD","items_purchased":["Inflame","Armaments","Bronze Scales","Oddly Smooth Stone"],"campfire_rested":4,"item_purchase_floors":[3,22,37,37],"current_hp_per_floor":[80,80,80,80,80,28,52,49,59,63,85,88,73,68,68,28,90,67,67,51,51,51,78,76,76,76,76,76,53,53,52,79,53,90,90,90,90,90,90,90,90,90,90,90,86,88,83,72,90,80],"gold":69,"neow_bonus":"REMOVE_CARD","is_prod":false,"is_daily":false,"chose_seed":false,"campfire_upgraded":3,"win_rate":0,"timestamp":1532539800,"path_taken":["M","?","$","M","?","E","R","M","T","?","?","M","E","M","R","BOSS","M","?","?","?","$","R","E","?","T","?","?","E","?","M","R","BOSS","M","M","$","?","?","R","?","R","T","?","M","M","M","?","R","BOSS"],"build_version":"2018-07-19v2","purchased_purges":1,"victory":true,"max_hp_per_floor":[80,80,80,80,80,80,80,80,90,90,90,90,90,90,90,90,90,90,90,90,90,90,90,90,90,90,90,90,90,90,90,90,90,90,90,90,90,90,90,90,90,90,90,90,90,90,90,90,90,90],"card_choices":[{"not_picked":["Thunderclap","Perfected Strike"],"picked":"Twin Strike","floor":1.0},{"not_picked":["Wild Strike","Intimidate","Havoc"],"picked":"SKIP","floor":4.0},{"not_picked":["Thunderclap","Headbutt"],"picked":"Heavy Blade","floor":6.0},{"not_picked":["Seeing Red","Dark Embrace"],"picked":"Ghostly Armor","floor":8.0},{"not_picked":["Hemokinesis","Power Through","Perfected Strike"],"picked":"SKIP","floor":10.0},{"not_picked":["Fire Breathing","Armaments"],"picked":"Headbutt","floor":12.0},{"not_picked":["Reckless Charge","Iron Wave"],"picked":"Shrug It Off","floor":13.0},{"not_picked":["Sword Boomerang","Clothesline","Perfected Strike"],"picked":"SKIP","floor":14.0},{"not_picked":["Bludgeon","Exhume"],"picked":"Impervious","floor":16.0},{"not_picked":["Clothesline","Wild Strike+1"],"picked":"Heavy Blade+1","floor":18.0},{"not_picked":["Perfected Strike","Thunderclap"],"picked":"Whirlwind","floor":20.0},{"not_picked":["Wild Strike","True Grit"],"picked":"Metallicize","floor":24.0},{"not_picked":["Cleave","Twin Strike"],"picked":"Juggernaut+1","floor":29.0},{"not_picked":["Dropkick","Armaments+1"],"picked":"Flex+1","floor":31.0},{"not_picked":["Dark Embrace+1","Double Tap+1"],"picked":"Barricade+1","floor":33.0},{"not_picked":[],"picked":"Seeing Red+1","floor":35.0},{"not_picked":["Iron Wave"],"picked":"SKIP","floor":36.0},{"not_picked":[],"picked":"Finesse+1","floor":39.0},{"not_picked":[],"picked":"Clash+1","floor":45.0},{"not_picked":[],"picked":"Disarm+1","floor":46},{"not_picked":["Twin Strike+1"],"picked":"SKIP","floor":47}],"player_experience":500319,"relics_obtained":[{"floor":6.0,"key":"Darkstone Periapt"},{"floor":9.0,"key":"Pear"},{"floor":13.0,"key":"Bag of Marbles"},{"floor":24.0,"key":"Frozen Egg 2"},{"floor":26.0,"key":"Toxic Egg 2"},{"floor":29.0,"key":"Peace Pipe"},{"floor":38.0,"key":"Charon\u0027s Ashes"},{"floor":43.0,"key":"Happy Flower"}],"event_choices":[{"event_name":"Upgrade Shrine","player_choice":"Upgraded","floor":2.0,"damage_taken":0.0},{"event_name":"Liars Game","player_choice":"disagreed","floor":5.0,"damage_taken":0.0},{"event_name":"The Cleric","player_choice":"Healed","floor":11.0,"damage_taken":0.0},{"event_name":"Match and Keep!","player_choice":"2 cards matched","floor":19.0,"damage_taken":0.0},{"event_name":"Addict","player_choice":"Obtained Relic","floor":21.0,"damage_taken":0.0},{"event_name":"The Lab","player_choice":"Got Potions","floor":25.0,"damage_taken":0.0},{"event_name":"Upgrade Shrine","player_choice":"Upgraded","floor":27.0,"damage_taken":0.0},{"event_name":"The Woman in Blue","player_choice":"Bought 0 Potions","floor":28.0,"damage_taken":0.0},{"event_name":"Back to Basics","player_choice":"Simplicity","floor":30.0,"damage_taken":0.0},{"event_name":"MindBloom","player_choice":"Fight","floor":38.0,"damage_taken":0.0},{"event_name":"SensoryStone","player_choice":"Memory 1","floor":39.0,"damage_taken":0.0},{"event_name":"Tomb of Lord Red Mask","player_choice":"Paid","floor":41.0,"damage_taken":0.0},{"event_name":"Transmorgrifier","player_choice":"Skipped","floor":44.0,"damage_taken":0.0},{"event_name":"Winding Halls","player_choice":"Embrace Madness","floor":48,"damage_taken":0}],"is_beta":false,"boss_relics":[{"not_picked":["Snecko Eye","Calling Bell"],"picked":"Velvet Choker"},{"not_picked":["Empty Cage","Black Blood"],"picked":"Busted Crown"}],"items_purged_floors":[22],"is_endless":false,"potions_floor_spawned":[8,10,13,14,18,29,33,35,46],"ascension_level":3}