{"path_per_floor":["M","M","$","M","?","R","M","R","T","?","M","M","M","?","R","B",null,"M","M","M","$"],"character_chosen":"THE_SILENT","items_purchased":["Bandage Up","Cloak And Dagger","Dramatic Entrance"],"gold_per_floor":[209,223,34,48,48,48,62,62,62,62,74,87,106,106,106,211,211,228,202,220,28,28],"floor_reached":22,"campfire_rested":0,"playtime":2477,"current_hp_per_floor":[70,70,70,70,70,70,70,70,70,70,70,70,70,70,70,47,70,63,35,26,26,0],"items_purged":["Strike_G","Strike_G"],"gold":28,"score":180,"play_id":"27b5625f-be37-4389-ab17-148d2bc08fcc","local_time":"20180510133120","is_prod":false,"is_daily":false,"chose_seed":false,"is_ascension_mode":false,"campfire_upgraded":3,"timestamp":1525955480,"path_taken":["M","M","$","M","?","R","?","R","T","?","?","M","M","?","R","BOSS","M","M","?","$","M"],"build_version":"2018-05-03","seed_source_timestamp":84076570928701,"purchased_purges":2,"victory":false,"master_deck":["Defend_G","Defend_G","Defend_G","Defend_G","Survivor","Neutralize","Bane","Dagger Throw","Bandage Up+1","Cloak And Dagger+1","Quick Slash","Heel Hook","Cloak And Dagger","Noxious Fumes+1","Blur","Eviscerate+1","Terror+1","Unload+1","Accuracy","Bane","Dramatic Entrance"],"max_hp_per_floor":[70,70,70,70,70,70,70,70,70,70,70,70,70,70,70,70,70,70,70,70,70,70],"relics":["Ring of the Snake","Tough Bandages","Astrolabe"],"card_choices":[{"not_picked":["Underhanded Strike","Acrobatics"],"picked":"Bane","floor":1},{"not_picked":["Endless Agony","Sucker Punch"],"picked":"Dagger Throw","floor":2},{"not_picked":["Leg Sweep","Dodge and Roll"],"picked":"Quick Slash","floor":4},{"not_picked":["Eviscerate","Terror"],"picked":"Heel Hook","floor":7},{"not_picked":["Underhanded Strike","Escape Plan"],"picked":"Cloak And Dagger","floor":11},{"not_picked":["Cloak And Dagger","Finisher"],"picked":"Noxious Fumes","floor":12},{"not_picked":["Malaise","PiercingWail"],"picked":"Blur","floor":13},{"not_picked":["Deflect","Infinite Blades"],"picked":"Accuracy","floor":18},{"not_picked":["Calculated Gamble","Deflect"],"picked":"Bane","floor":19}],"player_experience":76881,"potions_floor_usage":[20,22],"damage_taken":[{"damage":0,"enemies":"Small Slimes","floor":1,"turns":7},{"damage":0,"enemies":"Jaw Worm","floor":2,"turns":5},{"damage":0,"enemies":"Cultist","floor":4,"turns":4},{"damage":0,"enemies":"Looter","floor":7,"turns":5},{"damage":0,"enemies":"Red Slaver","floor":11,"turns":4},{"damage":1,"enemies":"Exordium Wildlife","floor":12,"turns":3},{"damage":0,"enemies":"Looter","floor":13,"turns":3},{"damage":29,"enemies":"Hexaghost","floor":16,"turns":11},{"damage":7,"enemies":"Chosen","floor":18,"turns":4},{"damage":34,"enemies":"2 Thieves","floor":19,"turns":5},{"damage":27,"enemies":"Cultist and Chosen","floor":20,"turns":7},{"damage":32,"enemies":"Sentry and Sphere","floor":22,"turns":5}],"event_choices":[{"event_name":"The Cleric","player_choice":"Leave","floor":5,"damage_taken":0},{"event_name":"The Woman in Blue","player_choice":"Bought 0 Potions","floor":10,"damage_taken":0},{"event_name":"Living Wall","player_choice":"Forget","floor":14,"damage_taken":0}],"boss_relics":[{"not_picked":["Sozu","Calling Bell"],"picked":"Astrolabe"}],"potions_floor_spawned":[7,11,13,19],"seed_played":"1200388726023714873","killed_by":"Sentry and Sphere","ascension_level":0,"is_trial":false}