{"gold_per_floor":[109,58,76,92,104,104,137,137,137,137,153,185,201,213,213,312,312,323,58,75,87,87,87,103,103,154,154,187,238,238,198,198,303,303,323,75,86,86,106,106,106,106,106,106,135,135,135,160,160,160],"floor_reached":51,"playtime":3474,"items_purged":[],"score":864,"play_id":"b404031f-dc2b-4fad-bb5b-9b599469b084","local_time":"20181108194940","is_ascension_mode":true,"campfire_choices":[{"data":"Heavy Blade","floor":6,"key":"SMITH"},{"floor":10,"key":"REST"},{"floor":15,"key":"REST"},{"floor":23,"key":"REST"},{"data":"Limit Break","floor":27,"key":"SMITH"},{"floor":30,"key":"REST"},{"data":"Limit Break","floor":32,"key":"SMITH"},{"floor":40,"key":"REST"},{"data":"Enlightenment","floor":44,"key":"SMITH"},{"floor":46,"key":"REST"},{"data":"1","floor":49,"key":"LIFT"}],"neow_cost":"NONE","seed_source_timestamp":1734346326329964,"circlet_count":0,"master_deck":["Strike_R","Strike_R","Strike_R","Strike_R","Strike_R","Defend_R","Defend_R","Defend_R","Defend_R","Bash+1","Shrug It Off","Cleave","Warcry","Heavy Blade+1","Inflame","Flex","Heavy Blade+1","Limit Break+1","Inflame","Limit Break+1","Body Slam+1","Metallicize","Whirlwind+1","Anger+1","Writhe","Battle Trance+1","Barricade","Shrug It Off+1","Enlightenment+1","Writhe"],"relics":["Burning Blood","Girya","Molten Egg 2","Letter Opener","Velvet Choker","ClockworkSouvenir","Ancient Tea Set","PreservedInsect","Singing Bowl","Boot","Ornamental Fan","The Courier","Juzu Bracelet","Ice Cream","Happy Flower"],"potions_floor_usage":[14,20,33,35,39,45,50],"damage_taken":[{"damage":3,"enemies":"2 Louse","floor":1,"turns":4},{"damage":0,"enemies":"Small Slimes","floor":3,"turns":3},{"damage":18,"enemies":"Jaw Worm","floor":4,"turns":5},{"damage":15,"enemies":"Large Slime","floor":5,"turns":8},{"damage":15,"enemies":"Gremlin Nob","floor":7,"turns":4},{"damage":15,"enemies":"Red Slaver","floor":11,"turns":3},{"damage":20,"enemies":"3 Sentries","floor":12,"turns":7},{"damage":20,"enemies":"2 Fungi Beasts","floor":13,"turns":4},{"damage":10,"enemies":"Large Slime","floor":14,"turns":3},{"damage":52,"enemies":"Hexaghost","floor":16,"turns":7},{"damage":37,"enemies":"Shell Parasite","floor":18,"turns":5},{"damage":3,"enemies":"Chosen","floor":20,"turns":5},{"damage":23,"enemies":"Sentry and Sphere","floor":21,"turns":4},{"damage":9,"enemies":"Cultist and Chosen","floor":24,"turns":3},{"damage":41,"enemies":"Book of Stabbing","floor":28,"turns":4},{"damage":56,"enemies":"Champ","floor":33,"turns":7},{"damage":19,"enemies":"Orb Walker","floor":35,"turns":3},{"damage":6,"enemies":"3 Shapes","floor":37,"turns":4},{"damage":34,"enemies":"Jaw Worm Horde","floor":39,"turns":3},{"damage":45,"enemies":"Giant Head","floor":45,"turns":7},{"damage":101,"enemies":"Time Eater","floor":50,"turns":7}],"seed_played":"5108699906355195756","potions_obtained":[{"floor":1,"key":"SkillPotion"},{"floor":4,"key":"Poison Potion"},{"floor":12,"key":"SkillPotion"},{"floor":24,"key":"Regen Potion"},{"floor":33,"key":"PowerPotion"},{"floor":37,"key":"BloodPotion"},{"floor":39,"key":"SpeedPotion"},{"floor":45,"key":"Energy Potion"}],"is_trial":false,"path_per_floor":["M","$","M","M","M","R","E","?","T","R","M","E","M","M","R","B",null,"M","$","M","M","?","R","M","?","T","R","E","T","R","?","R","B",null,"M","$","M","$","M","R","T","?","T","R","E","R","?","T","R","B",null],"character_chosen":"IRONCLAD","items_purchased":["Cleave","ClockworkSouvenir","Metallicize","Ornamental Fan"],"campfire_rested":6,"item_purchase_floors":[2,19,19,36],"current_hp_per_floor":[88,88,88,76,67,67,58,58,58,84,75,61,47,43,69,23,88,57,57,60,43,43,69,66,88,88,88,55,55,82,82,82,44,90,77,77,79,79,53,81,81,81,81,81,44,72,96,96,96,10],"gold":160,"neow_bonus":"TEN_PERCENT_HP_BONUS","is_prod":false,"is_daily":false,"chose_seed":false,"campfire_upgraded":4,"win_rate":0,"timestamp":1541706580,"path_taken":["M","$","M","M","M","R","E","?","T","R","M","E","M","M","R","BOSS","M","$","M","M","?","R","M","?","T","R","E","?","R","?","R","BOSS","M","$","M","$","M","R","?","?","T","R","E","R","?","?","R","BOSS"],"build_version":"2018-11-01","purchased_purges":0,"victory":true,"max_hp_per_floor":[88,88,88,88,88,88,88,88,88,88,88,88,88,88,88,88,88,88,88,88,88,88,88,88,88,88,88,90,90,90,90,90,90,90,90,90,92,92,94,94,94,94,94,94,96,96,96,96,96,96],"card_choices":[{"not_picked":["Ghostly Armor","Body Slam"],"picked":"Shrug It Off","floor":1},{"not_picked":["Bloodletting","Wild Strike"],"picked":"Warcry","floor":3},{"not_picked":["Ghostly Armor","Reckless Charge"],"picked":"Heavy Blade","floor":4},{"not_picked":["Armaments","Havoc"],"picked":"Inflame","floor":5},{"not_picked":["Perfected Strike","Power Through"],"picked":"Flex","floor":7},{"not_picked":["Twin Strike+1","Thunderclap+1"],"picked":"Heavy Blade+1","floor":11},{"not_picked":["Pommel Strike+1","Ghostly Armor"],"picked":"Limit Break","floor":12},{"not_picked":["Clothesline+1","Feel No Pain","Evolve"],"picked":"SKIP","floor":13},{"not_picked":["Headbutt+1","Intimidate"],"picked":"Inflame","floor":14},{"not_picked":["Immolate+1","Brutality"],"picked":"Limit Break","floor":16},{"not_picked":["Pummel+1","Wild Strike+1"],"picked":"Body Slam+1","floor":18},{"not_picked":["Pommel Strike+1","Flame Barrier"],"picked":"Whirlwind+1","floor":20},{"not_picked":["Clash+1","Combust"],"picked":"Anger+1","floor":21},{"not_picked":["Sentinel+1","Wild Strike+1"],"picked":"Battle Trance+1","floor":24},{"not_picked":["Pommel Strike+1","Perfected Strike+1","Impervious"],"picked":"Singing Bowl","floor":28},{"not_picked":["Double Tap","Fiend Fire+1"],"picked":"Barricade","floor":33},{"not_picked":["Carnage+1","Pommel Strike+1"],"picked":"Shrug It Off+1","floor":35},{"not_picked":["Reckless Charge+1","Headbutt+1","Clothesline+1"],"picked":"Singing Bowl","floor":37},{"not_picked":["Havoc+1","Feel No Pain+1","Thunderclap+1"],"picked":"Singing Bowl","floor":39},{"not_picked":["Impatience","Trip"],"picked":"Enlightenment","floor":42},{"not_picked":["Combust","Pommel Strike+1","Perfected Strike+1"],"picked":"Singing Bowl","floor":45}],"player_experience":793488,"relics_obtained":[{"floor":7,"key":"Girya"},{"floor":9,"key":"Molten Egg 2"},{"floor":12,"key":"Letter Opener"},{"floor":26,"key":"PreservedInsect"},{"floor":28,"key":"Singing Bowl"},{"floor":29,"key":"Boot"},{"floor":41,"key":"The Courier"},{"floor":43,"key":"Juzu Bracelet"},{"floor":45,"key":"Ice Cream"},{"floor":48,"key":"Happy Flower"}],"event_choices":[{"damage_healed":0,"gold_gain":0,"player_choice":"Ignored","damage_taken":0,"max_hp_gain":0,"max_hp_loss":0,"event_name":"Liars Game","floor":8,"gold_loss":0},{"damage_healed":0,"gold_gain":0,"player_choice":"Opened","damage_taken":0,"relics_obtained":["Ancient Tea Set"],"max_hp_gain":0,"max_hp_loss":0,"event_name":"The Mausoleum","floor":22,"gold_loss":0,"cards_obtained":["Writhe"]},{"damage_healed":29,"gold_gain":0,"player_choice":"Heal","damage_taken":0,"max_hp_gain":0,"max_hp_loss":0,"event_name":"The Library","floor":25,"gold_loss":0},{"damage_healed":0,"gold_gain":0,"player_choice":"Upgrade","damage_taken":0,"max_hp_gain":0,"max_hp_loss":0,"event_name":"Designer","floor":31,"gold_loss":40,"cards_upgraded":["Bash"]},{"damage_healed":0,"gold_gain":0,"player_choice":"Memory 1","damage_taken":0,"max_hp_gain":0,"max_hp_loss":0,"event_name":"SensoryStone","floor":42,"gold_loss":0},{"damage_healed":24,"gold_gain":0,"player_choice":"Writhe","damage_taken":0,"max_hp_gain":0,"max_hp_loss":0,"event_name":"Winding Halls","floor":47,"gold_loss":0,"cards_obtained":["Writhe"]}],"is_beta":false,"boss_relics":[{"not_picked":["Eternal Feather","Runic Cube"],"picked":"Velvet Choker"},{"not_picked":["Philosopher\u0027s Stone","Calling Bell","Snecko Eye"]}],"items_purged_floors":[],"is_endless":false,"potions_floor_spawned":[1,4,12,13,24,33,37,39,45],"ascension_level":4}