{"gold_per_floor":[119,134,149,52,67,101,101,113,186,186,186,214,34,46,46,142,142,127,144,19,29,39,39,39,39,39,39,55,55,55,75,75,75],"floor_reached":33,"playtime":9502,"items_purged":["Strike_R","Strike_R","Strike_R"],"score":259,"play_id":"a0f23950-e712-4974-8769-f7df39d52537","local_time":"20190728032434","is_ascension_mode":false,"campfire_choices":[{"data":"Flame Barrier","floor":7,"key":"SMITH"},{"data":"Armaments","floor":11,"key":"SMITH"},{"data":"Corruption","floor":15,"key":"SMITH"},{"data":"Feel No Pain","floor":23,"key":"SMITH"},{"data":"Shockwave","floor":27,"key":"SMITH"},{"data":"Warcry","floor":30,"key":"SMITH"},{"data":"Juggernaut","floor":32,"key":"SMITH"}],"neow_cost":"NONE","seed_source_timestamp":36965783417089,"circlet_count":0,"master_deck":["Strike_R","Strike_R","Defend_R","Defend_R","Defend_R","Defend_R","Bash+1","True Grit","Flame Barrier+1","Armaments+1","Iron Wave","Pommel Strike","Body Slam","Shrug It Off","Feel No Pain+1","Corruption+1","Juggernaut+1","Warcry+1","Shockwave+1","Warcry+1"],"relics":["Burning Blood","Ginger","Unceasing Top","Philosopher\u0027s Stone","Orichalcum","The Courier"],"potions_floor_usage":[14,16,16,22,31,33],"damage_taken":[{"damage":1,"enemies":"2 Louse","floor":1,"turns":3},{"damage":0,"enemies":"Cultist","floor":2,"turns":4},{"damage":3,"enemies":"Jaw Worm","floor":3,"turns":7},{"damage":0,"enemies":"Blue Slaver","floor":5,"turns":5},{"damage":24,"enemies":"Lagavulin","floor":6,"turns":12},{"damage":0,"enemies":"3 Louse","floor":8,"turns":4},{"damage":8,"enemies":"3 Sentries","floor":12,"turns":9},{"damage":8,"enemies":"Lots of Slimes","floor":14,"turns":4},{"damage":49,"enemies":"Slime Boss","floor":16,"turns":22},{"damage":9,"enemies":"2 Thieves","floor":18,"turns":4},{"damage":13,"enemies":"Spheric Guardian","floor":19,"turns":5},{"damage":17,"enemies":"3 Cultists","floor":21,"turns":5},{"damage":10,"enemies":"Chosen and Byrds","floor":22,"turns":5},{"damage":16,"enemies":"Snake Plant","floor":28,"turns":5},{"damage":3,"enemies":"Colosseum Slavers","floor":29,"turns":5},{"damage":0,"enemies":"Cultist and Chosen","floor":31,"turns":7},{"damage":66,"enemies":"Collector","floor":33,"turns":6}],"seed_played":"5337311282194258621","potions_obtained":[{"floor":2,"key":"LiquidBronze"},{"floor":8,"key":"BloodPotion"},{"floor":14,"key":"Block Potion"},{"floor":16,"key":"Weak Potion"},{"floor":18,"key":"SpeedPotion"},{"floor":19,"key":"LiquidBronze"},{"floor":28,"key":"Weak Potion"}],"is_trial":false,"path_per_floor":["M","M","M","$","M","E","R","M","T","?","R","E","$","M","R","B",null,"M","M","$","M","M","R","$","?","T","R","M","?","R","M","R","B"],"character_chosen":"IRONCLAD","items_purchased":["Iron Wave","Corruption"],"campfire_rested":0,"item_purchase_floors":[4,13],"current_hp_per_floor":[80,80,80,80,80,62,62,68,68,68,68,66,66,64,64,41,80,77,70,70,59,55,55,55,55,55,55,45,48,48,54,54,0],"gold":75,"neow_bonus":"UPGRADE_CARD","is_prod":false,"is_daily":false,"chose_seed":false,"campfire_upgraded":7,"win_rate":0,"timestamp":1564298674,"path_taken":["M","M","M","$","M","E","R","M","T","?","R","E","$","M","R","BOSS","M","?","$","M","M","R","$","?","T","R","M","?","R","M","R","BOSS"],"build_version":"2019-07-17","purchased_purges":3,"victory":false,"max_hp_per_floor":[80,80,80,80,80,80,80,80,80,80,80,80,80,80,80,80,80,80,80,80,80,80,80,80,80,80,80,80,80,80,80,80,80],"card_choices":[{"not_picked":["Flex","Clash"],"picked":"True Grit","floor":1},{"not_picked":["Perfected Strike","Warcry"],"picked":"Flame Barrier","floor":2},{"not_picked":["Shrug It Off","Clothesline"],"picked":"Armaments","floor":3},{"not_picked":["Infernal Blade","Clash"],"picked":"Pommel Strike","floor":5},{"not_picked":["Infernal Blade","Flex"],"picked":"Body Slam","floor":6},{"not_picked":["Iron Wave","Clash"],"picked":"Shrug It Off","floor":8},{"not_picked":["Body Slam","Brutality"],"picked":"Feel No Pain","floor":12},{"not_picked":["Cleave","Fire Breathing","Second Wind"],"picked":"SKIP","floor":14},{"not_picked":["Bludgeon","Feed"],"picked":"Juggernaut","floor":16},{"not_picked":["Armaments","Thunderclap"],"picked":"Warcry","floor":18},{"not_picked":["Iron Wave","Combust","Perfected Strike"],"picked":"SKIP","floor":19},{"not_picked":["True Grit+1","Rupture"],"picked":"Shockwave","floor":21},{"not_picked":["Second Wind+1","Perfected Strike+1","Thunderclap"],"picked":"SKIP","floor":22},{"not_picked":["True Grit","Anger"],"picked":"Warcry+1","floor":28},{"not_picked":["Pommel Strike","Warcry","Thunderclap"],"picked":"SKIP","floor":31}],"player_experience":228206,"relics_obtained":[{"floor":6,"key":"Ginger"},{"floor":12,"key":"Unceasing Top"},{"floor":26,"key":"The Courier"}],"event_choices":[{"damage_healed":0,"gold_gain":0,"player_choice":"Ignored","damage_taken":0,"max_hp_gain":0,"max_hp_loss":0,"event_name":"NoteForYourself","floor":10,"gold_loss":0},{"damage_healed":0,"gold_gain":0,"player_choice":"Opened","damage_taken":0,"relics_obtained":["Orichalcum"],"max_hp_gain":0,"max_hp_loss":0,"event_name":"The Mausoleum","floor":25,"gold_loss":0},{"damage_healed":0,"gold_gain":0,"player_choice":"Fight","damage_taken":0,"max_hp_gain":0,"max_hp_loss":0,"event_name":"Colosseum","floor":29,"gold_loss":0},{"damage_healed":0,"gold_gain":0,"player_choice":"Fled From Nobs","damage_taken":0,"max_hp_gain":0,"max_hp_loss":0,"event_name":"Colosseum","floor":29,"gold_loss":0}],"is_beta":false,"boss_relics":[{"not_picked":["Pandora\u0027s Box","Calling Bell"],"picked":"Philosopher\u0027s Stone"}],"items_purged_floors":[4,13,20],"is_endless":false,"potions_floor_spawned":[2,8,14,16,18,19,28,29],"killed_by":"Collector","ascension_level":0}