{"gold_per_floor":[119,219,230,250,108,143,154,154,178,189,89,107,118,83,83,179,179,191,66,66,85,99,99,119,119,119,119,119,119,135,148,148,253,253,272,272,272,286,297,297,316,34,34,34,0,0,0,14,14,14,14,14,14,39,39],"floor_reached":55,"playtime":16448,"items_purged":["Strike_B","Defend_B","Zap"],"score":621,"play_id":"103cf560-e13b-4592-aa63-69bed46e12f6","local_time":"20190802045940","is_ascension_mode":false,"campfire_choices":[{"data":"Defragment","floor":8,"key":"SMITH"},{"data":"Double Energy","floor":15,"key":"SMITH"},{"data":"Undo","floor":23,"key":"SMITH"},{"data":"Multi-Cast","floor":25,"key":"SMITH"},{"data":"Hologram","floor":28,"key":"SMITH"},{"data":"Turbo","floor":32,"key":"SMITH"},{"data":"Machine Learning","floor":40,"key":"SMITH"},{"data":"Reboot","floor":44,"key":"SMITH"},{"floor":47,"key":"RECALL"},{"data":"Hologram","floor":49,"key":"SMITH"},{"data":"Lockon","floor":52,"key":"SMITH"}],"neow_cost":"NONE","seed_source_timestamp":33943428822189,"circlet_count":0,"master_deck":["Strike_B+1","Strike_B+1","Defend_B","Defend_B","Defend_B","Dualcast","Cold Snap","Double Energy+1","FTL","Tempest","Turbo","Lockon+1","Multi-Cast+1","Undo+1","Conserve Battery+1","Redo+1","Turbo+1","Hologram+1","Double Energy+1","Go for the Eyes+1","Darkness","Machine Learning+1","Conserve Battery+1","Finesse","Master of Strategy","Hologram+1","Reboot+1","Stack+1","Machine Learning"],"relics":["Cracked Core","Whetstone","Anchor","Sozu","Pantograph","Busted Crown","Chemical X","Red Mask","Pen Nib"],"potions_floor_usage":[13,16,33],"damage_taken":[{"damage":2,"enemies":"Small Slimes","floor":1,"turns":4},{"damage":0,"enemies":"Cultist","floor":3,"turns":4},{"damage":1,"enemies":"Jaw Worm","floor":4,"turns":3},{"damage":20,"enemies":"Lagavulin","floor":6,"turns":12},{"damage":4,"enemies":"Blue Slaver","floor":7,"turns":3},{"damage":0,"enemies":"Large Slime","floor":10,"turns":4},{"damage":1,"enemies":"Lots of Slimes","floor":12,"turns":3},{"damage":0,"enemies":"Exordium Thugs","floor":13,"turns":3},{"damage":36,"enemies":"Hexaghost","floor":16,"turns":6},{"damage":0,"enemies":"3 Byrds","floor":18,"turns":4},{"damage":8,"enemies":"2 Thieves","floor":21,"turns":3},{"damage":11,"enemies":"3 Cultists","floor":22,"turns":5},{"damage":1,"enemies":"Cultist and Chosen","floor":24,"turns":4},{"damage":0,"enemies":"Chosen and Byrds","floor":30,"turns":2},{"damage":21,"enemies":"Snake Plant","floor":31,"turns":4},{"damage":58,"enemies":"Automaton","floor":33,"turns":11},{"damage":7,"enemies":"3 Shapes","floor":35,"turns":5},{"damage":0,"enemies":"3 Darklings","floor":38,"turns":5},{"damage":2,"enemies":"4 Shapes","floor":39,"turns":5},{"damage":13,"enemies":"Jaw Worm Horde","floor":41,"turns":3},{"damage":0,"enemies":"Transient","floor":48,"turns":5},{"damage":54,"enemies":"Time Eater","floor":50,"turns":12},{"damage":59,"enemies":"Shield and Spear","floor":54,"turns":7},{"damage":42,"enemies":"The Heart","floor":55,"turns":3}],"seed_played":"5415489924570629680","potions_obtained":[{"floor":3,"key":"SteroidPotion"},{"floor":12,"key":"Strength Potion"},{"floor":13,"key":"Explosive Potion"},{"floor":16,"key":"SpeedPotion"}],"is_trial":false,"path_per_floor":["M","?","M","M","$","E","M","R","T","M","$","M","M","?","R","B",null,"M","$","?","M","M","R","M","R","T","?","R","?","M","M","R","B",null,"M","?","?","M","M","R","M","$","T","R","?","$","R","M","R","B",null,"R","$","E","B"],"character_chosen":"DEFECT","items_purchased":["FTL","Chemical X","Reboot"],"campfire_rested":0,"item_purchase_floors":[5,42,42],"current_hp_per_floor":[73,73,73,72,72,52,48,48,48,48,48,47,47,65,65,29,75,75,75,75,67,56,56,55,55,55,55,55,55,55,34,34,1,75,68,68,63,63,61,61,48,48,48,48,48,48,48,48,48,19,75,75,75,16,0],"gold":39,"neow_bonus":"REMOVE_CARD","is_prod":false,"is_daily":false,"chose_seed":false,"campfire_upgraded":10,"win_rate":0,"timestamp":1564736380,"path_taken":["M","?","M","M","$","E","M","R","T","M","$","M","?","?","R","BOSS","M","$","?","M","M","R","M","R","T","?","R","?","M","?","R","BOSS","M","?","?","M","M","R","M","$","T","R","?","?","R","M","R","BOSS","R","$","E","BOSS"],"build_version":"2019-07-17","purchased_purges":3,"victory":false,"max_hp_per_floor":[75,75,75,75,75,75,75,75,75,75,75,75,75,75,75,75,75,75,75,75,75,75,75,75,75,75,75,75,75,75,75,75,75,75,75,75,75,75,75,75,75,75,75,75,75,75,75,75,75,75,75,75,75,75,75],"card_choices":[{"not_picked":["Go for the Eyes","Hologram"],"picked":"Cold Snap","floor":1},{"not_picked":["Streamline","Static Discharge","Stack"],"picked":"SKIP","floor":3},{"not_picked":["Compile Driver","Chaos"],"picked":"Double Energy","floor":4},{"not_picked":["Barrage","Steam"],"picked":"Defragment","floor":6},{"not_picked":["Redo","Cold Snap"],"picked":"Tempest","floor":7},{"not_picked":["Auto Shields","Ball Lightning","Barrage"],"picked":"SKIP","floor":10},{"not_picked":["Leap","Conserve Battery"],"picked":"Turbo","floor":12},{"not_picked":["Beam Cell","Tempest"],"picked":"Lockon","floor":13},{"not_picked":["Seek","Thunder Strike"],"picked":"Multi-Cast","floor":16},{"not_picked":["Stack","Cold Snap+1"],"picked":"Undo","floor":18},{"not_picked":["Gash","Stack"],"picked":"Conserve Battery+1","floor":21},{"not_picked":["Static Discharge+1","Undo+1"],"picked":"Redo+1","floor":22},{"not_picked":["Cold Snap","Loop"],"picked":"Turbo","floor":24},{"not_picked":["Stack","Beam Cell"],"picked":"Go for the Eyes+1","floor":30},{"not_picked":["Steam","Redo"],"picked":"Darkness","floor":31},{"not_picked":["Fission","Meteor Strike"],"picked":"Machine Learning","floor":33},{"not_picked":[],"picked":"Conserve Battery+1","floor":35},{"not_picked":[],"picked":"Finesse","floor":37},{"not_picked":[],"picked":"Master of Strategy","floor":37},{"not_picked":["Blizzard"],"picked":"SKIP","floor":38},{"not_picked":[],"picked":"Hologram","floor":39},{"not_picked":["Fusion"],"picked":"SKIP","floor":41},{"not_picked":[],"picked":"Stack+1","floor":48},{"not_picked":[],"picked":"Machine Learning","floor":54}],"player_experience":326651,"relics_obtained":[{"floor":6,"key":"Whetstone"},{"floor":9,"key":"Anchor"},{"floor":26,"key":"Pantograph"},{"floor":54,"key":"Pen Nib"}],"event_choices":[{"damage_healed":0,"gold_gain":100,"player_choice":"Gold","damage_taken":0,"max_hp_gain":0,"max_hp_loss":0,"event_name":"Wheel of Change","floor":2,"gold_loss":0},{"damage_healed":18,"gold_gain":0,"player_choice":"Healed","damage_taken":0,"max_hp_gain":0,"max_hp_loss":0,"event_name":"The Cleric","floor":14,"gold_loss":35},{"damage_healed":0,"gold_gain":0,"player_choice":"Ignored","damage_taken":0,"max_hp_gain":0,"max_hp_loss":0,"event_name":"Ghosts","floor":20,"gold_loss":0},{"damage_healed":0,"gold_gain":0,"player_choice":"Read","damage_taken":0,"max_hp_gain":0,"max_hp_loss":0,"event_name":"The Library","floor":27,"gold_loss":0,"cards_obtained":["Hologram"]},{"damage_healed":0,"gold_gain":0,"player_choice":"Copied","damage_taken":0,"max_hp_gain":0,"max_hp_loss":0,"event_name":"Duplicator","floor":29,"gold_loss":0,"cards_obtained":["Double Energy"]},{"cards_removed":["Defragment"],"damage_healed":0,"gold_gain":0,"player_choice":"Removed Power","damage_taken":0,"max_hp_gain":0,"max_hp_loss":0,"event_name":"Falling","floor":36,"gold_loss":0},{"damage_healed":0,"gold_gain":0,"player_choice":"Memory 2","damage_taken":5,"max_hp_gain":0,"max_hp_loss":0,"event_name":"SensoryStone","floor":37,"gold_loss":0},{"damage_healed":0,"gold_gain":0,"player_choice":"Paid","damage_taken":0,"relics_obtained":["Red Mask"],"max_hp_gain":0,"max_hp_loss":0,"event_name":"Tomb of Lord Red Mask","floor":45,"gold_loss":34}],"is_beta":false,"boss_relics":[{"not_picked":["Philosopher\u0027s Stone","Astrolabe"],"picked":"Sozu"},{"not_picked":["Tiny House","Calling Bell"],"picked":"Busted Crown"}],"items_purged_floors":[5,11,19],"is_endless":false,"potions_floor_spawned":[3,12,13,16,22,31,35,39,54],"killed_by":"The Heart","ascension_level":0}