{"gold_per_floor":[116,133,133,58,75,102,102,121,168,168,191,203,246,158,158,158],"floor_reached":16,"playtime":470,"items_purged":["Defend_R","Strike_R"],"score":138,"play_id":"f5b06055-8be3-4750-98e0-f4ac802b880e","local_time":"20190218163202","is_ascension_mode":true,"campfire_choices":[{"data":"Cleave","floor":7,"key":"SMITH"},{"floor":15,"key":"REST"}],"neow_cost":"NONE","seed_source_timestamp":68630032072300,"circlet_count":0,"master_deck":["Strike_R","Strike_R","Strike_R","Defend_R","Defend_R+1","Defend_R+1","Bash","Rage+1","Cleave+1","Spot Weakness","Pommel Strike","Twin Strike"],"relics":["Burning Blood","Kunai","Bronze Scales","MawBank","War Paint"],"potions_floor_usage":[13],"damage_taken":[{"damage":4,"enemies":"Small Slimes","floor":1,"turns":3},{"damage":6,"enemies":"Cultist","floor":2,"turns":3},{"damage":6,"enemies":"2 Louse","floor":5,"turns":3},{"damage":24,"enemies":"Gremlin Nob","floor":6,"turns":4},{"damage":14,"enemies":"Exordium Wildlife","floor":8,"turns":3},{"damage":22,"enemies":"Lots of Slimes","floor":11,"turns":3},{"damage":30,"enemies":"3 Sentries","floor":13,"turns":4},{"damage":49,"enemies":"The Guardian","floor":16,"turns":6}],"seed_played":"6085815616420771234","potions_obtained":[{"floor":6,"key":"BloodPotion"},{"floor":13,"key":"LiquidBronze"}],"is_trial":false,"path_per_floor":["M","M","?","$","M","E","R","M","T","?","M","?","E","$","R","B"],"character_chosen":"IRONCLAD","items_purchased":[],"campfire_rested":1,"item_purchase_floors":[],"current_hp_per_floor":[88,88,88,88,88,70,70,62,62,59,43,36,20,20,46,0],"gold":158,"neow_bonus":"TEN_PERCENT_HP_BONUS","is_prod":false,"is_daily":false,"chose_seed":false,"campfire_upgraded":1,"win_rate":0,"timestamp":1550536322,"path_taken":["M","M","?","$","?","E","R","M","T","?","M","?","E","$","R","BOSS"],"build_version":"2019-01-23","purchased_purges":2,"victory":false,"max_hp_per_floor":[88,88,88,88,88,88,88,88,88,88,88,88,88,88,88,88],"card_choices":[{"not_picked":["Shrug It Off","Wild Strike","Havoc"],"picked":"SKIP","floor":1},{"not_picked":["Spot Weakness","Sentinel"],"picked":"Rage","floor":2},{"not_picked":["Iron Wave","Armaments"],"picked":"Cleave","floor":5},{"not_picked":["Berserk","Flex"],"picked":"Spot Weakness","floor":6},{"not_picked":["Carnage","Power Through"],"picked":"Pommel Strike","floor":8},{"not_picked":["Clothesline","Spot Weakness","Armaments"],"picked":"SKIP","floor":11},{"not_picked":["Heavy Blade","Power Through"],"picked":"Twin Strike","floor":13}],"player_experience":192603,"relics_obtained":[{"floor":6,"key":"Kunai"},{"floor":9,"key":"Bronze Scales"},{"floor":13,"key":"War Paint"}],"event_choices":[{"damage_healed":0,"gold_gain":0,"player_choice":"Forge","damage_taken":0,"max_hp_gain":0,"max_hp_loss":0,"event_name":"Accursed Blacksmith","floor":3,"gold_loss":0,"cards_upgraded":["Rage"]},{"damage_healed":0,"gold_gain":0,"player_choice":"Success","damage_taken":3,"relics_obtained":["MawBank"],"max_hp_gain":0,"max_hp_loss":0,"event_name":"Scrap Ooze","floor":10,"gold_loss":0},{"cards_removed":["Strike_R"],"damage_healed":0,"gold_gain":0,"player_choice":"Card Removal","damage_taken":7,"max_hp_gain":0,"max_hp_loss":0,"event_name":"Golden Wing","floor":12,"gold_loss":0}],"is_beta":false,"boss_relics":[],"items_purged_floors":[4,14],"is_endless":false,"potions_floor_spawned":[6,13],"killed_by":"The Guardian","ascension_level":5}