{"gold_per_floor":[111,11,11,28,28,28,47,65,65,65,77,96,112,124,124,124],"floor_reached":16,"playtime":666,"items_purged":["Strike_R"],"score":182,"play_id":"f4195bcc-3ae1-4edb-b218-72acb5d17ac1","local_time":"20190726211024","is_ascension_mode":true,"campfire_choices":[{"data":"Flex","floor":6,"key":"SMITH"},{"data":"Whirlwind","floor":10,"key":"SMITH"},{"data":"Flex","floor":15,"key":"SMITH"}],"neow_cost":"TEN_PERCENT_HP_LOSS","seed_source_timestamp":103816531977700,"circlet_count":0,"master_deck":["AscendersBane","Strike_R","Strike_R","Strike_R","Strike_R","Defend_R","Defend_R","Defend_R","Defend_R","Bash","Limit Break","Flex+1","Whirlwind+1","Thunderclap","Flex+1"],"relics":["Burning Blood","CultistMask","Nunchaku"],"potions_floor_usage":[8,11,16],"damage_taken":[{"damage":9,"enemies":"Jaw Worm","floor":1,"turns":6},{"damage":9,"enemies":"2 Louse","floor":4,"turns":4},{"damage":0,"enemies":"Cultist","floor":7,"turns":2},{"damage":23,"enemies":"Gremlin Gang","floor":8,"turns":4},{"damage":1,"enemies":"Exordium Thugs","floor":11,"turns":3},{"damage":0,"enemies":"2 Fungi Beasts","floor":12,"turns":2},{"damage":6,"enemies":"Blue Slaver","floor":13,"turns":3},{"damage":33,"enemies":"Large Slime","floor":14,"turns":6},{"damage":40,"enemies":"Hexaghost","floor":16,"turns":7}],"seed_played":"-1218680676772504932","potions_obtained":[{"floor":1,"key":"AttackPotion"},{"floor":7,"key":"Swift Potion"},{"floor":13,"key":"SteroidPotion"}],"is_trial":false,"path_per_floor":["M","$","?","M","?","R","M","M","T","R","M","M","M","M","R","B"],"character_chosen":"IRONCLAD","items_purchased":["Flex"],"campfire_rested":0,"item_purchase_floors":[2],"current_hp_per_floor":[65,65,65,62,62,62,68,51,51,51,56,62,62,35,35,0],"gold":124,"neow_bonus":"THREE_RARE_CARDS","is_prod":false,"is_daily":false,"chose_seed":false,"campfire_upgraded":3,"win_rate":0,"timestamp":1564200624,"path_taken":["M","$","?","M","?","R","?","M","T","R","M","?","M","?","R","BOSS"],"build_version":"2019-07-17","purchased_purges":1,"victory":false,"max_hp_per_floor":[68,68,68,68,68,68,68,68,68,68,68,68,68,68,68,68],"card_choices":[{"not_picked":["Reaper","Juggernaut"],"picked":"Limit Break","floor":0},{"not_picked":["Uppercut","Searing Blow","Perfected Strike"],"picked":"SKIP","floor":1},{"not_picked":["Clothesline","Anger","Perfected Strike"],"picked":"SKIP","floor":4},{"not_picked":["Searing Blow","Evolve"],"picked":"Whirlwind","floor":7},{"not_picked":["Pommel Strike","Dropkick","Wild Strike"],"picked":"SKIP","floor":8},{"not_picked":["Shrug It Off","Intimidate","Seeing Red"],"picked":"SKIP","floor":11},{"not_picked":["Pommel Strike","Uppercut"],"picked":"Thunderclap","floor":12},{"not_picked":["Clothesline","Intimidate"],"picked":"Flex","floor":13},{"not_picked":["Seeing Red","Body Slam","Perfected Strike"],"picked":"SKIP","floor":14}],"player_experience":471262,"relics_obtained":[{"floor":9,"key":"Nunchaku"}],"event_choices":[{"damage_healed":0,"gold_gain":0,"player_choice":"Ignored","damage_taken":0,"max_hp_gain":0,"max_hp_loss":0,"event_name":"Liars Game","floor":3,"gold_loss":0},{"damage_healed":0,"gold_gain":0,"player_choice":"Trade","damage_taken":0,"relics_obtained":["CultistMask"],"max_hp_gain":0,"max_hp_loss":0,"event_name":"FaceTrader","floor":5,"gold_loss":0}],"is_beta":false,"boss_relics":[],"items_purged_floors":[2],"is_endless":false,"potions_floor_spawned":[1,7,13],"killed_by":"Hexaghost","ascension_level":18}