{"gold_per_floor":[114,129,18,33,33,33,63,63,63,93,108,108,168,168,168,268,268,283,83,83,83,98,128,128,128,128,143,173,188,218,233,233,233],"floor_reached":33,"playtime":2014,"items_purged":[],"score":423,"play_id":"665a2b78-2fad-468e-8edd-493498b6a896","local_time":"20190207143042","daily_mods":["Chimera","Hoarder","Elite Swarm"],"is_ascension_mode":false,"campfire_choices":[{"data":"Deep Breath","floor":6,"key":"SMITH"},{"data":"Deep Breath","floor":8,"key":"SMITH"},{"data":"Deep Breath","floor":12,"key":"SMITH"},{"data":"Anger","floor":15,"key":"SMITH"},{"data":"Anger","floor":25,"key":"SMITH"},{"floor":32,"key":"REST"}],"neow_cost":"","seed_source_timestamp":9346681040155,"circlet_count":0,"master_deck":["Bash","Survivor","Zap","Strike_R","Strike_G","Strike_B","Defend_R+1","Defend_G+1","Defend_B","Anger+1","Anger+1","Anger","Deep Breath+1","Deep Breath+1","Deep Breath+1","Anger","Anger","Anger","Warcry+1","Warcry+1","Warcry+1"],"special_seed":17934,"relics":["Burning Blood","Gremlin Horn","Red Skull","Self Forming Clay","Tiny Chest","Black Star","TheAbacus","Lantern","Pen Nib","Singing Bowl","Bottled Lightning","War Paint","Art of War","Dream Catcher"],"potions_floor_usage":[10,23,28,29,30,30,33],"damage_taken":[{"damage":0,"enemies":"Small Slimes","floor":1,"turns":4},{"damage":0,"enemies":"Cultist","floor":2,"turns":3},{"damage":5,"enemies":"2 Louse","floor":4,"turns":2},{"damage":26,"enemies":"Gremlin Nob","floor":7,"turns":4},{"damage":5,"enemies":"3 Sentries","floor":10,"turns":5},{"damage":1,"enemies":"2 Fungi Beasts","floor":11,"turns":3},{"damage":3,"enemies":"Gremlin Nob","floor":13,"turns":3},{"damage":0,"enemies":"Slime Boss","floor":16,"turns":6},{"damage":16,"enemies":"Spheric Guardian","floor":18,"turns":4},{"damage":0,"enemies":"3 Byrds","floor":22,"turns":4},{"damage":28,"enemies":"Slavers","floor":23,"turns":6},{"damage":0,"enemies":"Cultist and Chosen","floor":27,"turns":3},{"damage":21,"enemies":"Book of Stabbing","floor":28,"turns":3},{"damage":14,"enemies":"Snake Plant","floor":29,"turns":3},{"damage":1,"enemies":"Slavers","floor":30,"turns":2},{"damage":0,"enemies":"Snecko","floor":31,"turns":2},{"damage":92,"enemies":"Collector","floor":33,"turns":6}],"seed_played":"-7067944116089753152","potions_obtained":[{"floor":4,"key":"Swift Potion"},{"floor":5,"key":"BloodPotion"},{"floor":7,"key":"FearPotion"},{"floor":11,"key":"Fire Potion"},{"floor":16,"key":"PowerPotion"},{"floor":28,"key":"SteroidPotion"},{"floor":29,"key":"Dexterity Potion"},{"floor":31,"key":"Explosive Potion"}],"is_trial":false,"path_per_floor":["M","M","$","M","?","R","E","R","T","E","M","R","E","$","R","B",null,"M","$","?","?","M","E","$","R","T","M","E","M","E","M","R","B"],"character_chosen":"IRONCLAD","items_purchased":["Deep Breath","Anger","TheAbacus"],"campfire_rested":1,"item_purchase_floors":[3,3,19],"current_hp_per_floor":[80,80,80,80,80,80,60,60,60,61,66,66,69,69,69,75,80,70,70,55,55,61,39,39,39,39,45,32,34,41,49,78,0],"gold":233,"neow_bonus":"","is_prod":false,"is_daily":true,"chose_seed":false,"campfire_upgraded":5,"win_rate":0,"timestamp":1549578642,"path_taken":["M","M","$","M","?","R","E","R","T","E","?","R","E","$","R","BOSS","M","?","?","?","M","E","?","R","T","?","E","M","E","M","R","BOSS"],"build_version":"2019-01-23","purchased_purges":0,"victory":false,"max_hp_per_floor":[80,80,80,80,80,80,80,80,80,80,80,80,80,80,80,80,80,80,80,85,85,85,85,85,85,85,85,87,89,91,93,95,95],"card_choices":[{"not_picked":["Headbutt","Cleave"],"picked":"Anger","floor":1},{"not_picked":["Flex","Feel No Pain","Clothesline"],"picked":"SKIP","floor":2},{"not_picked":["Corruption","Body Slam","Second Wind"],"picked":"SKIP","floor":4},{"not_picked":["Immolate","Offering","Exhume"],"picked":"SKIP","floor":7},{"not_picked":["Limit Break","Barricade","Fiend Fire"],"picked":"SKIP","floor":10},{"not_picked":["Flex","Corruption","Rage"],"picked":"SKIP","floor":11},{"not_picked":["Impervious","Offering","Feed"],"picked":"SKIP","floor":13},{"not_picked":["Rampage","Armaments","Havoc"],"picked":"SKIP","floor":18},{"not_picked":["Clash","Wild Strike+1","Body Slam"],"picked":"SKIP","floor":22},{"not_picked":["Impervious","Reaper","Dark Embrace"],"picked":"SKIP","floor":23},{"not_picked":["Wild Strike","Dual Wield"],"picked":"Warcry+1","floor":27},{"not_picked":["Offering","Reaper","Demon Form"],"picked":"Singing Bowl","floor":28},{"not_picked":["Thunderclap","Shrug It Off","Cleave+1"],"picked":"Singing Bowl","floor":29},{"not_picked":["Double Tap","Feed","Reaper"],"picked":"Singing Bowl","floor":30},{"not_picked":["Flex","Headbutt","Seeing Red"],"picked":"Singing Bowl","floor":31},{"not_picked":["True Grit","Shrug It Off","Thunderclap"],"picked":"Singing Bowl","floor":32}],"player_experience":79126,"relics_obtained":[{"floor":7,"key":"Gremlin Horn"},{"floor":9,"key":"Red Skull"},{"floor":10,"key":"Self Forming Clay"},{"floor":13,"key":"Tiny Chest"},{"floor":23,"key":"Lantern"},{"floor":23,"key":"Pen Nib"},{"floor":26,"key":"Singing Bowl"},{"floor":28,"key":"Bottled Lightning"},{"floor":28,"key":"War Paint"},{"floor":30,"key":"Art of War"},{"floor":30,"key":"Dream Catcher"}],"event_choices":[{"damage_healed":0,"gold_gain":0,"player_choice":"Got Potions","damage_taken":0,"max_hp_gain":0,"max_hp_loss":0,"event_name":"Lab","floor":5,"gold_loss":0},{"damage_healed":0,"gold_gain":0,"player_choice":"Shed Blood","damage_taken":20,"max_hp_gain":5,"max_hp_loss":0,"event_name":"Forgotten Altar","floor":20,"gold_loss":0}],"is_beta":false,"boss_relics":[{"not_picked":["Lizard Tail","Snecko Eye"],"picked":"Black Star"}],"items_purged_floors":[],"is_endless":false,"potions_floor_spawned":[4,7,11,16,22,28,29,31],"killed_by":"Collector","ascension_level":0}