{"gold_per_floor":[20,20,20,20,44,79,79,102,179,199,199,44,80,80,80,200,200,218,218,197,97,121,121,140,15,42,42,57,76,76],"floor_reached":30,"playtime":3711,"items_purged":["Strike_R","Strike_R","Strike_R"],"score":232,"play_id":"e94015a6-88fe-40a9-a028-18c3d6a7ba18","local_time":"20180708175000","is_ascension_mode":false,"campfire_choices":[{"data":"Barricade","floor":7,"key":"SMITH"},{"floor":15,"key":"REST"},{"data":"Flame Barrier","floor":23,"key":"SMITH"}],"neow_cost":"NO_GOLD","seed_source_timestamp":48967154395496,"circlet_count":0,"master_deck":["Strike_R","Strike_R","Defend_R","Defend_R","Defend_R","Defend_R","Bash","Armaments","Barricade+1","Flame Barrier+1","Carnage","Rampage+1","Feed","Dual Wield","Dropkick","Clash","Sentinel+1","Whirlwind"],"relics":["Black Blood","Gambling Chip","Golden Idol","Ancient Tea Set","Letter Opener","Odd Mushroom","Thread and Needle","Omamori","NlothsMask"],"potions_floor_usage":[30,30],"damage_taken":[{"damage":7,"enemies":"Small Slimes","floor":1,"turns":5},{"damage":2,"enemies":"2 Louse","floor":5,"turns":3},{"damage":31,"enemies":"Gremlin Nob","floor":6,"turns":5},{"damage":2,"enemies":"Cultist","floor":8,"turns":5},{"damage":7,"enemies":"Blue Slaver","floor":10,"turns":8},{"damage":6,"enemies":"2 Fungi Beasts","floor":11,"turns":7},{"damage":26,"floor":13,"turns":6},{"damage":7,"enemies":"The Guardian","floor":16,"turns":13},{"damage":0,"enemies":"Chosen","floor":18,"turns":8},{"damage":27,"enemies":"2 Thieves","floor":20,"turns":5},{"damage":4,"enemies":"Centurion and Healer","floor":22,"turns":14},{"damage":10,"enemies":"Snake Plant","floor":24,"turns":7},{"damage":3,"enemies":"Cultist and Chosen","floor":28,"turns":10},{"damage":0,"enemies":"Snecko","floor":29,"turns":9},{"damage":111,"enemies":"Gremlin Leader","floor":30,"turns":11}],"seed_played":"690218795522517031","potions_obtained":[{"floor":6,"key":"Energy Potion"},{"floor":8,"key":"PowerPotion"},{"floor":10,"key":"BloodPotion"}],"is_trial":false,"path_per_floor":["M","?","?","?","M","E","R","M","T","M","M","$","?","T","R","B",null,"M","?","M","$","M","R","M","$","T","?","M","M"],"character_chosen":"IRONCLAD","items_purchased":["Rampage"],"campfire_rested":1,"item_purchase_floors":[12],"current_hp_per_floor":[79,84,63,63,67,42,42,46,46,45,45,45,25,25,50,49,85,88,88,71,71,80,80,80,80,80,80,87,91,0],"gold":76,"neow_bonus":"ONE_RARE_RELIC","is_prod":false,"is_daily":false,"chose_seed":false,"campfire_upgraded":2,"win_rate":0,"timestamp":1531068600,"path_taken":["M","?","?","?","M","E","R","?","T","M","M","$","?","?","R","BOSS","M","?","M","$","M","R","M","$","T","?","?","M","E"],"build_version":"2018-07-05","purchased_purges":3,"victory":false,"max_hp_per_floor":[80,85,85,85,85,85,85,85,85,85,85,85,85,85,85,85,85,88,88,88,88,91,91,91,91,91,91,91,91,91],"card_choices":[{"not_picked":["Wild Strike","Rage"],"picked":"Armaments","floor":1},{"not_picked":["Wild Strike","Armaments","Body Slam"],"picked":"SKIP","floor":5},{"not_picked":["Combust","Havoc"],"picked":"Barricade","floor":6},{"not_picked":["Flex","Body Slam"],"picked":"Flame Barrier","floor":8},{"not_picked":["Corruption","True Grit","Wild Strike"],"picked":"SKIP","floor":10},{"not_picked":["Limit Break","Headbutt"],"picked":"Carnage","floor":11},{"not_picked":["Dark Embrace","Bludgeon"],"picked":"Feed","floor":16},{"not_picked":["Infernal Blade","Pummel+1"],"picked":"Dual Wield","floor":18},{"not_picked":["Heavy Blade+1","Sword Boomerang"],"picked":"Dropkick","floor":20},{"not_picked":["Dropkick","Shockwave+1","Warcry+1"],"picked":"SKIP","floor":22},{"not_picked":["Twin Strike","Sword Boomerang"],"picked":"Clash","floor":24},{"not_picked":["Thunderclap+1","Corruption"],"picked":"Sentinel+1","floor":28},{"not_picked":["Thunderclap+1","Shrug It Off+1"],"picked":"Whirlwind","floor":29}],"player_experience":274047,"relics_obtained":[{"floor":6,"key":"Ancient Tea Set"},{"floor":9,"key":"Letter Opener"},{"floor":13,"key":"Odd Mushroom"},{"floor":14,"key":"Thread and Needle"},{"floor":26,"key":"Omamori"}],"event_choices":[{"event_name":"Big Fish","player_choice":"Donut","floor":2,"damage_taken":0},{"event_name":"Golden Idol","player_choice":"Take Damage","floor":3,"damage_taken":0},{"event_name":"The Cleric","player_choice":"Leave","floor":4,"damage_taken":0},{"event_name":"Mushrooms","player_choice":"Fought Mushrooms","floor":13,"damage_taken":0},{"event_name":"Upgrade Shrine","player_choice":"Upgraded","floor":19,"damage_taken":0},{"event_name":"FaceTrader","player_choice":"Trade","floor":27,"damage_taken":0}],"boss_relics":[{"not_picked":["Runic Pyramid","Astrolabe"],"picked":"Black Blood"}],"items_purged_floors":[12,21,25],"is_endless":false,"potions_floor_spawned":[6,8,10,18,29],"killed_by":"Gremlin Leader","ascension_level":0}