{"gold_per_floor":[109,109,109,124,74,74,91,102,149,149,163,175,24,37,37,132,132,147,162,6,6,6,6,31,31,31,31,48],"floor_reached":28,"playtime":3075,"items_purged":["Strike_R"],"score":231,"play_id":"c8a78df3-df5e-4961-a16b-030cbc8c5cc8","local_time":"20180719231458","is_ascension_mode":true,"campfire_choices":[{"data":"Armaments","floor":6,"key":"SMITH"},{"data":"Bash","floor":10,"key":"SMITH"},{"data":"Searing Blow","floor":15,"key":"SMITH"},{"floor":25,"key":"REST"}],"neow_cost":"NONE","seed_source_timestamp":770721550009298,"circlet_count":0,"master_deck":["Strike_R","Strike_R+1","Strike_R+1","Defend_R","Defend_R","Defend_R","Defend_R","Bash+1","Armaments+1","Shrug It Off","Pommel Strike","Cleave","Searing Blow+1","Inflame","Dual Wield","Metallicize","Demon Form","Thunderclap","Whirlwind+1"],"special_seed":0,"relics":["Burning Blood","Potion Belt","Omamori","Runic Cube","Happy Flower","Bronze Scales","Boot","Mercury Hourglass"],"potions_floor_usage":[16],"damage_taken":[{"damage":1.0,"enemies":"2 Louse","floor":1.0,"turns":3.0},{"damage":1.0,"enemies":"Small Slimes","floor":4.0,"turns":4.0},{"damage":0,"enemies":"Cultist","floor":7,"turns":4},{"damage":5,"enemies":"Exordium Thugs","floor":8,"turns":4},{"damage":15,"enemies":"Lots of Slimes","floor":11,"turns":4},{"damage":15,"enemies":"2 Fungi Beasts","floor":12,"turns":3},{"damage":0,"enemies":"3 Louse","floor":14,"turns":3},{"damage":35,"enemies":"Slime Boss","floor":16,"turns":11},{"damage":9,"enemies":"Chosen","floor":18,"turns":6},{"damage":65,"enemies":"Spheric Guardian","floor":19,"turns":8},{"damage":24,"enemies":"Snake Plant","floor":28,"turns":5}],"seed_played":"1004711466109045850","potions_obtained":[{"floor":1.0,"key":"Strength Potion"},{"floor":11,"key":"Fire Potion"},{"floor":19,"key":"Explosive Potion"},{"floor":28,"key":"Strength Potion"}],"is_trial":false,"path_per_floor":["M","?","?","M","$","R","M","M","T","R","M","M","$","M","R","B",null,"M","M","$","?","?","?","T","R","T","$"],"character_chosen":"IRONCLAD","items_purchased":["Pommel Strike","Dual Wield","Happy Flower"],"campfire_rested":1,"item_purchase_floors":[5,13,20],"current_hp_per_floor":[80,64,64,69,69,69,75,76,76,76,67,58,58,64,64,35,80,77,18,18,18,18,18,18,42,42,42,24],"gold":48,"neow_bonus":"RANDOM_COMMON_RELIC","is_prod":false,"is_daily":false,"chose_seed":false,"campfire_upgraded":3,"win_rate":0,"timestamp":1532038498,"path_taken":["M","?","?","M","$","R","M","M","T","R","M","M","$","M","R","BOSS","M","M","$","?","?","?","?","R","T","?","M"],"build_version":"2018-07-12","purchased_purges":1,"victory":false,"max_hp_per_floor":[80,80,80,80,80,80,80,80,80,80,80,80,80,80,80,80,80,80,80,80,80,80,80,80,80,80,80,80],"card_choices":[{"not_picked":["Power Through","Twin Strike"],"picked":"Armaments","floor":1.0},{"not_picked":["Clash","Combust"],"picked":"Shrug It Off","floor":4.0},{"not_picked":["Iron Wave","Blood for Blood"],"picked":"Cleave","floor":7},{"not_picked":["Pommel Strike","Pummel","Power Through"],"picked":"SKIP","floor":8},{"not_picked":["Second Wind","Carnage"],"picked":"Searing Blow","floor":11},{"not_picked":["Wild Strike","Body Slam"],"picked":"Inflame","floor":12},{"not_picked":["Battle Trance","Warcry"],"picked":"Metallicize","floor":14},{"not_picked":["Offering","Double Tap"],"picked":"Demon Form","floor":16},{"not_picked":["Entrench","Wild Strike"],"picked":"Thunderclap","floor":18},{"not_picked":["Burning Pact","Warcry"],"picked":"Whirlwind","floor":19}],"player_experience":410076,"relics_obtained":[{"floor":9,"key":"Omamori"},{"floor":24,"key":"Boot"},{"floor":26,"key":"Mercury Hourglass"}],"event_choices":[{"event_name":"Shining Light","player_choice":"Entered Light","floor":2.0,"damage_taken":0.0},{"event_name":"Wheel of Change","player_choice":"Card Removal","floor":3.0,"damage_taken":0.0},{"event_name":"Accursed Blacksmith","player_choice":"Rummage","floor":21,"damage_taken":0},{"event_name":"Upgrade Shrine","player_choice":"Upgraded","floor":22,"damage_taken":0},{"event_name":"Forgotten Altar","player_choice":"Smashed Altar","floor":23,"damage_taken":0}],"boss_relics":[{"not_picked":["Philosopher\u0027s Stone","Fusion Hammer"],"picked":"Runic Cube"}],"items_purged_floors":[13],"is_endless":false,"potions_floor_spawned":[1,11,19,28],"killed_by":"Snake Plant","ascension_level":2}