{"gold_per_floor":[214,214,225,225,78,78,106,106,133,58,58,74,103,103,103,201,251,267,267,19,19,31,31,48,48,48,81,91,91,91,124,124,124],"floor_reached":33,"playtime":1146,"items_purged":["Strike_G","Strike_G"],"score":455,"play_id":"52f3fc6f-351a-46f5-a85a-a1909db89378","local_time":"20190529011925","is_ascension_mode":true,"campfire_choices":[{"data":"Skewer","floor":6.0,"key":"SMITH"},{"data":"Corpse Explosion","floor":11.0,"key":"SMITH"},{"data":"Deadly Poison","floor":15.0,"key":"SMITH"},{"floor":23.0,"key":"REST"},{"data":"Deflect","floor":30.0,"key":"SMITH"},{"floor":32.0,"key":"REST"}],"neow_cost":"NONE","seed_source_timestamp":0,"circlet_count":0,"master_deck":["Defend_G","Defend_G","Defend_G+1","Defend_G","Defend_G","Strike_G","Strike_G+1","Strike_G+1","Survivor+1","Neutralize+1","Backstab+1","Skewer+1","Corpse Explosion+1","Deadly Poison+1","Distraction","Terror+1","Deflect+1","Jack Of All Trades","Tactician"],"special_seed":0,"relics":["Ring of the Snake","Ice Cream","Lantern","Pantograph","Tiny House","Omamori","War Paint","Bag of Preparation","Bottled Lightning","Nloth\u0027s Gift","Pocketwatch"],"potions_floor_usage":[],"damage_taken":[{"damage":3.0,"enemies":"Jaw Worm","floor":1.0,"turns":4.0},{"damage":0.0,"enemies":"Small Slimes","floor":3.0,"turns":3.0},{"damage":5.0,"enemies":"3 Sentries","floor":7.0,"turns":4.0},{"damage":0.0,"enemies":"2 Louse","floor":12.0,"turns":2.0},{"damage":20.0,"enemies":"Lagavulin","floor":13.0,"turns":6.0},{"damage":28.0,"enemies":"Slime Boss","floor":16.0,"turns":5.0},{"damage":3.0,"enemies":"3 Byrds","floor":18.0,"turns":2.0},{"damage":0.0,"enemies":"Chosen","floor":22.0,"turns":4.0},{"damage":7.0,"enemies":"Snake Plant","floor":24.0,"turns":4.0},{"damage":0.0,"enemies":"Gremlin Leader","floor":27.0,"turns":5.0},{"damage":0.0,"enemies":"Centurion and Healer","floor":28.0,"turns":4.0},{"damage":41.0,"enemies":"Book of Stabbing","floor":31.0,"turns":5.0},{"damage":87,"enemies":"Automaton","floor":33,"turns":8}],"seed_played":"-5191615407010380967","potions_obtained":[{"floor":1.0,"key":"Fire Potion"},{"floor":12.0,"key":"FairyPotion"},{"floor":16.0,"key":"Explosive Potion"},{"floor":17.0,"key":"SneckoOil"},{"floor":22.0,"key":"Fire Potion"},{"floor":24.0,"key":"SpeedPotion"},{"floor":28.0,"key":"Swift Potion"}],"is_trial":false,"path_per_floor":["M","?","M","?","$","R","E","?","T","$","R","M","E","?","R","B",null,"M","?","$","?","M","R","M","?","T","E","M","?","R","E","R","B"],"character_chosen":"THE_SILENT","items_purchased":["Corpse Explosion","Omamori"],"campfire_rested":2,"item_purchase_floors":[5,20],"current_hp_per_floor":[60,60,60,46,46,46,41,64,64,64,64,64,44,32,32,29,65,62,48,48,48,48,72,65,65,65,65,65,65,65,24,48,0],"gold":124,"neow_bonus":"HUNDRED_GOLD","is_prod":false,"is_daily":false,"chose_seed":false,"campfire_upgraded":4,"win_rate":0,"timestamp":1559117965,"path_taken":["M","?","M","?","$","R","E","?","T","?","R","?","E","?","R","BOSS","M","?","$","?","M","R","M","?","T","E","?","?","R","E","R","BOSS"],"build_version":"2019-01-23","purchased_purges":2,"victory":false,"max_hp_per_floor":[70,70,70,70,70,70,70,70,70,70,70,70,70,70,70,70,75,75,80,80,80,80,80,80,80,80,80,80,80,80,80,80,80],"card_choices":[{"not_picked":["Footwork","Tactician"],"picked":"Backstab","floor":1.0},{"not_picked":["Cloak And Dagger","Backstab"],"picked":"Skewer","floor":3.0},{"not_picked":["Prepared","Underhanded Strike","Crippling Poison"],"picked":"SKIP","floor":7.0},{"not_picked":["Bouncing Flask","Underhanded Strike"],"picked":"Deadly Poison","floor":12.0},{"not_picked":["Eviscerate","Slice","Calculated Gamble"],"picked":"SKIP","floor":13.0},{"not_picked":["Catalyst","Poisoned Stab"],"picked":"Distraction","floor":17.0},{"not_picked":["Setup","Infinite Blades+1"],"picked":"Terror+1","floor":18.0},{"not_picked":["Backflip","Endless Agony","Flechettes+1"],"picked":"SKIP","floor":22.0},{"not_picked":["Cloak And Dagger+1","Dagger Spray"],"picked":"Deflect","floor":24.0},{"not_picked":["Dagger Throw","Quick Slash","Dodge and Roll"],"picked":"SKIP","floor":27.0},{"not_picked":["Caltrops+1","Flying Knee","Blade Dance+1"],"picked":"SKIP","floor":28.0},{"not_picked":["Deadly Poison+1","Bane+1","Unload"],"picked":"SKIP","floor":31.0}],"player_experience":424059,"relics_obtained":[{"floor":7.0,"key":"Ice Cream"},{"floor":9.0,"key":"Lantern"},{"floor":13.0,"key":"Darkstone Periapt"},{"floor":26.0,"key":"Bag of Preparation"},{"floor":27.0,"key":"Bottled Lightning"},{"floor":31.0,"key":"Pocketwatch"}],"event_choices":[{"damage_healed":0.0,"max_hp_gain":0.0,"max_hp_loss":0.0,"gold_gain":0.0,"event_name":"Living Wall","player_choice":"Grow","floor":2.0,"gold_loss":0.0,"damage_taken":0.0,"cards_upgraded":["Backstab"]},{"damage_healed":0.0,"max_hp_gain":0.0,"max_hp_loss":0.0,"gold_gain":0.0,"event_name":"Shining Light","player_choice":"Entered Light","floor":4.0,"gold_loss":0.0,"damage_taken":14.0,"cards_upgraded":["Strike_G","Neutralize"]},{"damage_healed":23.0,"max_hp_gain":0.0,"max_hp_loss":0.0,"gold_gain":0.0,"event_name":"Big Fish","player_choice":"Banana","floor":8.0,"gold_loss":0.0,"damage_taken":0.0},{"damage_healed":0.0,"max_hp_gain":0.0,"max_hp_loss":0.0,"gold_gain":0.0,"event_name":"Scrap Ooze","player_choice":"Success","floor":14.0,"gold_loss":0.0,"damage_taken":12.0,"relics_obtained":["Pantograph"]},{"damage_healed":0.0,"max_hp_gain":5.0,"max_hp_loss":0.0,"gold_gain":0.0,"event_name":"Forgotten Altar","player_choice":"Shed Blood","floor":19.0,"gold_loss":0.0,"damage_taken":19.0},{"damage_healed":0.0,"max_hp_gain":0.0,"max_hp_loss":0.0,"gold_gain":0.0,"event_name":"Addict","player_choice":"Stole Relic","floor":21.0,"gold_loss":0.0,"damage_taken":0.0,"relics_obtained":["War Paint"],"cards_obtained":["Shame"]},{"damage_healed":0.0,"max_hp_gain":0.0,"max_hp_loss":0.0,"gold_gain":0.0,"event_name":"Match and Keep!","player_choice":"2 cards matched","floor":25.0,"gold_loss":0.0,"damage_taken":0.0,"cards_obtained":["Jack Of All Trades","Tactician"]},{"damage_healed":0.0,"max_hp_gain":0.0,"max_hp_loss":0.0,"gold_gain":0.0,"event_name":"N\u0027loth","player_choice":"Traded Relic","floor":29.0,"relics_lost":["Darkstone Periapt"],"gold_loss":0.0,"damage_taken":0.0,"relics_obtained":["Nloth\u0027s Gift"]}],"is_beta":false,"boss_relics":[{"not_picked":["Snecko Eye","Black Star"],"picked":"Tiny House"}],"items_purged_floors":[10,20],"is_endless":false,"potions_floor_spawned":[1,12,16,22,24,28],"killed_by":"Automaton","ascension_level":9}