{"gold_per_floor":[109,34,45,45,56,56,68,68,68,68,82,115,115,128,128,128],"floor_reached":16,"playtime":3570,"items_purged":["Strike_G"],"score":112,"play_id":"d017d49c-3f47-4814-a83a-2492a1d9b1d7","local_time":"20190219185645","is_ascension_mode":true,"campfire_choices":[{"data":"Terror","floor":6,"key":"SMITH"},{"data":"Neutralize","floor":8,"key":"SMITH"},{"floor":15,"key":"REST"}],"neow_cost":"NONE","seed_source_timestamp":160628764473600,"circlet_count":0,"master_deck":["Defend_G","Defend_G","Defend_G","Defend_G","Defend_G","Strike_G","Strike_G","Strike_G","Survivor","Neutralize+1","Terror+1","Cloak And Dagger"],"relics":["Ring of the Snake","Dream Catcher","Juzu Bracelet","Mummified Hand"],"potions_floor_usage":[3,7,12,14],"damage_taken":[{"damage":0,"enemies":"2 Louse","floor":1,"turns":4},{"damage":0,"enemies":"Cultist","floor":3,"turns":5},{"damage":0,"enemies":"Small Slimes","floor":5,"turns":3},{"damage":0,"enemies":"2 Fungi Beasts","floor":7,"turns":2},{"damage":41,"enemies":"Large Slime","floor":11,"turns":12},{"damage":16,"enemies":"Lagavulin","floor":12,"turns":6},{"damage":2,"enemies":"Exordium Thugs","floor":14,"turns":7},{"damage":21,"enemies":"Slime Boss","floor":16,"turns":5}],"seed_played":"-7560599904745312638","potions_obtained":[{"floor":1,"key":"Fire Potion"},{"floor":5,"key":"Fire Potion"},{"floor":7,"key":"Strength Potion"},{"floor":12,"key":"Energy Potion"}],"is_trial":false,"path_per_floor":["M","$","M","$","M","R","M","R","T","?","M","E","$","M","R","B"],"character_chosen":"THE_SILENT","items_purchased":[],"campfire_rested":1,"item_purchase_floors":[],"current_hp_per_floor":[70,70,70,70,70,70,70,70,70,70,29,13,13,11,32,11],"gold":128,"neow_bonus":"RANDOM_COMMON_RELIC","is_prod":false,"is_daily":false,"chose_seed":false,"campfire_upgraded":2,"win_rate":0,"timestamp":1550631405,"path_taken":["M","$","M","$","M","R","M","R","T","?","M","E","$","M","R","BOSS"],"build_version":"2019-01-23","purchased_purges":1,"victory":false,"max_hp_per_floor":[70,70,70,70,70,70,70,70,70,70,70,70,70,70,70,70],"card_choices":[{"not_picked":["Leg Sweep","Flying Knee","Prepared"],"picked":"SKIP","floor":1},{"not_picked":["Backflip","Reflex"],"picked":"Terror","floor":3},{"not_picked":["Slice","Backflip","Bane"],"picked":"SKIP","floor":5},{"not_picked":["PiercingWail","Calculated Gamble","Predator"],"picked":"SKIP","floor":7},{"not_picked":["Corpse Explosion","Escape Plan"],"picked":"Cloak And Dagger","floor":11},{"not_picked":["Outmaneuver","Underhanded Strike","Dodge and Roll"],"picked":"SKIP","floor":12},{"not_picked":["Deflect","Poisoned Stab","Reflex"],"picked":"SKIP","floor":14}],"player_experience":216277,"relics_obtained":[{"floor":9,"key":"Juzu Bracelet"},{"floor":12,"key":"Mummified Hand"}],"event_choices":[{"cards_removed":["Strike_G"],"damage_healed":0,"gold_gain":0,"player_choice":"Purged","damage_taken":0,"max_hp_gain":0,"max_hp_loss":0,"event_name":"Purifier","floor":10,"gold_loss":0}],"is_beta":false,"boss_relics":[],"items_purged_floors":[2],"is_endless":false,"potions_floor_spawned":[1,5,7,12],"killed_by":"Slime Boss","ascension_level":2}