{"gold_per_floor":[211,90,102,34,53,53,65,76,76,76,95,105,105,125,125,221,221,208,208,227,238,257,257,257,277,355,371,387,12,27,46,46,46],"floor_reached":33,"playtime":1733,"items_purged":["Strike_G"],"score":299,"play_id":"28fb63de-f553-44f8-87ea-4984785f9b7a","local_time":"20190404174109","is_ascension_mode":true,"campfire_choices":[{"data":"All Out Attack","floor":6,"key":"SMITH"},{"data":"Footwork","floor":10,"key":"SMITH"},{"data":"Footwork","floor":13,"key":"SMITH"},{"data":"Blade Dance","floor":15,"key":"SMITH"},{"floor":23,"key":"REST"},{"floor":32,"key":"REST"}],"neow_cost":"NONE","seed_source_timestamp":0,"circlet_count":0,"master_deck":["Defend_G","Defend_G","Defend_G","Defend_G","Defend_G","Strike_G","Strike_G","Survivor","Neutralize","Backstab","Dagger Spray","Backflip","All Out Attack+1","Footwork+1","Blade Dance+1","Footwork+1","Quick Slash","Die Die Die","Outmaneuver","Prepared","Finisher+1","Blur","Necronomicurse","Predator","Footwork","Flying Knee","Die Die Die","Bullet Time"],"special_seed":0,"relics":["Ring of the Snake","Meat on the Bone","Empty Cage","Necronomicon","Ornamental Fan","Torii"],"potions_floor_usage":[8,16,18,25,27,28,33,33],"damage_taken":[{"damage":0.0,"enemies":"Cultist","floor":1.0,"turns":5.0},{"damage":4,"enemies":"Jaw Worm","floor":3,"turns":4},{"damage":0,"enemies":"Small Slimes","floor":5,"turns":2},{"damage":0,"enemies":"3 Louse","floor":7,"turns":1},{"damage":3,"enemies":"Red Slaver","floor":8,"turns":4},{"damage":1,"enemies":"Exordium Wildlife","floor":11,"turns":3},{"damage":0,"enemies":"Blue Slaver","floor":12,"turns":4},{"damage":0,"enemies":"Gremlin Gang","floor":14,"turns":1},{"damage":35,"enemies":"The Guardian","floor":16,"turns":15},{"damage":6,"enemies":"2 Thieves","floor":18,"turns":4},{"damage":2,"enemies":"Shell Parasite","floor":20,"turns":17},{"damage":26,"enemies":"Snake Plant","floor":21,"turns":9},{"damage":31,"enemies":"Chosen and Byrds","floor":22,"turns":6},{"damage":2,"enemies":"Centurion and Healer","floor":25,"turns":6},{"damage":10,"enemies":"Snake Plant","floor":27,"turns":5},{"damage":24,"enemies":"Snecko","floor":28,"turns":6},{"damage":8,"enemies":"Shelled Parasite and Fungi","floor":30,"turns":7},{"damage":17,"enemies":"Snake Plant","floor":31,"turns":3},{"damage":67,"enemies":"Automaton","floor":33,"turns":6}],"seed_played":"-8091897355030935524","potions_obtained":[{"floor":1,"key":"Poison Potion"},{"floor":7,"key":"Weak Potion"},{"floor":8,"key":"GhostInAJar"},{"floor":11,"key":"SpeedPotion"},{"floor":16,"key":"Explosive Potion"},{"floor":21,"key":"EssenceOfSteel"},{"floor":25,"key":"Swift Potion"},{"floor":28,"key":"Poison Potion"},{"floor":30,"key":"GamblersBrew"}],"is_trial":false,"path_per_floor":["M","$","M","$","M","R","M","M","T","R","M","M","R","M","R","B",null,"M","$","M","M","M","R","?","M","T","M","M","$","M","M","R","B"],"character_chosen":"THE_SILENT","items_purchased":["Dagger Spray","All Out Attack","Torii","Die Die Die"],"campfire_rested":2,"item_purchase_floors":[2,4,29,29],"current_hp_per_floor":[70,70,66,66,66,66,66,63,63,63,62,62,62,62,62,39,70,64,64,62,36,17,38,22,32,32,34,22,22,26,21,42,0],"gold":46,"neow_bonus":"HUNDRED_GOLD","is_prod":false,"is_daily":false,"chose_seed":false,"campfire_upgraded":4,"win_rate":0,"timestamp":1554424869,"path_taken":["M","$","?","?","M","R","M","M","T","R","M","M","R","M","R","BOSS","M","?","M","M","M","R","?","M","T","?","M","$","M","M","R","BOSS"],"build_version":"2019-01-23","purchased_purges":1,"victory":false,"max_hp_per_floor":[70,70,70,70,70,70,70,70,70,70,70,70,70,70,70,70,70,70,70,70,70,70,70,70,70,70,70,70,70,70,70,70,70],"card_choices":[{"not_picked":["Escape Plan","Outmaneuver"],"picked":"Backstab","floor":1},{"not_picked":["Catalyst","Caltrops"],"picked":"Backflip","floor":3},{"not_picked":["Eviscerate","Bouncing Flask","Flechettes"],"picked":"SKIP","floor":5},{"not_picked":["Bane","Acrobatics"],"picked":"Footwork","floor":7},{"not_picked":["Deadly Poison","Bouncing Flask"],"picked":"Blade Dance","floor":8},{"not_picked":["PiercingWail","Underhanded Strike"],"picked":"Footwork","floor":11},{"not_picked":["Deflect","Slice"],"picked":"Quick Slash","floor":12},{"not_picked":["PiercingWail","Deflect","Deadly Poison"],"picked":"SKIP","floor":14},{"not_picked":["Venomology","Tools of the Trade"],"picked":"Die Die Die","floor":16},{"not_picked":["Dagger Spray","Escape Plan"],"picked":"Outmaneuver","floor":18},{"not_picked":["Leg Sweep","PiercingWail"],"picked":"Prepared","floor":20},{"not_picked":["Acrobatics","Dagger Throw"],"picked":"Finisher+1","floor":21},{"not_picked":["Quick Slash+1","Outmaneuver+1"],"picked":"Blur","floor":22},{"not_picked":["Catalyst","Masterful Stab"],"picked":"Predator","floor":25},{"not_picked":["Outmaneuver+1","Bane"],"picked":"Footwork","floor":27},{"not_picked":["Caltrops","Bane+1"],"picked":"Flying Knee","floor":28},{"not_picked":["Terror+1","Underhanded Strike"],"picked":"Bullet Time","floor":30},{"not_picked":["PiercingWail","Acrobatics+1","Quick Slash+1"],"picked":"SKIP","floor":31}],"player_experience":307565,"relics_obtained":[{"floor":9,"key":"Meat on the Bone"},{"floor":24,"key":"Necronomicon"},{"floor":26,"key":"Ornamental Fan"}],"event_choices":[{"damage_healed":0,"gold_gain":0,"player_choice":"Obtained Book","damage_taken":16,"max_hp_gain":0,"max_hp_loss":0,"event_name":"Cursed Tome","floor":24,"gold_loss":0}],"is_beta":false,"boss_relics":[{"not_picked":["Coffee Dripper","HoveringKite"],"picked":"Empty Cage"}],"items_purged_floors":[2],"is_endless":false,"potions_floor_spawned":[1,7,8,11,12,16,21,22,25,28,30],"killed_by":"Automaton","ascension_level":4}