{"gold_per_floor":[210,229,154,168,181,181,81,93,93,112,112,112,112,112,112,112],"floor_reached":16,"playtime":872,"items_purged":["Survivor","Strike_G"],"score":110,"play_id":"316f57ea-ed4e-4bfd-9588-ba716cbb8d2c","local_time":"20190406105253","is_ascension_mode":true,"campfire_choices":[{"data":"Bullet Time","floor":6.0,"key":"SMITH"},{"floor":13.0,"key":"REST"},{"data":"Blade Dance","floor":15.0,"key":"SMITH"}],"neow_cost":"NONE","seed_source_timestamp":0,"circlet_count":0,"master_deck":["Defend_G","Defend_G","Defend_G","Defend_G","Defend_G","Strike_G","Strike_G","Strike_G","Strike_G","Neutralize","Prepared","Quick Slash","Bullet Time+1","Cloak And Dagger","Blade Dance+1"],"special_seed":0,"relics":["Ring of the Snake","StoneCalendar","Golden Idol"],"potions_floor_usage":[],"damage_taken":[{"damage":5.0,"enemies":"Cultist","floor":1.0,"turns":4.0},{"damage":0.0,"enemies":"Small Slimes","floor":2.0,"turns":3.0},{"damage":3.0,"enemies":"2 Louse","floor":4.0,"turns":2.0},{"damage":8.0,"enemies":"Exordium Wildlife","floor":5.0,"turns":6.0},{"damage":0.0,"enemies":"2 Fungi Beasts","floor":8.0,"turns":4.0},{"damage":23.0,"enemies":"Exordium Thugs","floor":10.0,"turns":7.0},{"damage":0,"enemies":"The Guardian","floor":16,"turns":1}],"seed_played":"-4393865031051127890","potions_obtained":[{"floor":5.0,"key":"Fire Potion"},{"floor":10.0,"key":"EntropicBrew"}],"is_trial":false,"path_per_floor":["M","M","$","M","M","R","$","M","T","M","?","?","R","$","R","B"],"character_chosen":"THE_SILENT","items_purchased":[],"campfire_rested":1,"item_purchase_floors":[],"current_hp_per_floor":[65,65,65,62,54,54,54,54,54,31,31,31,50,50,50,50],"gold":112,"neow_bonus":"HUNDRED_GOLD","is_prod":false,"is_daily":false,"chose_seed":false,"campfire_upgraded":2,"win_rate":0,"timestamp":1554573173,"path_taken":["M","M","$","M","?","R","$","M","T","M","?","?","R","?","R","BOSS"],"build_version":"2019-01-23","purchased_purges":2,"victory":false,"max_hp_per_floor":[70,70,70,70,70,70,70,70,70,70,65,65,65,65,65,65],"card_choices":[{"not_picked":["Flying Knee","Cloak And Dagger"],"picked":"Prepared","floor":1.0},{"not_picked":["Catalyst","Deflect","Flying Knee"],"picked":"SKIP","floor":2.0},{"not_picked":["Acrobatics","Backflip"],"picked":"Quick Slash","floor":4.0},{"not_picked":["Acrobatics","Outmaneuver"],"picked":"Bullet Time","floor":5.0},{"not_picked":["Sucker Punch","Flechettes"],"picked":"Cloak And Dagger","floor":8.0},{"not_picked":["Dodge and Roll","Calculated Gamble"],"picked":"Blade Dance","floor":10.0}],"player_experience":315240,"relics_obtained":[{"floor":9.0,"key":"StoneCalendar"}],"event_choices":[{"damage_healed":0.0,"max_hp_gain":0.0,"max_hp_loss":5.0,"gold_gain":0.0,"event_name":"Golden Idol","player_choice":"Lose Max HP","floor":11.0,"gold_loss":0.0,"damage_taken":0.0,"relics_obtained":["Golden Idol"]},{"damage_healed":0.0,"max_hp_gain":0.0,"max_hp_loss":0.0,"gold_gain":0.0,"event_name":"Liars Game","player_choice":"Ignored","floor":12.0,"gold_loss":0.0,"damage_taken":0.0}],"is_beta":false,"boss_relics":[],"items_purged_floors":[3,7],"is_endless":false,"potions_floor_spawned":[5,10],"killed_by":"The Guardian","ascension_level":4}