{"gold_per_floor":[141,141,158,4,18,18,28,63,98,110,122,159,185,5,5,107,107],"floor_reached":17,"playtime":1351,"items_purged":[],"score":239,"play_id":"9b97febc-4aa6-45e9-b16e-936a0d9405ff","local_time":"20181025002252","is_ascension_mode":true,"campfire_choices":[{"data":"Neutralize","floor":6,"key":"SMITH"},{"floor":11,"key":"REST"},{"floor":15,"key":"REST"}],"neow_cost":"NONE","seed_source_timestamp":453206320234586,"circlet_count":0,"master_deck":["Defend_G","Defend_G","Defend_G","Defend_G","Defend_G","Strike_G","Strike_G","Strike_G","Strike_G","Strike_G","Survivor","Neutralize+1","Skewer","Deflect","Glass Knife","Glass Knife","Endless Agony","Noxious Fumes","Flying Knee","Dagger Spray","Cloak And Dagger","Phantasmal Killer"],"relics":["Ring of the Snake","Tiny Chest","MawBank","Centennial Puzzle","Ancient Tea Set","Anchor","White Beast Statue"],"potions_floor_usage":[8,8,12,16],"damage_taken":[{"damage":1,"enemies":"2 Louse","floor":1,"turns":4},{"damage":1,"enemies":"Jaw Worm","floor":3,"turns":4},{"damage":0,"enemies":"Small Slimes","floor":5,"turns":5},{"damage":0,"enemies":"3 Louse","floor":7,"turns":2},{"damage":12,"enemies":"Gremlin Nob","floor":8,"turns":3},{"damage":32,"enemies":"3 Sentries","floor":12,"turns":9},{"damage":5,"enemies":"Exordium Wildlife","floor":13,"turns":3},{"damage":32,"enemies":"Hexaghost","floor":16,"turns":10}],"seed_played":"3314027983267921340","potions_obtained":[{"floor":3,"key":"Poison Potion"},{"floor":5,"key":"EssenceOfSteel"},{"floor":8,"key":"GamblersBrew"},{"floor":13,"key":"FearPotion"}],"is_trial":false,"path_per_floor":["M","?","M","$","M","R","M","E","T","?","R","E","M","$","R","B"],"character_chosen":"THE_SILENT","items_purchased":["Glass Knife","Anchor","Cloak And Dagger"],"campfire_rested":2,"item_purchase_floors":[4,14,14],"current_hp_per_floor":[62,62,61,61,61,61,61,49,49,49,70,38,33,33,54,22,58],"gold":107,"neow_bonus":"RANDOM_COMMON_RELIC","is_prod":false,"is_daily":false,"chose_seed":false,"campfire_upgraded":1,"win_rate":0,"timestamp":1540423372,"path_taken":["M","?","M","$","?","R","M","E","T","?","R","E","M","?","R","BOSS"],"build_version":"2018-10-18","purchased_purges":0,"victory":false,"max_hp_per_floor":[70,70,70,70,70,70,70,70,70,70,70,70,70,70,70,70,70],"card_choices":[{"not_picked":["Poisoned Stab","Cloak And Dagger"],"picked":"Skewer","floor":1},{"not_picked":["Prepared","Quick Slash"],"picked":"Deflect","floor":3},{"not_picked":["Cloak And Dagger","Concentrate"],"picked":"Glass Knife","floor":5},{"not_picked":["Acrobatics","Poisoned Stab"],"picked":"Endless Agony","floor":7},{"not_picked":["Accuracy","Setup"],"picked":"Noxious Fumes","floor":8},{"not_picked":["Burst","Choke"],"picked":"Flying Knee","floor":12},{"not_picked":["Finisher","Underhanded Strike"],"picked":"Dagger Spray","floor":13},{"not_picked":["Burst","Adrenaline"],"picked":"Phantasmal Killer","floor":16}],"player_experience":757625,"relics_obtained":[{"floor":8,"key":"MawBank"},{"floor":9,"key":"Centennial Puzzle"},{"floor":12,"key":"Ancient Tea Set"}],"event_choices":[{"damage_healed":0,"gold_gain":0,"player_choice":"Ignored","damage_taken":0,"max_hp_gain":0,"max_hp_loss":0,"event_name":"Shining Light","floor":2,"gold_loss":0},{"damage_healed":0,"gold_gain":0,"player_choice":"Ignored","damage_taken":0,"max_hp_gain":0,"max_hp_loss":0,"event_name":"Golden Wing","floor":10,"gold_loss":0}],"is_beta":false,"boss_relics":[{"not_picked":["Snecko Eye","Runic Dome"],"picked":"White Beast Statue"}],"items_purged_floors":[],"is_endless":false,"potions_floor_spawned":[3,5,8,13],"ascension_level":9}