{"gold_per_floor":[115,115,65,38,38,38,54,54,54,83,8,38,38,38,38,134,134,134,74,74,74,74,74,74,74,74,74,74,74,74,74,74,74,74,74,74,74,74,0,0,0],"floor_reached":41,"playtime":1044,"items_purged":["Strike_R"],"score":594,"play_id":"bbabba46-5a69-4e42-a8e1-349e5e22be11","local_time":"20190306093237","is_ascension_mode":true,"campfire_choices":[{"data":"Whirlwind","floor":6.0,"key":"SMITH"},{"data":"Sword Boomerang","floor":8.0,"key":"SMITH"},{"data":"Bash","floor":13.0,"key":"SMITH"},{"floor":15.0,"key":"REST"},{"floor":24,"key":"REST"},{"data":"Pummel","floor":27,"key":"SMITH"},{"floor":32,"key":"REST"},{"data":"Flame Barrier","floor":40,"key":"SMITH"}],"neow_cost":"NONE","seed_source_timestamp":0,"circlet_count":0,"master_deck":["Strike_R+1","Strike_R","Strike_R","Defend_R+1","Defend_R","Defend_R","Bash+1","Whirlwind+1","Sword Boomerang+1","Pummel+1","Flame Barrier+1","Shrug It Off+1","Thunderclap","Flex+1","Decay","Juggernaut+1","Dark Embrace+1","Flex+1","Fire Breathing"],"special_seed":0,"relics":["Burning Blood","NeowsBlessing","Regal Pillow","Matryoshka","Pear","Red Skull","NlothsMask","Ectoplasm","Incense Burner","Bag of Marbles","WarpedTongs","Astrolabe","Charon\u0027s Ashes","Red Mask"],"potions_floor_usage":[18,18,23,25,33,33,33,36],"damage_taken":[{"damage":0.0,"enemies":"Jaw Worm","floor":1.0,"turns":1.0},{"damage":0.0,"enemies":"Small Slimes","floor":7.0,"turns":1.0},{"damage":0.0,"enemies":"3 Sentries","floor":10.0,"turns":1.0},{"damage":32.0,"enemies":"Gremlin Nob","floor":12.0,"turns":4.0},{"damage":56.0,"enemies":"The Guardian","floor":16.0,"turns":12.0},{"damage":0,"enemies":"Shell Parasite","floor":18,"turns":2},{"damage":32,"enemies":"2 Thieves","floor":19,"turns":3},{"damage":17,"enemies":"Centurion and Healer","floor":21,"turns":4},{"damage":31,"enemies":"Slavers","floor":23,"turns":3},{"damage":31,"enemies":"Snecko","floor":25,"turns":7},{"damage":12,"enemies":"Snake Plant","floor":29,"turns":2},{"damage":1,"enemies":"3 Cultists","floor":30,"turns":1},{"damage":4,"enemies":"Centurion and Healer","floor":31,"turns":3},{"damage":21,"enemies":"Champ","floor":33,"turns":6},{"damage":16,"enemies":"Orb Walker","floor":35,"turns":4},{"damage":33,"enemies":"Mind Bloom Boss Battle","floor":36,"turns":7},{"damage":54,"enemies":"3 Shapes","floor":41,"turns":3}],"seed_played":"2376398456443060562","potions_obtained":[{"floor":7.0,"key":"EssenceOfSteel"},{"floor":12.0,"key":"SteroidPotion"},{"floor":16.0,"key":"Fire Potion"},{"floor":18,"key":"Ancient Potion"},{"floor":23,"key":"PowerPotion"},{"floor":25,"key":"FearPotion"},{"floor":31,"key":"LiquidBronze"},{"floor":33,"key":"Weak Potion"}],"is_trial":false,"path_per_floor":["M","?","?","$","?","R","M","R","T","E","$","E","R","?","R","B",null,"M","M","$","M","$","E","R","M","T","R","?","M","M","M","R","B",null,"M","?","?","$","?","R","M"],"character_chosen":"IRONCLAD","items_purchased":["Sword Boomerang"],"campfire_rested":3,"item_purchase_floors":[4],"current_hp_per_floor":[78,78,78,78,62,62,68,68,68,84,84,58,58,58,90,40,78,84,58,58,47,47,22,64,39,39,39,39,33,38,40,82,67,84,74,47,47,47,47,47,0],"gold":0,"neow_bonus":"THREE_ENEMY_KILL","is_prod":false,"is_daily":false,"chose_seed":false,"campfire_upgraded":5,"win_rate":0,"timestamp":1551893557,"path_taken":["M","?","?","$","?","R","?","R","T","E","?","E","R","?","R","BOSS","M","M","$","?","?","E","R","M","T","R","?","M","M","M","R","BOSS","M","?","?","$","?","R","M"],"build_version":"2019-01-23","purchased_purges":1,"victory":false,"max_hp_per_floor":[80,80,80,80,80,80,80,80,80,90,90,90,90,90,90,90,90,90,90,90,90,90,90,90,90,90,90,90,90,90,90,90,90,90,90,90,85,85,85,85,85],"card_choices":[{"not_picked":["Headbutt","Clothesline"],"picked":"Whirlwind","floor":1.0},{"not_picked":["Disarm","Shockwave","True Grit"],"picked":"SKIP","floor":7.0},{"not_picked":["Spot Weakness","Cleave"],"picked":"Pummel","floor":10.0},{"not_picked":["Blood for Blood","Burning Pact"],"picked":"Flame Barrier","floor":12.0},{"not_picked":["Heavy Blade","Warcry"],"picked":"Shrug It Off+1","floor":18},{"not_picked":["Hemokinesis","Clothesline+1","Perfected Strike"],"picked":"SKIP","floor":19},{"not_picked":["Cleave","Shrug It Off+1","Entrench+1"],"picked":"SKIP","floor":21},{"not_picked":["Fire Breathing","Heavy Blade"],"picked":"Thunderclap","floor":23},{"not_picked":["Power Through+1","Double Tap","Thunderclap"],"picked":"SKIP","floor":25},{"not_picked":["Carnage","Uppercut"],"picked":"Flex+1","floor":29},{"not_picked":["Shrug It Off","Body Slam","Perfected Strike"],"picked":"SKIP","floor":30},{"not_picked":["Shrug It Off","Twin Strike","Perfected Strike"],"picked":"SKIP","floor":31},{"not_picked":["Clash+1","Pommel Strike"],"picked":"Flex+1","floor":35},{"not_picked":["Power Through","Blood for Blood"],"picked":"Fire Breathing","floor":36}],"player_experience":275159,"relics_obtained":[{"floor":9.0,"key":"Matryoshka"},{"floor":10.0,"key":"Pear"},{"floor":12.0,"key":"Red Skull"},{"floor":23,"key":"Incense Burner"},{"floor":26,"key":"Bag of Marbles"},{"floor":36,"key":"Charon\u0027s Ashes"}],"event_choices":[{"damage_healed":0.0,"max_hp_gain":0.0,"max_hp_loss":0.0,"gold_gain":0.0,"event_name":"Big Fish","player_choice":"Box","floor":2.0,"gold_loss":0.0,"damage_taken":0.0,"relics_obtained":["Regal Pillow"],"cards_obtained":["Regret"]},{"cards_removed":["Regret"],"damage_healed":0.0,"max_hp_gain":0.0,"max_hp_loss":0.0,"gold_gain":0.0,"event_name":"The Cleric","player_choice":"Card Removal","floor":3.0,"gold_loss":50.0,"damage_taken":0.0},{"damage_healed":0.0,"max_hp_gain":0.0,"max_hp_loss":0.0,"gold_gain":0.0,"event_name":"Shining Light","player_choice":"Entered Light","floor":5.0,"gold_loss":0.0,"damage_taken":16.0,"cards_upgraded":["Defend_R","Strike_R"]},{"damage_healed":0.0,"max_hp_gain":0.0,"max_hp_loss":0.0,"gold_gain":0.0,"event_name":"FaceTrader","player_choice":"Trade","floor":14.0,"gold_loss":0.0,"damage_taken":0.0,"relics_obtained":["NlothsMask"]},{"damage_healed":0,"gold_gain":0,"player_choice":"Rummage","damage_taken":0,"relics_obtained":["WarpedTongs"],"max_hp_gain":0,"max_hp_loss":0,"event_name":"Accursed Blacksmith","floor":28,"gold_loss":0,"cards_obtained":["Pain"]},{"damage_healed":0,"gold_gain":0,"player_choice":"Fight","damage_taken":0,"max_hp_gain":0,"max_hp_loss":0,"event_name":"MindBloom","floor":36,"gold_loss":0},{"damage_healed":0,"gold_gain":0,"player_choice":"Max HP","damage_taken":0,"max_hp_gain":0,"max_hp_loss":5,"event_name":"Winding Halls","floor":37,"gold_loss":0},{"damage_healed":0,"gold_gain":0,"player_choice":"Paid","damage_taken":0,"relics_obtained":["Red Mask"],"max_hp_gain":0,"max_hp_loss":0,"event_name":"Tomb of Lord Red Mask","floor":39,"gold_loss":74}],"is_beta":false,"boss_relics":[{"not_picked":["Runic Dome","Empty Cage"],"picked":"Ectoplasm"},{"not_picked":["White Beast Statue","Orrery"],"picked":"Astrolabe"}],"items_purged_floors":[11],"is_endless":false,"potions_floor_spawned":[7,12,16,18,23,25,31,33],"killed_by":"3 Shapes","ascension_level":7}