{"gold_per_floor":[109,89,106,116,16,27,59,59,84,84,99,99,109,109,109,205,205,224,45,61,61,25,25,25,25,25,41,41],"floor_reached":28,"playtime":1655,"items_purged":["Defend_B","Strike_B"],"score":220,"play_id":"4de1b1ac-e85b-4a92-91e6-82d4eb661459","local_time":"20190607145843","is_ascension_mode":false,"campfire_choices":[{"floor":10.0,"key":"REST"},{"floor":15.0,"key":"REST"},{"data":"Doom and Gloom","floor":23.0,"key":"SMITH"},{"floor":25.0,"key":"REST"}],"neow_cost":"NONE","seed_source_timestamp":0,"circlet_count":0,"master_deck":["Defend_B","Zap","Dualcast","Sweeping Beam","Coolheaded","Static Discharge","Ball Lightning","Sweeping Beam","Thunder Strike","Sweeping Beam","Conserve Battery","Echo Form","Creative AI+1","Sunder+1","Tempest+1","Cold Snap","Sunder","Steam","Doom and Gloom+1","Ball Lightning+1"],"special_seed":0,"relics":["Cracked Core","Oddly Smooth Stone","Strawberry","Art of War","Astrolabe","Toxic Egg 2"],"potions_floor_usage":[28],"damage_taken":[{"damage":6.0,"enemies":"2 Louse","floor":1.0,"turns":3.0},{"damage":6.0,"enemies":"Cultist","floor":3.0,"turns":3.0},{"damage":10.0,"enemies":"Small Slimes","floor":4.0,"turns":2.0},{"damage":8.0,"enemies":"Gremlin Gang","floor":6.0,"turns":3.0},{"damage":22.0,"enemies":"3 Sentries","floor":7.0,"turns":4.0},{"damage":14.0,"enemies":"3 Louse","floor":11.0,"turns":3.0},{"damage":4.0,"enemies":"Looter","floor":13.0,"turns":2.0},{"damage":12.0,"enemies":"Blue Slaver","floor":14.0,"turns":3.0},{"damage":16.0,"enemies":"Slime Boss","floor":16.0,"turns":7.0},{"damage":10.0,"enemies":"Spheric Guardian","floor":18.0,"turns":3.0},{"damage":10.0,"enemies":"Chosen","floor":20.0,"turns":4.0},{"damage":58.0,"enemies":"Colosseum Slavers","floor":24.0,"turns":5.0},{"damage":13,"enemies":"3 Cultists","floor":27,"turns":4},{"damage":15,"enemies":"Cultist and Chosen","floor":28,"turns":4}],"seed_played":"-4979423715471917607","potions_obtained":[{"floor":2.0,"key":"PowerPotion"},{"floor":3.0,"key":"SpeedPotion"},{"floor":4.0,"key":"AttackPotion"},{"floor":11.0,"key":"Energy Potion"},{"floor":16.0,"key":"SpeedPotion"}],"is_trial":false,"path_per_floor":["M","?","M","M","$","M","E","?","T","R","M","?","M","M","R","B",null,"M","$","M","?","$","R","?","R","T","M","M"],"character_chosen":"DEFECT","items_purchased":["Ball Lightning","Sunder","Doom and Gloom"],"campfire_rested":3,"item_purchase_floors":[5,19,22],"current_hp_per_floor":[69,69,63,53,53,45,23,30,30,54,40,40,36,24,48,32,82,72,72,62,62,62,62,4,28,28,15,0],"gold":41,"neow_bonus":"REMOVE_CARD","is_prod":false,"is_daily":false,"chose_seed":false,"campfire_upgraded":1,"win_rate":0,"timestamp":1559944723,"path_taken":["M","?","?","M","?","M","E","?","T","R","?","?","M","M","R","BOSS","M","$","?","?","$","R","?","R","T","?","M"],"build_version":"2019-01-23","purchased_purges":2,"victory":false,"max_hp_per_floor":[75,75,75,75,75,75,75,82,82,82,82,82,82,82,82,82,82,82,82,82,82,82,82,82,82,82,82,82],"card_choices":[{"not_picked":["Coolheaded","Chaos"],"picked":"Sweeping Beam","floor":1.0},{"not_picked":["BootSequence","Stack"],"picked":"Coolheaded","floor":3.0},{"not_picked":["Hologram","Compile Driver"],"picked":"Static Discharge","floor":4.0},{"not_picked":["Turbo","Heatsinks"],"picked":"Sweeping Beam","floor":6.0},{"not_picked":["Barrage","Defragment"],"picked":"Thunder Strike","floor":7.0},{"not_picked":["Cold Snap","Storm"],"picked":"Sweeping Beam","floor":11.0},{"not_picked":["Stack","Sweeping Beam"],"picked":"Conserve Battery","floor":13.0},{"not_picked":["Streamline","Darkness","Leap"],"picked":"SKIP","floor":14.0},{"not_picked":["Buffer","Biased Cognition"],"picked":"Echo Form","floor":16.0},{"not_picked":["Aggregate","Sweeping Beam"],"picked":"Cold Snap","floor":18.0},{"not_picked":["Fusion","Force Field"],"picked":"Steam","floor":20.0},{"not_picked":["Conserve Battery+1","Turbo+1"],"picked":"Ball Lightning+1","floor":27}],"player_experience":438801,"relics_obtained":[{"floor":7.0,"key":"Oddly Smooth Stone"},{"floor":9.0,"key":"Art of War"},{"floor":26.0,"key":"Toxic Egg 2"}],"event_choices":[{"damage_healed":0.0,"max_hp_gain":0.0,"max_hp_loss":0.0,"gold_gain":0.0,"event_name":"The Woman in Blue","player_choice":"Bought 1 Potion","floor":2.0,"gold_loss":0.0,"damage_taken":0.0},{"damage_healed":0.0,"max_hp_gain":0.0,"max_hp_loss":0.0,"gold_gain":0.0,"event_name":"WeMeetAgain","player_choice":"Gave Potion","floor":8.0,"gold_loss":0.0,"damage_taken":0.0,"relics_obtained":["Strawberry"]},{"cards_removed":["Strike_B"],"damage_healed":0.0,"max_hp_gain":0.0,"max_hp_loss":0.0,"gold_gain":0.0,"event_name":"Wheel of Change","player_choice":"Card Removal","floor":12.0,"gold_loss":0.0,"damage_taken":0.0},{"damage_healed":0.0,"max_hp_gain":0.0,"max_hp_loss":0.0,"gold_gain":0.0,"event_name":"Cursed Tome","player_choice":"Ignored","floor":21.0,"gold_loss":0.0,"damage_taken":0.0},{"damage_healed":0.0,"max_hp_gain":0.0,"max_hp_loss":0.0,"gold_gain":0.0,"event_name":"Colosseum","player_choice":"Fight","floor":24.0,"gold_loss":0.0,"damage_taken":0.0},{"damage_healed":0.0,"max_hp_gain":0.0,"max_hp_loss":0.0,"gold_gain":0.0,"event_name":"Colosseum","player_choice":"Fled From Nobs","floor":24.0,"gold_loss":0.0,"damage_taken":0.0}],"is_beta":false,"boss_relics":[{"not_picked":["Calling Bell","Velvet Choker"],"picked":"Astrolabe"}],"items_purged_floors":[5,19],"is_endless":false,"potions_floor_spawned":[3,4,11,16,24],"killed_by":"Cultist and Chosen","ascension_level":0}