{"gold_per_floor":[117,68,88,35,35,65,65,65,90,110,110,125,125,78,78,176,176,189,13,13,13,27,27,62,62,62,72,72,72,92,92,92,92],"floor_reached":33,"playtime":816,"items_purged":[],"score":339,"play_id":"1f85e3cd-d15e-4bdc-8033-f7f5862b179c","local_time":"20190531073243","is_ascension_mode":true,"campfire_choices":[{"floor":7,"key":"REST"},{"floor":15,"key":"REST"},{"floor":23,"key":"REST"},{"floor":25,"key":"REST"},{"floor":28,"key":"REST"},{"floor":32,"key":"REST"}],"neow_cost":"NONE","seed_source_timestamp":498305909972686,"circlet_count":0,"master_deck":["Defend_G","Defend_G","Defend_G","Defend_G","Defend_G","Strike_G","Strike_G","Strike_G","Strike_G","Strike_G","Survivor","Neutralize","Bane+1","Deadly Poison","Deadly Poison","Poisoned Stab","Poisoned Stab+1","Deadly Poison","Poisoned Stab+1","Dagger Spray+1"],"relics":["White Beast Statue","Darkstone Periapt","Art of War","Fusion Hammer","Pen Nib","Singing Bowl","Molten Egg 2"],"potions_floor_usage":[3,6,16,22,24,27,30,30,33],"damage_taken":[{"damage":5,"enemies":"Jaw Worm","floor":1,"turns":5},{"damage":7,"enemies":"Small Slimes","floor":3,"turns":3},{"damage":37,"enemies":"Lagavulin","floor":6,"turns":8},{"damage":0,"enemies":"Cultist","floor":10,"turns":3},{"damage":0,"enemies":"Exordium Wildlife","floor":12,"turns":5},{"damage":34,"enemies":"The Guardian","floor":16,"turns":10},{"damage":8,"enemies":"Shell Parasite","floor":18,"turns":6},{"damage":2,"enemies":"Chosen","floor":22,"turns":4},{"damage":22,"enemies":"Slavers","floor":24,"turns":5},{"damage":24,"enemies":"3 Cultists","floor":27,"turns":5},{"damage":32,"enemies":"Sentry and Sphere","floor":30,"turns":6},{"damage":99,"enemies":"Automaton","floor":33,"turns":6}],"seed_played":"2201376825401821940","potions_obtained":[{"floor":1,"key":"AttackPotion"},{"floor":3,"key":"SkillPotion"},{"floor":6,"key":"Dexterity Potion"},{"floor":10,"key":"Fire Potion"},{"floor":12,"key":"Block Potion"},{"floor":16,"key":"Block Potion"},{"floor":22,"key":"SkillPotion"},{"floor":24,"key":"LiquidBronze"},{"floor":27,"key":"SpeedPotion"},{"floor":30,"key":"Regen Potion"}],"is_trial":false,"path_per_floor":["M","?","M","$","?","E","R","$","T","M","?","M","?","$","R","B",null,"M","$","?","?","M","R","E","R","T","M","R","?","M","?","R","B"],"character_chosen":"THE_SILENT","items_purchased":["Deadly Poison","Poisoned Stab","Deadly Poison","Pen Nib"],"campfire_rested":6,"item_purchase_floors":[4,14,19,19],"current_hp_per_floor":[58,58,51,51,51,14,35,35,35,35,35,35,35,35,56,22,58,50,50,50,80,78,80,58,80,80,58,82,82,52,52,77,0],"gold":92,"neow_bonus":"BOSS_RELIC","is_prod":false,"is_daily":false,"chose_seed":false,"campfire_upgraded":0,"win_rate":0,"timestamp":1559302363,"path_taken":["M","?","M","$","?","E","R","?","T","M","?","?","?","$","R","BOSS","M","$","?","?","?","R","E","R","T","M","R","?","M","?","R","BOSS"],"build_version":"2019-01-23","purchased_purges":0,"victory":false,"max_hp_per_floor":[70,70,70,70,70,70,70,70,70,70,70,70,70,70,70,70,70,70,70,70,80,80,80,80,80,80,82,82,82,84,84,84,84],"card_choices":[{"not_picked":["Backflip","Deflect"],"picked":"Bane","floor":1},{"not_picked":["Backflip","Slice","Underhanded Strike"],"picked":"SKIP","floor":3},{"not_picked":["Prepared","Blade Dance","Skewer"],"picked":"SKIP","floor":6},{"not_picked":["Underhanded Strike","Dodge and Roll","Outmaneuver"],"picked":"SKIP","floor":10},{"not_picked":["Sucker Punch","Bane"],"picked":"Deadly Poison","floor":12},{"not_picked":["Phantasmal Killer","Grand Finale"],"picked":"Wraith Form v2","floor":16},{"not_picked":["Footwork","Backstab"],"picked":"Poisoned Stab+1","floor":18},{"not_picked":["Backstab+1","Noxious Fumes+1"],"picked":"Poisoned Stab+1","floor":22},{"not_picked":["Die Die Die","Slice"],"picked":"Dagger Spray+1","floor":24},{"not_picked":["Sucker Punch+1","Prepared+1","Dodge and Roll"],"picked":"Singing Bowl","floor":27},{"not_picked":["Noxious Fumes+1","Bane+1","Catalyst"],"picked":"Singing Bowl","floor":30}],"player_experience":369997,"relics_obtained":[{"floor":6,"key":"Darkstone Periapt"},{"floor":9,"key":"Art of War"},{"floor":24,"key":"Singing Bowl"},{"floor":26,"key":"Molten Egg 2"}],"event_choices":[{"damage_healed":0,"gold_gain":0,"player_choice":"Left Gold","damage_taken":0,"max_hp_gain":0,"max_hp_loss":0,"event_name":"World of Goop","floor":2,"gold_loss":49},{"damage_healed":0,"gold_gain":0,"player_choice":"Ignored","damage_taken":0,"max_hp_gain":0,"max_hp_loss":0,"event_name":"Liars Game","floor":5,"gold_loss":0},{"damage_healed":0,"gold_gain":0,"player_choice":"Ignored","damage_taken":0,"max_hp_gain":0,"max_hp_loss":0,"event_name":"Golden Wing","floor":11,"gold_loss":0},{"damage_healed":0,"gold_gain":0,"player_choice":"Forge","damage_taken":0,"max_hp_gain":0,"max_hp_loss":0,"event_name":"Accursed Blacksmith","floor":13,"gold_loss":0,"cards_upgraded":["Bane"]},{"damage_healed":0,"gold_gain":0,"player_choice":"Ignored","damage_taken":0,"max_hp_gain":0,"max_hp_loss":0,"event_name":"Vampires","floor":20,"gold_loss":0},{"cards_removed":["Wraith Form v2"],"damage_healed":20,"gold_gain":0,"player_choice":"Offered Rare","damage_taken":0,"max_hp_gain":10,"max_hp_loss":0,"event_name":"Bonfire Elementals","floor":21,"gold_loss":0},{"damage_healed":0,"gold_gain":0,"player_choice":"Ignored","damage_taken":0,"max_hp_gain":0,"max_hp_loss":0,"event_name":"Ghosts","floor":29,"gold_loss":0},{"damage_healed":0,"gold_gain":0,"player_choice":"Ignored","damage_taken":0,"max_hp_gain":0,"max_hp_loss":0,"event_name":"Cursed Tome","floor":31,"gold_loss":0}],"is_beta":false,"boss_relics":[{"not_picked":["Runic Dome","Velvet Choker"],"picked":"Fusion Hammer"}],"items_purged_floors":[],"is_endless":false,"potions_floor_spawned":[1,3,6,10,12,16,18,22,24,27,30],"killed_by":"Automaton","ascension_level":6}