{"gold_per_floor":[110,110,110,137,137,137,162,176,176,176,190,207,207,226,226,322,322,336,41,60,72,72,72,105,105,105,123,38,38,4,19,19,19],"floor_reached":33,"playtime":961,"items_purged":[],"score":345,"play_id":"7860aff1-df23-4328-84e2-e71fa0c39518","local_time":"20190605215653","is_ascension_mode":true,"campfire_choices":[{"floor":6,"key":"REST"},{"floor":10,"key":"REST"},{"floor":13,"key":"REST"},{"floor":15,"key":"REST"},{"floor":23,"key":"REST"},{"floor":25,"key":"REST"},{"floor":32,"key":"REST"}],"neow_cost":"NONE","seed_source_timestamp":79557626200499,"circlet_count":0,"master_deck":["Defend_G","Defend_G","Defend_G","Defend_G","Defend_G","Strike_G","Strike_G","Strike_G","Strike_G","Strike_G","Survivor","Neutralize","Dash+1","Sucker Punch","All Out Attack","Flechettes","Flying Knee","All Out Attack","Heel Hook","Dagger Spray","Caltrops","Die Die Die","All Out Attack","Night Terror","Caltrops","Quick Slash+1","Dash"],"relics":["Orrery","Peace Pipe","Boot","Torii","Incense Burner","Busted Crown","Ninja Scroll","Prayer Wheel","Blue Candle","Gremlin Horn","Singing Bowl"],"potions_floor_usage":[16,21,27,31],"damage_taken":[{"damage":0,"enemies":"Small Slimes","floor":1,"turns":2},{"damage":40,"enemies":"Lagavulin","floor":7,"turns":6},{"damage":12,"enemies":"Jaw Worm","floor":8,"turns":2},{"damage":2,"enemies":"2 Louse","floor":11,"turns":2},{"damage":14,"enemies":"Red Slaver","floor":12,"turns":3},{"damage":0,"enemies":"Large Slime","floor":14,"turns":3},{"damage":14,"enemies":"Hexaghost","floor":16,"turns":9},{"damage":2,"enemies":"Chosen","floor":18,"turns":4},{"damage":0,"enemies":"Spheric Guardian","floor":20,"turns":3},{"damage":26,"enemies":"Snake Plant","floor":21,"turns":5},{"damage":6,"enemies":"Slavers","floor":24,"turns":5},{"damage":22,"enemies":"Centurion and Healer","floor":27,"turns":5},{"damage":10,"enemies":"Shelled Parasite and Fungi","floor":31,"turns":4},{"damage":67,"enemies":"Champ","floor":33,"turns":10}],"seed_played":"-3532605223961232439","potions_obtained":[{"floor":1,"key":"SpeedPotion"},{"floor":14,"key":"LiquidBronze"},{"floor":16,"key":"Energy Potion"},{"floor":20,"key":"Explosive Potion"}],"is_trial":false,"path_per_floor":["M","?","?","T","?","R","E","M","T","R","M","M","R","M","R","B",null,"M","$","M","M","?","R","E","R","T","M","?","?","$","M","R","B"],"character_chosen":"THE_SILENT","items_purchased":["Ninja Scroll","Caltrops","Dash"],"campfire_rested":7,"item_purchase_floors":[19,19,30],"current_hp_per_floor":[63,63,45,45,45,66,26,14,14,35,33,19,40,40,61,47,64,62,62,62,36,36,57,51,70,70,48,48,48,48,42,64,0],"gold":19,"neow_bonus":"BOSS_RELIC","is_prod":false,"is_daily":false,"chose_seed":false,"campfire_upgraded":0,"win_rate":0,"timestamp":1559786213,"path_taken":["M","?","?","?","?","R","E","?","T","R","M","M","R","M","R","BOSS","M","$","M","M","?","R","E","R","T","?","?","?","?","M","R","BOSS"],"build_version":"2019-01-23","purchased_purges":0,"victory":false,"max_hp_per_floor":[70,70,70,70,70,70,70,70,70,70,70,70,70,70,70,70,70,70,70,70,70,70,70,70,70,70,70,70,70,70,74,74,74],"card_choices":[{"not_picked":["Flying Knee","Sucker Punch"],"picked":"Dash","floor":0},{"not_picked":["Flying Knee","Setup"],"picked":"Sucker Punch","floor":0},{"not_picked":["Flechettes","Expertise"],"picked":"All Out Attack","floor":0},{"not_picked":["Expertise","Dodge and Roll"],"picked":"Flechettes","floor":0},{"not_picked":["Tactician","Acrobatics"],"picked":"Flying Knee","floor":0},{"not_picked":["Bane","Tactician"],"picked":"All Out Attack","floor":1},{"not_picked":["Eviscerate","Blur"],"picked":"Heel Hook","floor":7},{"not_picked":["Blade Dance","Reflex"],"picked":"Dagger Spray","floor":8},{"not_picked":["Dagger Spray","Outmaneuver"],"picked":"Caltrops","floor":11},{"not_picked":["Prepared","Dagger Spray"],"picked":"Die Die Die","floor":12},{"not_picked":["Cloak And Dagger","Deadly Poison"],"picked":"All Out Attack","floor":14},{"not_picked":["Wraith Form v2","Doppelganger"],"picked":"Night Terror","floor":16},{"not_picked":["Accuracy"],"picked":"SKIP","floor":18},{"not_picked":["Blade Dance+1"],"picked":"SKIP","floor":20},{"not_picked":["Blade Dance+1"],"picked":"SKIP","floor":20},{"not_picked":["Deflect"],"picked":"SKIP","floor":21},{"not_picked":["Flechettes"],"picked":"SKIP","floor":24},{"not_picked":[],"picked":"Quick Slash+1","floor":27},{"not_picked":["Outmaneuver"],"picked":"SKIP","floor":27},{"not_picked":["Footwork+1"],"picked":"Singing Bowl","floor":31},{"not_picked":["Deadly Poison+1"],"picked":"Singing Bowl","floor":31}],"player_experience":386863,"relics_obtained":[{"floor":4,"key":"Boot"},{"floor":7,"key":"Torii"},{"floor":9,"key":"Incense Burner"},{"floor":22,"key":"Prayer Wheel"},{"floor":24,"key":"Blue Candle"},{"floor":26,"key":"Gremlin Horn"}],"event_choices":[{"damage_healed":0,"gold_gain":0,"player_choice":"Grow","damage_taken":0,"max_hp_gain":0,"max_hp_loss":0,"event_name":"Living Wall","floor":2,"gold_loss":0,"cards_upgraded":["Dash"]},{"damage_healed":0,"gold_gain":0,"player_choice":"Success","damage_taken":18,"relics_obtained":["Peace Pipe"],"max_hp_gain":0,"max_hp_loss":0,"event_name":"Scrap Ooze","floor":3,"gold_loss":0},{"damage_healed":0,"gold_gain":0,"player_choice":"Ignored","damage_taken":0,"max_hp_gain":0,"max_hp_loss":0,"event_name":"Liars Game","floor":5,"gold_loss":0},{"damage_healed":0,"gold_gain":0,"player_choice":"Relic","damage_taken":0,"max_hp_gain":0,"max_hp_loss":0,"event_name":"Wheel of Change","floor":22,"gold_loss":0},{"damage_healed":0,"gold_gain":0,"player_choice":"Obtained Relic","damage_taken":0,"relics_obtained":["Singing Bowl"],"max_hp_gain":0,"max_hp_loss":0,"event_name":"Addict","floor":28,"gold_loss":85},{"damage_healed":0,"gold_gain":0,"player_choice":"Ignored","damage_taken":0,"max_hp_gain":0,"max_hp_loss":0,"event_name":"Beggar","floor":29,"gold_loss":0}],"is_beta":false,"boss_relics":[{"not_picked":["Lizard Tail","Astrolabe"],"picked":"Busted Crown"}],"items_purged_floors":[],"is_endless":false,"potions_floor_spawned":[1,14,16,20],"killed_by":"Champ","ascension_level":6}