{"gold_per_floor":[17,42,42,42,59,59,84,84,131,131,163,163,192,207,207,207],"floor_reached":16,"playtime":388,"items_purged":[],"score":151,"play_id":"ebe34eff-459b-49e4-ae51-1643dcf5cad1","local_time":"20190302115015","is_ascension_mode":true,"campfire_choices":[{"data":"Twin Strike","floor":6,"key":"SMITH"},{"floor":8,"key":"REST"},{"floor":12,"key":"REST"},{"floor":15,"key":"REST"}],"neow_cost":"NO_GOLD","seed_source_timestamp":133129561473999,"circlet_count":0,"master_deck":["Strike_R","Strike_R+1","Strike_R+1","Defend_R+1","Defend_R+1","Defend_R","Defend_R","Battle Trance","Twin Strike+1","Immolate"],"relics":["Burning Blood","Anchor","War Paint","Smiling Mask","Bottled Lightning","Bag of Preparation"],"potions_floor_usage":[16,16],"damage_taken":[{"damage":6,"enemies":"Cultist","floor":1,"turns":3},{"damage":2,"enemies":"Small Slimes","floor":5,"turns":5},{"damage":43,"enemies":"Gremlin Nob","floor":7,"turns":5},{"damage":39,"enemies":"Lagavulin","floor":11,"turns":6},{"damage":20,"enemies":"3 Sentries","floor":13,"turns":5},{"damage":0,"enemies":"Jaw Worm","floor":14,"turns":2},{"damage":59,"enemies":"The Guardian","floor":16,"turns":12}],"seed_played":"-792144943708665087","potions_obtained":[{"floor":5,"key":"GamblersBrew"},{"floor":14,"key":"Energy Potion"}],"is_trial":false,"path_per_floor":["M","T","?","$","M","R","E","R","T","?","E","R","E","M","R","B"],"character_chosen":"IRONCLAD","items_purchased":[],"campfire_rested":3,"item_purchase_floors":[],"current_hp_per_floor":[72,72,72,72,76,76,39,63,63,47,14,38,24,30,54,0],"gold":207,"neow_bonus":"REMOVE_TWO","is_prod":false,"is_daily":false,"chose_seed":false,"campfire_upgraded":1,"win_rate":0,"timestamp":1551556215,"path_taken":["M","?","?","?","M","R","E","R","T","?","E","R","E","M","R","BOSS"],"build_version":"2019-01-23","purchased_purges":0,"victory":false,"max_hp_per_floor":[80,80,80,80,80,80,80,80,80,80,80,80,80,80,80,80],"card_choices":[{"not_picked":["Headbutt","Sentinel"],"picked":"Battle Trance","floor":1},{"not_picked":["Heavy Blade","Clash"],"picked":"Twin Strike","floor":5},{"not_picked":["Dropkick","Shrug It Off"],"picked":"Immolate","floor":7},{"not_picked":["Havoc","Heavy Blade","True Grit"],"picked":"SKIP","floor":11},{"not_picked":["Dark Embrace","Armaments","Clash"],"picked":"SKIP","floor":13},{"not_picked":["Dropkick","Wild Strike","Evolve"],"picked":"SKIP","floor":14}],"player_experience":233539,"relics_obtained":[{"floor":2,"key":"Anchor"},{"floor":7,"key":"War Paint"},{"floor":9,"key":"Smiling Mask"},{"floor":11,"key":"Bottled Lightning"},{"floor":13,"key":"Bag of Preparation"}],"event_choices":[{"cards_removed":["Bash"],"damage_healed":0,"gold_gain":0,"player_choice":"Forget","damage_taken":0,"max_hp_gain":0,"max_hp_loss":0,"event_name":"Living Wall","floor":3,"gold_loss":0},{"damage_healed":0,"gold_gain":0,"player_choice":"Entered Light","damage_taken":16,"max_hp_gain":0,"max_hp_loss":0,"event_name":"Shining Light","floor":10,"gold_loss":0,"cards_upgraded":["Strike_R","Strike_R"]}],"is_beta":false,"boss_relics":[],"items_purged_floors":[],"is_endless":false,"potions_floor_spawned":[5,14],"killed_by":"The Guardian","ascension_level":6}