{"gold_per_floor":[115,190,92,107,125,154,154,177,177,203,218,118,118,118,118,118],"floor_reached":16,"playtime":554,"items_purged":["Strike_R","Strike_R"],"score":124,"play_id":"d9640ca7-3261-4b44-af92-2ff88c15152b","local_time":"20190210175325","is_ascension_mode":true,"campfire_choices":[{"floor":7.0,"key":"REST"},{"floor":15,"key":"REST"}],"neow_cost":"NONE","seed_source_timestamp":113355274853800,"circlet_count":0,"master_deck":["Strike_R","Strike_R","Strike_R","Defend_R","Defend_R","Defend_R","Defend_R","Bash","Pommel Strike","Iron Wave","Flex","Fire Breathing","Flex","Seeing Red"],"special_seed":0,"relics":["Burning Blood","Letter Opener","Odd Mushroom","StoneCalendar","Lantern"],"potions_floor_usage":[11,11],"damage_taken":[{"damage":12.0,"enemies":"Jaw Worm","floor":1.0,"turns":3.0},{"damage":10.0,"enemies":"Small Slimes","floor":4.0,"turns":3.0},{"damage":3.0,"enemies":"2 Louse","floor":5.0,"turns":3.0},{"damage":50.0,"enemies":"Lagavulin","floor":6.0,"turns":6.0},{"damage":22.0,"enemies":"The Mushroom Lair","floor":8.0,"turns":4.0},{"damage":23.0,"enemies":"Gremlin Nob","floor":10.0,"turns":4.0},{"damage":0,"enemies":"Exordium Wildlife","floor":11,"turns":3},{"damage":40,"enemies":"The Guardian","floor":16,"turns":9}],"seed_played":"698514708514931784","potions_obtained":[{"floor":5.0,"key":"Energy Potion"},{"floor":6.0,"key":"GamblersBrew"},{"floor":10.0,"key":"Poison Potion"}],"is_trial":false,"path_per_floor":["M","?","$","M","M","E","R","?","T","E","M","$","?","$","R","B"],"character_chosen":"IRONCLAD","items_purchased":["Flex"],"campfire_rested":2,"item_purchase_floors":[3],"current_hp_per_floor":[74,63,63,59,62,18,42,26,26,9,15,15,15,15,39,0],"gold":118,"neow_bonus":"THREE_CARDS","is_prod":false,"is_daily":false,"chose_seed":false,"campfire_upgraded":0,"win_rate":0,"timestamp":1549850005,"path_taken":["M","?","$","M","M","E","R","?","T","E","?","$","?","?","R","BOSS"],"build_version":"2019-01-23","purchased_purges":2,"victory":false,"max_hp_per_floor":[80,80,80,80,80,80,80,80,80,80,80,80,80,80,80,80],"card_choices":[{"not_picked":["Body Slam","Burning Pact"],"picked":"Pommel Strike","floor":0.0},{"not_picked":["Heavy Blade","Body Slam"],"picked":"Iron Wave","floor":1.0},{"not_picked":["Feel No Pain","Infernal Blade"],"picked":"Fire Breathing","floor":4.0},{"not_picked":["Twin Strike","Thunderclap","Perfected Strike"],"picked":"SKIP","floor":5.0},{"not_picked":["Bloodletting","Clash","True Grit"],"picked":"SKIP","floor":6.0},{"not_picked":["Uppercut","Havoc"],"picked":"Flex","floor":8.0},{"not_picked":["Wild Strike","Iron Wave"],"picked":"Seeing Red","floor":10.0},{"not_picked":["Feed","Clash","Havoc"],"picked":"SKIP","floor":11}],"player_experience":117462,"relics_obtained":[{"floor":6.0,"key":"Letter Opener"},{"floor":8.0,"key":"Odd Mushroom"},{"floor":9.0,"key":"StoneCalendar"},{"floor":10.0,"key":"Lantern"}],"event_choices":[{"damage_healed":0.0,"max_hp_gain":0.0,"max_hp_loss":0.0,"gold_gain":75.0,"event_name":"World of Goop","player_choice":"Gather Gold","floor":2.0,"gold_loss":0.0,"damage_taken":11.0},{"damage_healed":0.0,"max_hp_gain":0.0,"max_hp_loss":0.0,"gold_gain":0.0,"event_name":"Mushrooms","player_choice":"Fought Mushrooms","floor":8.0,"gold_loss":0.0,"damage_taken":0.0},{"damage_healed":0,"gold_gain":0,"player_choice":"Ignored","damage_taken":0,"max_hp_gain":0,"max_hp_loss":0,"event_name":"Liars Game","floor":13,"gold_loss":0}],"is_beta":false,"boss_relics":[],"items_purged_floors":[3,12],"is_endless":false,"potions_floor_spawned":[5,6,10],"killed_by":"The Guardian","ascension_level":3}