{"gold_per_floor":[119,119,138,151,151,171,185,31,31,49,49,49,49,69,69,165,165,165,165,165,165,165,165,165,19,19,19,19,19,19,19,19,19,19,19,19,19,19,19,19,19,19,19,19,19,19,19,19,19,19],"floor_reached":51,"playtime":5450,"items_purged":["Strike_R"],"score":764,"play_id":"8e37c299-0967-449a-b288-429162c32b15","local_time":"20180718232043","is_ascension_mode":false,"campfire_choices":[{"data":"Armaments","floor":12.0,"key":"SMITH"},{"data":"Body Slam","floor":15.0,"key":"SMITH"},{"floor":24,"key":"REST"},{"floor":28,"key":"REST"},{"floor":32,"key":"REST"},{"data":"Heavy Blade","floor":40,"key":"SMITH"},{"floor":46,"key":"REST"},{"floor":49,"key":"REST"}],"neow_cost":"NONE","seed_source_timestamp":0,"circlet_count":0,"master_deck":["Strike_R","Strike_R","Strike_R","Strike_R","Defend_R","Defend_R","Defend_R","Bash","Fire Breathing","Armaments+1","Body Slam+1","Anger","Ghostly Armor","Uppercut","Inflame+1","Juggernaut+1","Demon Form+1","Whirlwind+1","Injury","Rampage","Exhume","Battle Trance+1","Heavy Blade+1","Bludgeon","Metallicize+1","Intimidate+1","Flame Barrier+1","Infernal Blade+1"],"special_seed":0,"relics":["Burning Blood","Happy Flower","Frozen Egg 2","Bird Faced Urn","Odd Mushroom","Ectoplasm","Potion Belt","Gambling Chip","Lantern","Ornamental Fan","Black Star","Girya","Thread and Needle","Molten Egg 2","Meat on the Bone","Toxic Egg 2"],"potions_floor_usage":[27,36,36,36,36,41,50,50,50,50],"damage_taken":[{"damage":1.0,"enemies":"Cultist","floor":1.0,"turns":3.0},{"damage":3.0,"enemies":"Small Slimes","floor":3.0,"turns":3.0},{"damage":1.0,"enemies":"2 Louse","floor":4.0,"turns":4.0},{"damage":16.0,"enemies":"Exordium Thugs","floor":6.0,"turns":5.0},{"damage":8.0,"enemies":"Exordium Wildlife","floor":7.0,"turns":3.0},{"damage":20.0,"enemies":"3 Louse","floor":10.0,"turns":4.0},{"damage":11.0,"floor":14.0,"turns":5.0},{"damage":41.0,"enemies":"The Guardian","floor":16.0,"turns":10.0},{"damage":27.0,"enemies":"Spheric Guardian","floor":18.0,"turns":5.0},{"damage":34.0,"enemies":"Chosen","floor":21.0,"turns":6.0},{"damage":19,"enemies":"Snecko","floor":22,"turns":6},{"damage":27,"enemies":"Gremlin Leader","floor":23,"turns":6},{"damage":16,"enemies":"Chosen and Byrds","floor":27,"turns":6},{"damage":34,"enemies":"Slaver and Parasite","floor":29,"turns":6},{"damage":13,"enemies":"Snecko","floor":30,"turns":4},{"damage":0,"enemies":"Centurion and Healer","floor":31,"turns":4},{"damage":37,"enemies":"Collector","floor":33,"turns":8},{"damage":22,"enemies":"Orb Walker","floor":35,"turns":4},{"damage":12,"floor":36,"turns":4},{"damage":0,"floor":39,"turns":4},{"damage":27,"enemies":"Nemesis","floor":41,"turns":5},{"damage":24,"enemies":"3 Darklings","floor":42,"turns":7},{"damage":0,"enemies":"4 Shapes","floor":45,"turns":6},{"damage":24,"enemies":"Flame Bruiser 2 Orb","floor":47,"turns":4},{"damage":70,"enemies":"Time Eater","floor":50,"turns":9}],"seed_played":"6049740370695328728","potions_obtained":[{"floor":1.0,"key":"SteroidPotion"},{"floor":4.0,"key":"AttackPotion"},{"floor":6.0,"key":"SkillPotion"},{"floor":7.0,"key":"Strength Potion"},{"floor":21,"key":"Strength Potion"},{"floor":23,"key":"Poison Potion"},{"floor":27,"key":"FearPotion"},{"floor":31,"key":"LiquidBronze"},{"floor":39,"key":"EssenceOfSteel"},{"floor":41,"key":"Explosive Potion"},{"floor":45,"key":"LiquidBronze"},{"floor":47,"key":"Fire Potion"}],"is_trial":false,"path_per_floor":["M","?","M","M","$","M","M","$","T","M","$","R","?","?","R","B",null,"M","?","T","M","M","E","R","$","T","M","R","M","M","M","R","B",null,"M","?","?","$","?","R","E","M","T","?","M","R","M","$","R","B"],"character_chosen":"IRONCLAD","items_purchased":["Uppercut","Lantern"],"campfire_rested":5,"item_purchase_floors":[8,25],"current_hp_per_floor":[80,77,80,80,80,74,72,72,72,60,60,60,80,77,77,47,80,61,61,61,41,34,19,43,43,43,39,63,41,42,50,74,51,80,66,64,64,64,76,76,61,49,49,49,59,80,66,66,80,32],"gold":19,"neow_bonus":"RANDOM_COMMON_RELIC","is_prod":false,"is_daily":false,"chose_seed":false,"campfire_upgraded":3,"win_rate":0,"timestamp":1531952443,"path_taken":["M","?","M","M","$","M","M","$","T","M","$","R","?","?","R","BOSS","M","?","?","M","?","E","R","$","T","M","R","M","M","M","R","BOSS","M","?","?","?","?","R","E","M","T","?","?","R","M","$","R","BOSS"],"build_version":"2018-07-12","purchased_purges":1,"victory":true,"max_hp_per_floor":[80,80,80,80,80,80,80,80,80,80,80,80,80,80,80,80,80,80,80,80,80,80,80,80,80,80,80,80,80,80,80,80,80,80,80,80,80,80,80,80,80,80,80,80,80,80,80,80,80,80],"card_choices":[{"not_picked":["Uppercut","Corruption"],"picked":"Fire Breathing","floor":1.0},{"not_picked":["Flame Barrier","True Grit"],"picked":"Armaments","floor":3.0},{"not_picked":["Headbutt","Rage"],"picked":"Body Slam","floor":4.0},{"not_picked":["Body Slam","Entrench"],"picked":"Anger","floor":6.0},{"not_picked":["Wild Strike","Havoc"],"picked":"Ghostly Armor","floor":7.0},{"not_picked":["Second Wind","Havoc"],"picked":"Inflame+1","floor":10.0},{"not_picked":["True Grit","Iron Wave"],"picked":"Juggernaut+1","floor":14.0},{"not_picked":["Feed","Brutality+1"],"picked":"Demon Form+1","floor":16.0},{"not_picked":["Body Slam","Sever Soul+1"],"picked":"Whirlwind","floor":18.0},{"not_picked":["Headbutt","Thunderclap+1"],"picked":"Rampage","floor":21},{"not_picked":["Hemokinesis","Combust+1","Bloodletting"],"picked":"SKIP","floor":22},{"not_picked":["Ghostly Armor","Pommel Strike"],"picked":"Exhume","floor":23},{"not_picked":["Sever Soul","Pommel Strike+1"],"picked":"Battle Trance+1","floor":27},{"not_picked":["Body Slam","Clothesline"],"picked":"Heavy Blade","floor":29},{"not_picked":["Corruption+1","Second Wind+1","Havoc+1"],"picked":"SKIP","floor":30},{"not_picked":["Uppercut","Feel No Pain+1","Rupture+1"],"picked":"SKIP","floor":31},{"not_picked":["Impervious","Limit Break"],"picked":"Bludgeon","floor":33},{"not_picked":["Perfected Strike","Warcry","Body Slam+1"],"picked":"SKIP","floor":35},{"not_picked":["Pommel Strike+1","Anger"],"picked":"Metallicize+1","floor":39},{"not_picked":["Armaments","Warcry"],"picked":"Intimidate+1","floor":41},{"not_picked":["True Grit","Infernal Blade","Searing Blow+1"],"picked":"SKIP","floor":42},{"not_picked":["Anger+1","Sword Boomerang+1"],"picked":"Infernal Blade+1","floor":45},{"not_picked":["Havoc+1","Berserk+1","Warcry+1"],"picked":"SKIP","floor":47}],"player_experience":395986,"relics_obtained":[{"floor":9.0,"key":"Bird Faced Urn"},{"floor":14.0,"key":"Odd Mushroom"},{"floor":20.0,"key":"Potion Belt"},{"floor":23,"key":"Gambling Chip"},{"floor":26,"key":"Ornamental Fan"},{"floor":36,"key":"Girya"},{"floor":39,"key":"Thread and Needle"},{"floor":41,"key":"Molten Egg 2"},{"floor":41,"key":"Meat on the Bone"},{"floor":43,"key":"Toxic Egg 2"}],"event_choices":[{"event_name":"Scrap Ooze","player_choice":"success","floor":2.0,"damage_taken":3.0},{"event_name":"Big Fish","player_choice":"Banana","floor":13.0,"damage_taken":0.0},{"event_name":"Mushrooms","player_choice":"Fought Mushrooms","floor":14.0,"damage_taken":0.0},{"event_name":"Accursed Blacksmith","player_choice":"Forge","floor":19.0,"damage_taken":0.0},{"event_name":"Mysterious Sphere","player_choice":"Fight","floor":36,"damage_taken":0},{"event_name":"Falling","player_choice":"Removed Skill","floor":37,"damage_taken":0},{"event_name":"MindBloom","player_choice":"Fight","floor":39,"damage_taken":0},{"event_name":"Match and Keep!","player_choice":"1 cards matched","floor":44,"damage_taken":0}],"boss_relics":[{"not_picked":["Orrery","Eternal Feather"],"picked":"Ectoplasm"},{"not_picked":["Runic Cube","Coffee Dripper"],"picked":"Black Star"}],"items_purged_floors":[8],"is_endless":false,"potions_floor_spawned":[1,4,6,7,21,23,27,31,33,39,41,45,47],"ascension_level":0}