{"gold_per_floor":[115,115,215,290,302,302,477,489,489,507,507,507,527,527],"floor_reached":14,"playtime":736,"items_purged":[],"score":88,"play_id":"30410294-a928-452c-9fa7-3bd9f24e55fe","local_time":"20180723232317","is_ascension_mode":true,"campfire_choices":[{"data":"Neutralize","floor":6,"key":"SMITH"},{"floor":11,"key":"REST"}],"neow_cost":"NONE","seed_source_timestamp":1129731843568602,"circlet_count":0,"master_deck":["Defend_G","Defend_G","Defend_G","Defend_G","Defend_G","Strike_G+1","Strike_G","Strike_G+1","Strike_G","Survivor","Neutralize+1","Backflip","Concentrate","Doubt","Flying Knee","Poisoned Stab"],"relics":["Ring of the Snake","Regal Pillow","Whetstone","Singing Bowl"],"potions_floor_usage":[13],"damage_taken":[{"damage":3,"enemies":"2 Louse","floor":1,"turns":4},{"damage":4,"enemies":"Jaw Worm","floor":5,"turns":4},{"damage":0,"enemies":"Small Slimes","floor":8,"turns":6},{"damage":0,"enemies":"Looter","floor":10,"turns":3},{"damage":0,"enemies":"Blue Slaver","floor":13,"turns":7},{"damage":16,"enemies":"Lots of Slimes","floor":14,"turns":4}],"seed_played":"112520734771532316","potions_obtained":[{"floor":5,"key":"Energy Potion"},{"floor":10,"key":"FearPotion"},{"floor":13,"key":"EssenceOfSteel"}],"is_trial":false,"path_per_floor":["M","?","?","?","M","R","?","M","T","M","R","T","M"],"character_chosen":"THE_SILENT","items_purchased":[],"campfire_rested":1,"item_purchase_floors":[],"current_hp_per_floor":[67,60,60,49,45,45,45,45,45,45,70,70,72,56],"gold":527,"neow_bonus":"RANDOM_COMMON_RELIC","is_prod":false,"is_daily":false,"chose_seed":false,"campfire_upgraded":1,"win_rate":0,"timestamp":1532384597,"path_taken":["M","?","?","?","M","R","?","M","T","M","R","?","M","M"],"build_version":"2018-07-19v2","purchased_purges":0,"victory":false,"max_hp_per_floor":[70,70,70,70,70,70,70,70,70,70,70,70,72,72],"card_choices":[{"not_picked":["Dagger Throw","Acrobatics"],"picked":"Backflip","floor":1},{"not_picked":["Underhanded Strike","Dagger Spray"],"picked":"Concentrate","floor":5},{"not_picked":["Caltrops","Distraction"],"picked":"Flying Knee","floor":8},{"not_picked":["Cloak And Dagger","Adrenaline"],"picked":"Poisoned Stab","floor":10},{"not_picked":["All Out Attack","Blade Dance","Accuracy"],"picked":"Singing Bowl","floor":13}],"player_experience":455615,"relics_obtained":[{"floor":9,"key":"Whetstone"},{"floor":12,"key":"Singing Bowl"}],"event_choices":[{"event_name":"Golden Wing","player_choice":"Card Removal","floor":2,"damage_taken":0},{"event_name":"Golden Shrine","player_choice":"Pray","floor":3,"damage_taken":0},{"event_name":"World of Goop","player_choice":"Gather Gold","floor":4,"damage_taken":0},{"event_name":"Liars Game","player_choice":"agreed","floor":7,"damage_taken":0}],"is_beta":false,"boss_relics":[],"items_purged_floors":[],"is_endless":false,"potions_floor_spawned":[5,10,13],"killed_by":"Lots of Slimes","ascension_level":2}