{"gold_per_floor":[118,118,118,118,193,193,204,237,237,162,162,62,79,90,90,90],"floor_reached":16,"playtime":424,"items_purged":["Regret","Strike_R"],"score":141,"play_id":"cf285dc7-b73e-4061-bf81-317ae41051da","local_time":"20190210192120","is_ascension_mode":true,"campfire_choices":[{"data":"Bash","floor":6,"key":"SMITH"},{"data":"Flex","floor":15,"key":"SMITH"}],"neow_cost":"NONE","seed_source_timestamp":124146226248600,"circlet_count":0,"master_deck":["Strike_R+1","Strike_R","Strike_R","Defend_R","Defend_R","Defend_R+1","Defend_R","Bash+1","Whirlwind","Flex+1"],"relics":["Burning Blood","NeowsBlessing","Paper Frog","Art of War","Ornamental Fan","FaceOfCleric"],"potions_floor_usage":[16],"damage_taken":[{"damage":0,"enemies":"Small Slimes","floor":1,"turns":1},{"damage":0,"enemies":"Jaw Worm","floor":7,"turns":1},{"damage":0,"enemies":"3 Sentries","floor":8,"turns":1},{"damage":0,"enemies":"2 Louse","floor":13,"turns":2},{"damage":31,"enemies":"Large Slime","floor":14,"turns":5},{"damage":41,"enemies":"The Guardian","floor":16,"turns":12}],"seed_played":"-2287587650880366601","potions_obtained":[{"floor":7,"key":"SpeedPotion"}],"is_trial":false,"path_per_floor":["M","?","?","?","?","R","M","E","T","$","?","$","M","M","R","B"],"character_chosen":"IRONCLAD","items_purchased":[],"campfire_rested":0,"item_purchase_floors":[],"current_hp_per_floor":[80,64,57,57,46,46,52,58,58,58,58,58,65,41,41,0],"gold":90,"neow_bonus":"THREE_ENEMY_KILL","is_prod":false,"is_daily":false,"chose_seed":false,"campfire_upgraded":2,"win_rate":0,"timestamp":1549855280,"path_taken":["M","?","?","?","?","R","M","E","T","$","?","$","M","M","R","BOSS"],"build_version":"2019-01-23","purchased_purges":2,"victory":false,"max_hp_per_floor":[80,80,80,80,80,80,80,80,80,80,80,80,81,82,82,82],"card_choices":[{"not_picked":["Anger","Sword Boomerang","Wild Strike"],"picked":"SKIP","floor":1},{"not_picked":["Anger","Sword Boomerang","Wild Strike"],"picked":"SKIP","floor":1},{"not_picked":["Anger","Headbutt","Thunderclap"],"picked":"SKIP","floor":7},{"not_picked":["Impervious","Perfected Strike"],"picked":"Whirlwind","floor":8},{"not_picked":["Sentinel","Havoc","Twin Strike"],"picked":"SKIP","floor":13},{"not_picked":["Combust","Heavy Blade"],"picked":"Flex","floor":14}],"player_experience":121274,"relics_obtained":[{"floor":8,"key":"Art of War"},{"floor":9,"key":"Ornamental Fan"}],"event_choices":[{"damage_healed":0,"gold_gain":0,"player_choice":"Entered Light","damage_taken":16,"max_hp_gain":0,"max_hp_loss":0,"event_name":"Shining Light","floor":2,"gold_loss":0,"cards_upgraded":["Defend_R","Strike_R"]},{"cards_removed":["Strike_R"],"damage_healed":0,"gold_gain":0,"player_choice":"Card Removal","damage_taken":7,"max_hp_gain":0,"max_hp_loss":0,"event_name":"Golden Wing","floor":3,"gold_loss":0},{"damage_healed":0,"gold_gain":0,"player_choice":"Box","damage_taken":0,"relics_obtained":["Paper Frog"],"max_hp_gain":0,"max_hp_loss":0,"event_name":"Big Fish","floor":4,"gold_loss":0,"cards_obtained":["Regret"]},{"damage_healed":0,"gold_gain":75,"player_choice":"Gather Gold","damage_taken":11,"max_hp_gain":0,"max_hp_loss":0,"event_name":"World of Goop","floor":5,"gold_loss":0},{"damage_healed":0,"gold_gain":0,"player_choice":"Trade","damage_taken":0,"relics_obtained":["FaceOfCleric"],"max_hp_gain":0,"max_hp_loss":0,"event_name":"FaceTrader","floor":11,"gold_loss":0}],"is_beta":false,"boss_relics":[],"items_purged_floors":[10,12],"is_endless":false,"potions_floor_spawned":[7],"killed_by":"The Guardian","ascension_level":3}