{"gold_per_floor":[367,292,308,320,336,336,336,336,385,385,385,395,412,42,42,147,147,147],"floor_reached":18,"playtime":783,"items_purged":["Strike_R"],"score":243,"play_id":"b6558c1e-3c88-475c-9a36-2274c3df05a3","local_time":"20190501164425","is_ascension_mode":true,"campfire_choices":[{"data":"Feel No Pain","floor":6,"key":"SMITH"},{"data":"Bash","floor":8,"key":"SMITH"},{"data":"Defend_R","floor":11,"key":"SMITH"},{"data":"True Grit","floor":15,"key":"SMITH"}],"neow_cost":"TEN_PERCENT_HP_LOSS","seed_source_timestamp":191309966453800,"circlet_count":0,"master_deck":["AscendersBane","Strike_R","Strike_R","Strike_R","Strike_R","Defend_R+1","Defend_R+1","Defend_R","Defend_R+1","Bash+1","Feel No Pain+1","True Grit+1","True Grit+1","Feel No Pain","Body Slam"],"relics":["Burning Blood","Bag of Marbles","Bronze Scales","War Paint","Orrery"],"potions_floor_usage":[5,5,12,16],"damage_taken":[{"damage":1,"enemies":"Cultist","floor":1,"turns":4},{"damage":11,"enemies":"2 Louse","floor":3,"turns":4},{"damage":19,"enemies":"Jaw Worm","floor":4,"turns":5},{"damage":31,"enemies":"Gremlin Gang","floor":5,"turns":5},{"damage":0,"enemies":"Large Slime","floor":12,"turns":5},{"damage":5,"enemies":"Blue Slaver","floor":13,"turns":6},{"damage":39,"enemies":"The Guardian","floor":16,"turns":19},{"damage":60,"enemies":"Spheric Guardian","floor":18,"turns":7}],"seed_played":"-7996809398129588483","potions_obtained":[{"floor":1,"key":"Poison Potion"},{"floor":4,"key":"Regen Potion"},{"floor":5,"key":"Fire Potion"},{"floor":12,"key":"AttackPotion"},{"floor":16,"key":"Energy Potion"}],"is_trial":false,"path_per_floor":["M","$","M","M","M","R","?","R","T","?","R","M","M","$","R","B",null,"M"],"character_chosen":"IRONCLAD","items_purchased":["Feel No Pain","Bronze Scales","War Paint"],"campfire_rested":0,"item_purchase_floors":[14,14,14],"current_hp_per_floor":[72,72,67,54,43,43,43,43,43,43,43,49,50,50,50,17,58,0],"gold":147,"neow_bonus":"TWO_FIFTY_GOLD","is_prod":false,"is_daily":false,"chose_seed":false,"campfire_upgraded":4,"win_rate":0,"timestamp":1556754265,"path_taken":["M","$","?","M","M","R","?","R","T","?","R","?","M","$","R","BOSS","M"],"build_version":"2019-01-23","purchased_purges":1,"victory":false,"max_hp_per_floor":[72,72,72,72,72,72,72,72,72,72,72,72,72,72,72,72,72,72],"card_choices":[{"not_picked":["Warcry","Iron Wave"],"picked":"Feel No Pain","floor":1},{"not_picked":["Dual Wield","Carnage","Anger"],"picked":"SKIP","floor":3},{"not_picked":["Brutality","Headbutt","Seeing Red"],"picked":"SKIP","floor":4},{"not_picked":["Flex","Anger","Warcry"],"picked":"SKIP","floor":5},{"not_picked":["Perfected Strike","Pommel Strike"],"picked":"True Grit","floor":12},{"not_picked":["Clash","Pommel Strike"],"picked":"True Grit","floor":13},{"not_picked":["Flex","Reckless Charge"],"picked":"Body Slam","floor":17}],"player_experience":346430,"relics_obtained":[{"floor":9,"key":"Bag of Marbles"}],"event_choices":[{"damage_healed":0,"gold_gain":0,"player_choice":"Ignored","damage_taken":0,"max_hp_gain":0,"max_hp_loss":0,"event_name":"Liars Game","floor":7,"gold_loss":0},{"damage_healed":0,"gold_gain":0,"player_choice":"Forge","damage_taken":0,"max_hp_gain":0,"max_hp_loss":0,"event_name":"Accursed Blacksmith","floor":10,"gold_loss":0,"cards_upgraded":["Defend_R"]}],"is_beta":false,"boss_relics":[{"not_picked":["Sozu","Empty Cage"],"picked":"Orrery"}],"items_purged_floors":[2],"is_endless":false,"potions_floor_spawned":[1,4,5,12,16],"killed_by":"Spheric Guardian","ascension_level":12}