{"gold_per_floor":[113,126,126,126,142,142,217,217,217,234,234,270,43,43,43,43],"floor_reached":16,"playtime":293,"items_purged":["Strike_R"],"score":157,"play_id":"5dbc2662-dc00-4797-bcfa-638ccf12a11e","local_time":"20190316111955","is_ascension_mode":true,"campfire_choices":[{"data":"Thunderclap","floor":6,"key":"SMITH"},{"data":"Battle Trance","floor":8,"key":"SMITH"},{"data":"Disarm","floor":15,"key":"SMITH"}],"neow_cost":"NONE","seed_source_timestamp":235845319690820,"circlet_count":0,"master_deck":["AscendersBane","Strike_R","Strike_R","Strike_R","Defend_R","Defend_R","Defend_R","Defend_R","Bash+1","Thunderclap+1","Battle Trance+1","Shrug It Off","Disarm+1","Inflame"],"relics":["Burning Blood","NeowsBlessing","Regal Pillow","Shuriken","Golden Idol","Bottled Flame","Centennial Puzzle"],"potions_floor_usage":[2,12],"damage_taken":[{"damage":0,"enemies":"2 Louse","floor":1,"turns":1},{"damage":0,"enemies":"Jaw Worm","floor":2,"turns":1},{"damage":0,"enemies":"Small Slimes","floor":5,"turns":1},{"damage":18,"enemies":"Exordium Wildlife","floor":10,"turns":4},{"damage":27,"enemies":"3 Sentries","floor":12,"turns":7},{"damage":17,"enemies":"Hexaghost","floor":16,"turns":10}],"seed_played":"2706779150527611675","potions_obtained":[{"floor":1,"key":"Swift Potion"},{"floor":2,"key":"Fruit Juice"}],"is_trial":false,"path_per_floor":["M","M","?","?","M","R","?","R","T","M","?","E","$","?","R","B"],"character_chosen":"IRONCLAD","items_purchased":["Centennial Puzzle"],"campfire_rested":0,"item_purchase_floors":[13],"current_hp_per_floor":[78,85,85,60,66,66,55,55,55,43,43,22,22,22,22,5],"gold":43,"neow_bonus":"THREE_ENEMY_KILL","is_prod":false,"is_daily":false,"chose_seed":false,"campfire_upgraded":3,"win_rate":0,"timestamp":1552749595,"path_taken":["M","M","?","?","M","R","?","R","T","?","?","E","$","?","R","BOSS"],"build_version":"2019-01-23","purchased_purges":1,"victory":false,"max_hp_per_floor":[80,85,85,85,85,85,85,85,85,85,79,79,79,79,79,79],"card_choices":[{"not_picked":["Burning Pact","Power Through","Warcry"],"picked":"SKIP","floor":1},{"not_picked":["Clash","True Grit"],"picked":"Thunderclap","floor":2},{"not_picked":["Heavy Blade","Sword Boomerang"],"picked":"Battle Trance","floor":5},{"not_picked":["True Grit","Pommel Strike"],"picked":"Shrug It Off","floor":10},{"not_picked":["Inflame","Barricade"],"picked":"Disarm","floor":12}],"player_experience":191601,"relics_obtained":[{"floor":9,"key":"Shuriken"},{"floor":12,"key":"Bottled Flame"}],"event_choices":[{"damage_healed":0,"gold_gain":0,"player_choice":"Grow","damage_taken":0,"max_hp_gain":0,"max_hp_loss":0,"event_name":"Living Wall","floor":3,"gold_loss":0,"cards_upgraded":["Bash"]},{"damage_healed":0,"gold_gain":0,"player_choice":"Success","damage_taken":25,"relics_obtained":["Regal Pillow"],"max_hp_gain":0,"max_hp_loss":0,"event_name":"Scrap Ooze","floor":4,"gold_loss":0},{"damage_healed":0,"gold_gain":75,"player_choice":"Gather Gold","damage_taken":11,"max_hp_gain":0,"max_hp_loss":0,"event_name":"World of Goop","floor":7,"gold_loss":0},{"damage_healed":0,"gold_gain":0,"player_choice":"Lose Max HP","damage_taken":0,"relics_obtained":["Golden Idol"],"max_hp_gain":0,"max_hp_loss":6,"event_name":"Golden Idol","floor":11,"gold_loss":0},{"damage_healed":0,"gold_gain":0,"cards_transformed":["Strike_R"],"player_choice":"Transformed","damage_taken":0,"max_hp_gain":0,"max_hp_loss":0,"event_name":"Transmorgrifier","floor":14,"gold_loss":0,"cards_obtained":["Inflame"]}],"is_beta":false,"boss_relics":[],"items_purged_floors":[13],"is_endless":false,"potions_floor_spawned":[1,2],"killed_by":"Hexaghost","ascension_level":12}