{"gold_per_floor":[112,112,22,36,36,36,36,49,49,49,84,84,97,140,140,140],"floor_reached":16,"playtime":304,"items_purged":[],"score":184,"play_id":"3f94abdb-fccc-4bb9-b3a6-a2fd1aaf10cd","local_time":"20190331092720","is_ascension_mode":true,"campfire_choices":[{"data":"Rampage","floor":6,"key":"SMITH"},{"floor":12,"key":"REST"},{"data":"Inflame","floor":15,"key":"SMITH"}],"neow_cost":"NONE","seed_source_timestamp":1525162229449759,"circlet_count":0,"master_deck":["AscendersBane","Strike_R","Strike_R","Strike_R","Strike_R","Strike_R","Defend_R","Defend_R","Defend_R","Defend_R","Bash","Disarm","PanicButton","Rampage+1","Regret","Intimidate","Offering","Inflame+1","Flame Barrier"],"relics":["Burning Blood","NeowsBlessing","Golden Idol","Shuriken","Bottled Flame","Question Card","Ancient Tea Set","Gremlin Horn"],"potions_floor_usage":[11,14,16],"damage_taken":[{"damage":0,"enemies":"Jaw Worm","floor":1,"turns":1},{"damage":0,"enemies":"2 Louse","floor":4,"turns":1},{"damage":0,"enemies":"Small Slimes","floor":8,"turns":1},{"damage":39,"enemies":"Lagavulin","floor":11,"turns":9},{"damage":11,"enemies":"Looter","floor":13,"turns":3},{"damage":28,"enemies":"Gremlin Nob","floor":14,"turns":5},{"damage":39,"enemies":"Slime Boss","floor":16,"turns":9}],"seed_played":"6221044784544011552","potions_obtained":[{"floor":1,"key":"Weak Potion"},{"floor":4,"key":"BloodPotion"},{"floor":8,"key":"Explosive Potion"},{"floor":14,"key":"Poison Potion"}],"is_trial":false,"path_per_floor":["M","?","$","M","?","R","$","M","T","T","E","R","M","E","R","B"],"character_chosen":"IRONCLAD","items_purchased":["PanicButton"],"campfire_rested":1,"item_purchase_floors":[3],"current_hp_per_floor":[74,56,56,62,62,62,62,68,68,68,35,57,52,30,30,0],"gold":140,"neow_bonus":"THREE_ENEMY_KILL","is_prod":false,"is_daily":false,"chose_seed":false,"campfire_upgraded":2,"win_rate":0,"timestamp":1554038840,"path_taken":["M","?","$","M","?","R","$","M","T","?","E","R","M","E","R","BOSS"],"build_version":"2019-01-23","purchased_purges":0,"victory":false,"max_hp_per_floor":[75,75,75,75,75,75,75,75,75,75,75,75,75,75,75,75],"card_choices":[{"not_picked":["Sentinel","Wild Strike"],"picked":"Disarm","floor":1},{"not_picked":["Sever Soul","Pummel"],"picked":"Rampage","floor":4},{"not_picked":["Dropkick","Shockwave"],"picked":"Intimidate","floor":8},{"not_picked":["Pommel Strike","Anger","Exhume"],"picked":"Offering","floor":11},{"not_picked":["Uppercut","Sword Boomerang","Shrug It Off"],"picked":"Inflame","floor":13},{"not_picked":["Anger","Reckless Charge","Wild Strike"],"picked":"Flame Barrier","floor":14}],"player_experience":228207,"relics_obtained":[{"floor":9,"key":"Bottled Flame"},{"floor":10,"key":"Question Card"},{"floor":11,"key":"Ancient Tea Set"},{"floor":14,"key":"Gremlin Horn"}],"event_choices":[{"damage_healed":0,"gold_gain":0,"player_choice":"Take Damage","damage_taken":18,"relics_obtained":["Golden Idol"],"max_hp_gain":0,"max_hp_loss":0,"event_name":"Golden Idol","floor":2,"gold_loss":0},{"damage_healed":0,"gold_gain":0,"player_choice":"Box","damage_taken":0,"relics_obtained":["Shuriken"],"max_hp_gain":0,"max_hp_loss":0,"event_name":"Big Fish","floor":5,"gold_loss":0,"cards_obtained":["Regret"]}],"is_beta":false,"boss_relics":[],"items_purged_floors":[],"is_endless":false,"potions_floor_spawned":[1,4,8,14],"killed_by":"Slime Boss","ascension_level":14}