{"gold_per_floor":[113,113,130,130,130,130,165,165,192,267,267,285,31,51,51,126,126,146,40,40,40,50,50,63,63,117,42,42,56,56,67,67,144,144,160,1159,1159,1159,1159,864,881,881,930,943,41,41,41,56,56,56],"floor_reached":50,"playtime":2981,"items_purged":["Normality","Normality"],"score":922,"play_id":"b24c3ee2-9f05-4a6e-8f5a-154908eb890d","local_time":"20181025000341","is_ascension_mode":true,"campfire_choices":[{"floor":6.0,"key":"REST"},{"data":"Defragment","floor":8.0,"key":"SMITH"},{"floor":11.0,"key":"REST"},{"data":"Blizzard","floor":15.0,"key":"SMITH"},{"data":"Blizzard","floor":23.0,"key":"SMITH"},{"data":"Static Discharge","floor":25.0,"key":"SMITH"},{"data":"Seek","floor":28.0,"key":"SMITH"},{"data":"Rainbow","floor":32.0,"key":"SMITH"},{"data":"Fission","floor":42.0,"key":"SMITH"},{"data":"Recycle","floor":47.0,"key":"SMITH"},{"data":"Secret Technique","floor":49.0,"key":"SMITH"}],"neow_cost":"NONE","seed_source_timestamp":0,"circlet_count":0,"master_deck":["Strike_B","Strike_B+1","Defend_B","Defend_B","Defend_B","Defend_B","Zap","Dualcast","AscendersBane","Rainbow+1","Glacier","Reboot","Static Discharge+1","Defragment+1","Cold Snap+1","Coolheaded","Glacier","Blizzard+1","Seek+1","Compile Driver+1","Coolheaded","Self Repair","Blizzard+1","Glacier","Machine Learning","Fission+1","Pain","Madness","Madness","Recycle+1","Blizzard","Secret Technique+1"],"special_seed":0,"relics":["Cracked Core","Omamori","Singing Bowl","Juzu Bracelet","Dream Catcher","Runic Capacitor","Eternal Feather","Whetstone","Calling Bell","Ancient Tea Set","Blue Candle","Dead Branch","ClockworkSouvenir","Art of War","Strawberry","Frozen Eye"],"potions_floor_usage":[50,50],"damage_taken":[{"damage":7.0,"enemies":"Small Slimes","floor":1.0,"turns":3.0},{"damage":0.0,"enemies":"Cultist","floor":3.0,"turns":3.0},{"damage":16.0,"enemies":"Lagavulin","floor":7.0,"turns":9.0},{"damage":0.0,"enemies":"Jaw Worm","floor":12.0,"turns":4.0},{"damage":0.0,"enemies":"Looter","floor":14.0,"turns":4.0},{"damage":15.0,"enemies":"Hexaghost","floor":16.0,"turns":11.0},{"damage":1.0,"enemies":"Spheric Guardian","floor":18.0,"turns":7.0},{"damage":9.0,"enemies":"Shell Parasite","floor":22.0,"turns":9.0},{"damage":13.0,"enemies":"Snake Plant","floor":24.0,"turns":7.0},{"damage":3.0,"enemies":"Centurion and Healer","floor":29.0,"turns":7.0},{"damage":22.0,"enemies":"Chosen and Byrds","floor":31.0,"turns":9.0},{"damage":11.0,"enemies":"Collector","floor":33.0,"turns":12.0},{"damage":26.0,"enemies":"3 Darklings","floor":35.0,"turns":6.0},{"damage":12.0,"enemies":"Orb Walker","floor":41.0,"turns":4.0},{"damage":37.0,"enemies":"Sphere and 2 Shapes","floor":44.0,"turns":7.0},{"damage":1.0,"enemies":"Spire Growth","floor":48.0,"turns":5.0},{"damage":116,"enemies":"Time Eater","floor":50,"turns":16}],"seed_played":"9108919789681692670","potions_obtained":[{"floor":1.0,"key":"FocusPotion"},{"floor":12.0,"key":"Regen Potion"},{"floor":29.0,"key":"Ancient Potion"},{"floor":35.0,"key":"Regen Potion"}],"is_trial":false,"path_per_floor":["M","?","M","?","T","R","E","R","T","?","R","M","$","M","R","B",null,"M","$","?","?","M","R","M","R","T","?","R","M","$","M","R","B",null,"M","?","?","?","?","$","M","R","T","M","$","?","R","M","R"],"character_chosen":"DEFECT","items_purchased":["Runic Capacitor","Glacier","Coolheaded","Self Repair","ClockworkSouvenir","Strawberry","Frozen Eye","Recycle","Regen Potion","Blizzard","Secret Technique"],"campfire_rested":2,"item_purchase_floors":[13,13,19,19,40,45,45,45,45,45,45],"current_hp_per_floor":[57,57,57,22,22,43,27,27,27,16,37,37,37,37,37,22,59,58,58,58,58,71,71,67,73,73,73,73,72,72,57,72,68,73,56,56,56,56,42,42,39,57,57,43,50,50,68,76,90,0],"gold":56,"neow_bonus":"ONE_RANDOM_RARE_CARD","is_prod":false,"is_daily":false,"chose_seed":false,"campfire_upgraded":9,"win_rate":0,"timestamp":1540451021,"path_taken":["M","?","M","?","?","R","E","R","T","?","R","M","?","M","R","BOSS","M","$","?","?","M","R","M","R","T","?","R","M","$","M","R","BOSS","M","?","?","?","?","$","M","R","T","M","$","?","R","M","R","BOSS"],"build_version":"2018-10-24","purchased_purges":2,"victory":false,"max_hp_per_floor":[71,71,71,71,71,71,71,71,71,71,71,71,71,71,71,71,71,71,71,71,71,71,71,73,73,73,73,73,75,75,75,75,75,75,77,77,77,77,77,77,79,79,79,81,88,88,88,90,90,90],"card_choices":[{"not_picked":["Beam Cell","Coolheaded"],"picked":"Glacier","floor":1.0},{"not_picked":["Beam Cell","Chaos"],"picked":"Leap","floor":3.0},{"not_picked":["Sweeping Beam","Gash"],"picked":"Defragment","floor":7.0},{"not_picked":["Redo","Reprogram"],"picked":"Cold Snap","floor":11.0},{"not_picked":["Turbo","Force Field"],"picked":"Coolheaded","floor":12.0},{"not_picked":["Gash","Barrage"],"picked":"Blizzard","floor":14.0},{"not_picked":["Fission","Buffer"],"picked":"Seek","floor":16.0},{"not_picked":["Melter","Rip and Tear"],"picked":"Compile Driver+1","floor":18.0},{"not_picked":["Fusion","Capacitor"],"picked":"Glacier","floor":22.0},{"not_picked":["Turbo","Rebound","Static Discharge"],"picked":"Singing Bowl","floor":24.0},{"not_picked":["Stack","Go for the Eyes","Cold Snap"],"picked":"Singing Bowl","floor":29.0},{"not_picked":["Scrape","Consume"],"picked":"Machine Learning","floor":31.0},{"not_picked":["Meteor Strike","Electrodynamics"],"picked":"Fission","floor":33.0},{"not_picked":["Rebound+1","Hologram","Rip and Tear"],"picked":"Singing Bowl","floor":35.0},{"not_picked":["Compile Driver","Stack","Aggregate+1"],"picked":"Singing Bowl","floor":41.0},{"not_picked":["Cold Snap","Go for the Eyes","Sweeping Beam"],"picked":"Singing Bowl","floor":44.0},{"not_picked":["Sweeping Beam+1","Reprogram","Rip and Tear"],"picked":"Singing Bowl","floor":48.0}],"player_experience":2589966,"relics_obtained":[{"floor":5.0,"key":"Singing Bowl"},{"floor":7.0,"key":"Juzu Bracelet"},{"floor":9.0,"key":"Dream Catcher"},{"floor":26.0,"key":"Whetstone"},{"floor":34.0,"key":"Ancient Tea Set"},{"floor":34.0,"key":"Blue Candle"},{"floor":34.0,"key":"Dead Branch"},{"floor":43.0,"key":"Art of War"}],"event_choices":[{"damage_healed":0.0,"max_hp_gain":0.0,"max_hp_loss":0.0,"gold_gain":0.0,"event_name":"Match and Keep!","player_choice":"2 cards matched","floor":2.0,"gold_loss":0.0,"damage_taken":0.0,"cards_obtained":["Reboot","Static Discharge"]},{"damage_healed":0.0,"max_hp_gain":0.0,"max_hp_loss":0.0,"gold_gain":0.0,"event_name":"Scrap Ooze","player_choice":"Success","floor":4.0,"gold_loss":0.0,"damage_taken":35.0,"relics_obtained":["Omamori"]},{"damage_healed":0.0,"max_hp_gain":0.0,"max_hp_loss":0.0,"gold_gain":75.0,"event_name":"World of Goop","player_choice":"Gather Gold","floor":10.0,"gold_loss":0.0,"damage_taken":11.0},{"cards_removed":["Strike_B"],"damage_healed":0.0,"max_hp_gain":0.0,"max_hp_loss":0.0,"gold_gain":0.0,"event_name":"Wheel of Change","player_choice":"Card Removal","floor":20.0,"gold_loss":0.0,"damage_taken":0.0},{"damage_healed":0.0,"max_hp_gain":0.0,"max_hp_loss":0.0,"gold_gain":0.0,"event_name":"The Library","player_choice":"Read","floor":21.0,"gold_loss":0.0,"damage_taken":0.0,"cards_obtained":["Blizzard"]},{"cards_removed":["Strike_B"],"damage_healed":0.0,"max_hp_gain":0.0,"max_hp_loss":0.0,"gold_gain":0.0,"event_name":"Beggar","player_choice":"Gave Gold","floor":27.0,"gold_loss":75.0,"damage_taken":0.0},{"damage_healed":0.0,"max_hp_gain":0.0,"max_hp_loss":0.0,"gold_gain":999.0,"event_name":"MindBloom","player_choice":"Gold","floor":36.0,"gold_loss":0.0,"damage_taken":0.0,"cards_obtained":["Normality","Normality"]},{"cards_removed":["Leap"],"damage_healed":0.0,"max_hp_gain":0.0,"max_hp_loss":0.0,"gold_gain":0.0,"event_name":"Falling","player_choice":"Removed Skill","floor":37.0,"gold_loss":0.0,"damage_taken":0.0},{"damage_healed":0.0,"max_hp_gain":0.0,"max_hp_loss":0.0,"gold_gain":0.0,"event_name":"Tomb of Lord Red Mask","player_choice":"Ignored","floor":38.0,"gold_loss":0.0,"damage_taken":0.0},{"damage_healed":0.0,"max_hp_gain":0.0,"max_hp_loss":0.0,"gold_gain":0.0,"event_name":"Winding Halls","player_choice":"Embrace Madness","floor":39.0,"gold_loss":0.0,"damage_taken":14.0,"cards_obtained":["Madness","Madness"]},{"damage_healed":0.0,"max_hp_gain":0.0,"max_hp_loss":0.0,"gold_gain":0.0,"event_name":"Mysterious Sphere","player_choice":"Ignored","floor":46.0,"gold_loss":0.0,"damage_taken":0.0}],"is_beta":true,"boss_relics":[{"not_picked":["Pandora\u0027s Box","Coffee Dripper"],"picked":"Eternal Feather"},{"not_picked":["Snecko Eye","Velvet Choker"],"picked":"Calling Bell"}],"items_purged_floors":[40,45],"is_endless":false,"potions_floor_spawned":[1,12,18,29,35,41],"killed_by":"Time Eater","ascension_level":20}