{"gold_per_floor":[119,136,136,33,44,44,54,54,80,92,92,66,216,216,216,306,306,324,214,238,259,273,273,273],"floor_reached":24,"playtime":1070,"items_purged":[],"score":376,"play_id":"80449197-5280-4451-bb58-3de832c8e941","local_time":"20190823235618","is_ascension_mode":true,"campfire_choices":[{"data":"Recycle","floor":6.0,"key":"SMITH"},{"floor":8.0,"key":"REST"},{"floor":11.0,"key":"REST"},{"data":"Doom and Gloom","floor":15.0,"key":"SMITH"},{"data":"Buffer","floor":23,"key":"SMITH"}],"neow_cost":"PERCENT_DAMAGE","seed_source_timestamp":163904423045600,"circlet_count":0,"master_deck":["AscendersBane","Strike_B","Strike_B","Defend_B+1","Defend_B","Defend_B","Defend_B+1","Zap","Dualcast","Core Surge","Recycle+1","Doom and Gloom+1","Conserve Battery","Dark Shackles","Leap","Defragment","Conserve Battery","Ball Lightning+1","Injury","Buffer+1","Streamline","Coolheaded","Cold Snap","Leap"],"special_seed":0,"relics":["Cracked Core","Centennial Puzzle","Golden Idol","Snecko Eye"],"potions_floor_usage":[18,21,24],"damage_taken":[{"damage":0.0,"enemies":"Cultist","floor":1.0,"turns":4.0},{"damage":7.0,"enemies":"Jaw Worm","floor":2.0,"turns":3.0},{"damage":0.0,"enemies":"2 Louse","floor":5.0,"turns":3.0},{"damage":12.0,"enemies":"Large Slime","floor":7.0,"turns":7.0},{"damage":21.0,"enemies":"Gremlin Gang","floor":10.0,"turns":4.0},{"damage":5.0,"enemies":"Slime Boss","floor":16.0,"turns":6.0},{"damage":10,"enemies":"3 Byrds","floor":18,"turns":7},{"damage":0,"enemies":"Spheric Guardian","floor":20,"turns":4},{"damage":0,"enemies":"3 Cultists","floor":21,"turns":3},{"damage":8,"enemies":"Snecko","floor":22,"turns":5},{"damage":43,"enemies":"Slavers","floor":24,"turns":3}],"seed_played":"3949824669399493296","potions_obtained":[{"floor":2.0,"key":"Energy Potion"},{"floor":5.0,"key":"Strength Potion"},{"floor":10.0,"key":"Poison Potion"},{"floor":16.0,"key":"EssenceOfSteel"},{"floor":18,"key":"Explosive Potion"},{"floor":21,"key":"SteroidPotion"}],"is_trial":false,"path_per_floor":["M","M","?","$","M","R","M","R","T","M","R","$","?","?","R","B",null,"M","?","M","M","M","R","E"],"character_chosen":"DEFECT","items_purchased":["Dark Shackles","Ball Lightning"],"campfire_rested":2,"item_purchase_floors":[4,12],"current_hp_per_floor":[46,39,18,18,18,18,6,27,27,6,27,27,27,27,27,22,59,49,49,49,49,41,41,0],"gold":273,"neow_bonus":"TRANSFORM_TWO_CARDS","is_prod":false,"is_daily":false,"chose_seed":false,"campfire_upgraded":3,"win_rate":0,"timestamp":1566629778,"path_taken":["M","?","?","?","M","R","?","R","T","M","R","$","?","?","R","BOSS","M","?","M","M","M","R","E"],"build_version":"2019-08-23","purchased_purges":0,"victory":false,"max_hp_per_floor":[71,71,71,71,71,71,71,71,71,71,71,71,71,71,71,71,71,71,71,71,71,71,71,71],"card_choices":[{"not_picked":["Stack","Heatsinks"],"picked":"Doom and Gloom","floor":1.0},{"not_picked":["Barrage","Hologram"],"picked":"Conserve Battery","floor":2.0},{"not_picked":["Fusion","Turbo"],"picked":"Leap","floor":5.0},{"not_picked":["Skim","Auto Shields"],"picked":"Defragment","floor":7.0},{"not_picked":["Stack","Compile Driver"],"picked":"Conserve Battery","floor":10.0},{"not_picked":["Meteor Strike","Hyperbeam"],"picked":"Buffer","floor":16.0},{"not_picked":["Redo","Stack"],"picked":"Streamline","floor":18},{"not_picked":["Beam Cell","Heatsinks"],"picked":"Coolheaded","floor":20},{"not_picked":["Heatsinks","Aggregate"],"picked":"Cold Snap","floor":21},{"not_picked":["Barrage","Turbo"],"picked":"Leap","floor":22}],"player_experience":3040153,"relics_obtained":[{"floor":9.0,"key":"Centennial Puzzle"}],"event_choices":[{"damage_healed":0.0,"max_hp_gain":0.0,"max_hp_loss":0.0,"gold_gain":0.0,"event_name":"Shining Light","player_choice":"Entered Light","floor":3.0,"gold_loss":0.0,"damage_taken":21.0,"cards_upgraded":["Defend_B","Defend_B"]},{"damage_healed":0.0,"max_hp_gain":0.0,"max_hp_loss":0.0,"gold_gain":150.0,"event_name":"Liars Game","player_choice":"AGREE","floor":13.0,"gold_loss":0.0,"damage_taken":0.0,"cards_obtained":["Doubt"]},{"damage_healed":0.0,"max_hp_gain":0.0,"max_hp_loss":0.0,"gold_gain":0.0,"event_name":"Golden Idol","player_choice":"Take Wound","floor":14.0,"gold_loss":0.0,"damage_taken":0.0,"relics_obtained":["Golden Idol"],"cards_obtained":["Injury"]},{"cards_removed":["Doubt"],"damage_healed":0,"gold_gain":0,"player_choice":"Upgrade and Remove","damage_taken":0,"max_hp_gain":0,"max_hp_loss":0,"event_name":"Designer","floor":19,"gold_loss":110,"cards_upgraded":["Ball Lightning"]}],"is_beta":true,"boss_relics":[{"not_picked":["Runic Pyramid","Ectoplasm"],"picked":"Snecko Eye"}],"items_purged_floors":[],"is_endless":false,"potions_floor_spawned":[2,5,10,16,18,21],"killed_by":"Slavers","ascension_level":20}