{"gold_per_floor":[118,118,118,118,182,182,218,268,317,338,353,403,403,39,39,39],"floor_reached":16,"playtime":491,"items_purged":[],"score":196,"play_id":"4e6b3e76-9bfd-4708-9656-79d8f1bb4d42","local_time":"20190204010030","is_ascension_mode":true,"campfire_choices":[{"data":"Melter","floor":6.0,"key":"SMITH"},{"data":"Loop","floor":13.0,"key":"SMITH"},{"data":"Chrysalis","floor":15.0,"key":"SMITH"}],"neow_cost":"NONE","seed_source_timestamp":534798197014215,"circlet_count":0,"master_deck":["AscendersBane","Strike_B","Strike_B","Strike_B","Defend_B","Defend_B","Defend_B","Defend_B","Zap+1","Dualcast","Go for the Eyes","Melter+1","Coolheaded","Cold Snap","Parasite","Leap","Loop+1","Chrysalis+1"],"special_seed":0,"relics":["Cracked Core","Golden Idol","SsserpentHead","PreservedInsect","Prayer Wheel","OrangePellets"],"potions_floor_usage":[16],"damage_taken":[{"damage":7.0,"enemies":"Jaw Worm","floor":1.0,"turns":3.0},{"damage":0.0,"enemies":"Small Slimes","floor":5.0,"turns":3.0},{"damage":52.0,"enemies":"Gremlin Nob","floor":7.0,"turns":4.0},{"damage":0.0,"enemies":"Cultist","floor":10.0,"turns":3.0},{"damage":3.0,"enemies":"Large Slime","floor":11.0,"turns":4.0},{"damage":19,"enemies":"Hexaghost","floor":16,"turns":9}],"seed_played":"5073319641582540756","potions_obtained":[{"floor":7.0,"key":"Ancient Potion"},{"floor":10.0,"key":"GamblersBrew"}],"is_trial":false,"path_per_floor":["M","?","?","?","M","R","E","?","T","M","M","T","R","$","R","B"],"character_chosen":"DEFECT","items_purchased":["OrangePellets","Chrysalis"],"campfire_rested":0,"item_purchase_floors":[14,14],"current_hp_per_floor":[57,57,57,57,57,57,5,21,21,21,18,18,18,18,18,0],"gold":39,"neow_bonus":"UPGRADE_CARD","is_prod":false,"is_daily":false,"chose_seed":false,"campfire_upgraded":3,"win_rate":0,"timestamp":1549270830,"path_taken":["M","?","?","?","?","R","E","?","T","M","M","?","R","?","R","BOSS"],"build_version":"2019-01-23","purchased_purges":0,"victory":false,"max_hp_per_floor":[71,71,64,64,64,64,64,64,64,64,64,64,64,64,64,64],"card_choices":[{"not_picked":["Redo","Storm"],"picked":"Go for the Eyes","floor":1.0},{"not_picked":["Streamline","Barrage"],"picked":"Coolheaded","floor":5.0},{"not_picked":["Heatsinks","Turbo"],"picked":"Cold Snap","floor":7.0},{"not_picked":["Undo","Doom and Gloom"],"picked":"Leap","floor":10.0},{"not_picked":["Barrage","Storm"],"picked":"Loop","floor":11.0}],"player_experience":2780043,"relics_obtained":[{"floor":7.0,"key":"PreservedInsect"},{"floor":12.0,"key":"Prayer Wheel"}],"event_choices":[{"damage_healed":0.0,"max_hp_gain":0.0,"max_hp_loss":0.0,"gold_gain":0.0,"cards_transformed":["Strike_B"],"event_name":"Living Wall","player_choice":"Change","floor":2.0,"gold_loss":0.0,"damage_taken":0.0,"cards_obtained":["Melter"]},{"damage_healed":0.0,"max_hp_gain":0.0,"max_hp_loss":7.0,"gold_gain":0.0,"event_name":"Golden Idol","player_choice":"Lose Max HP","floor":3.0,"gold_loss":0.0,"damage_taken":0.0,"relics_obtained":["Golden Idol"]},{"damage_healed":0.0,"max_hp_gain":0.0,"max_hp_loss":0.0,"gold_gain":0.0,"event_name":"FaceTrader","player_choice":"Trade","floor":4.0,"gold_loss":0.0,"damage_taken":0.0,"relics_obtained":["SsserpentHead"]},{"damage_healed":16.0,"max_hp_gain":0.0,"max_hp_loss":0.0,"gold_gain":0.0,"event_name":"Mushrooms","player_choice":"Healed and dodged fight","floor":8.0,"gold_loss":0.0,"damage_taken":0.0,"cards_obtained":["Parasite"]}],"is_beta":true,"boss_relics":[],"items_purged_floors":[],"is_endless":false,"potions_floor_spawned":[7,10,11],"killed_by":"Hexaghost","ascension_level":20}