{"gold_per_floor":[109,122,136,148,19,54,54,54,54,54,69,69,98,108,108,185,185,202,202,202,202,212,212,237,237,260,260,260],"floor_reached":28,"playtime":737,"items_purged":["Strike_B"],"score":517,"play_id":"196388b3-238c-42c8-9b52-0df63113490d","local_time":"20190508222751","is_ascension_mode":true,"campfire_choices":[{"floor":7,"key":"REST"},{"floor":10,"key":"REST"},{"data":"Defragment","floor":12,"key":"SMITH"},{"data":"Zap","floor":15,"key":"SMITH"},{"data":"Recycle","floor":23,"key":"SMITH"},{"floor":25,"key":"REST"},{"floor":27,"key":"REST"}],"neow_cost":"NONE","seed_source_timestamp":2435548728932640,"circlet_count":0,"master_deck":["AscendersBane","Defend_B","Defend_B","Defend_B","Defend_B","Zap+1","Dualcast","Ball Lightning","Ball Lightning","FTL","Rip and Tear","Leap","Defragment+1","Chill","Electrodynamics","Ball Lightning","BootSequence","Reinforced Body","Storm","Ball Lightning","Doom and Gloom","Bite","Bite","Bite","Bite","Bite","Ghostly","Ghostly","Ghostly","Zap","Recycle+1","Defragment"],"relics":["Black Star","Art of War","Dead Branch","Darkstone Periapt","Question Card","Pear","Orrery","Bottled Lightning","Blood Vial","Oddly Smooth Stone"],"potions_floor_usage":[3,4,6,14,24],"damage_taken":[{"damage":11,"enemies":"Jaw Worm","floor":1,"turns":6},{"damage":18,"enemies":"Small Slimes","floor":2,"turns":4},{"damage":0,"enemies":"2 Louse","floor":3,"turns":2},{"damage":14,"enemies":"Exordium Thugs","floor":4,"turns":5},{"damage":20,"enemies":"Gremlin Nob","floor":6,"turns":4},{"damage":6,"enemies":"Looter","floor":11,"turns":2},{"damage":16,"enemies":"Lagavulin","floor":13,"turns":6},{"damage":0,"enemies":"2 Fungi Beasts","floor":14,"turns":2},{"damage":29,"enemies":"Hexaghost","floor":16,"turns":9},{"damage":28,"enemies":"Shell Parasite","floor":18,"turns":6},{"damage":3,"enemies":"Spheric Guardian","floor":22,"turns":5},{"damage":25,"enemies":"Slavers","floor":24,"turns":3},{"damage":27,"enemies":"Book of Stabbing","floor":28,"turns":4}],"seed_played":"5591534270495661632","potions_obtained":[{"floor":1,"key":"Weak Potion"},{"floor":2,"key":"SkillPotion"},{"floor":13,"key":"AttackPotion"},{"floor":22,"key":"LiquidBronze"},{"floor":24,"key":"Explosive Potion"}],"is_trial":false,"path_per_floor":["M","M","M","M","$","E","R","$","T","R","M","R","E","M","R","B",null,"M","?","?","?","M","R","E","R","T","R","E"],"character_chosen":"DEFECT","items_purchased":["Block Potion"],"campfire_rested":4,"item_purchase_floors":[5],"current_hp_per_floor":[53,35,35,21,21,1,22,22,22,43,37,37,31,31,31,2,61,33,33,28,28,28,28,3,11,11,19,0],"gold":260,"neow_bonus":"BOSS_RELIC","is_prod":false,"is_daily":false,"chose_seed":false,"campfire_upgraded":3,"win_rate":0,"timestamp":1557368871,"path_taken":["M","M","M","M","$","E","R","$","T","R","M","R","E","M","R","BOSS","M","?","?","?","?","R","E","R","T","R","E"],"build_version":"2019-01-23","purchased_purges":1,"victory":false,"max_hp_per_floor":[71,71,71,71,71,71,71,71,71,71,71,71,81,81,81,81,81,81,56,28,28,28,28,28,28,28,28,28],"card_choices":[{"not_picked":["Melter","Force Field"],"picked":"Ball Lightning","floor":1},{"not_picked":["Steam Power","Scrape"],"picked":"Ball Lightning","floor":2},{"not_picked":["Gash","White Noise"],"picked":"FTL","floor":3},{"not_picked":["Compile Driver","Beam Cell"],"picked":"Rip and Tear","floor":4},{"not_picked":["Thunder Strike","Cold Snap"],"picked":"Leap","floor":6},{"not_picked":["Steam","Force Field"],"picked":"Defragment","floor":11},{"not_picked":["Go for the Eyes","Steam","Beam Cell"],"picked":"SKIP","floor":13},{"not_picked":["Reprogram","Stack","Rip and Tear"],"picked":"Chill","floor":14},{"not_picked":["Meteor Strike","Biased Cognition","Rainbow"],"picked":"Electrodynamics","floor":16},{"not_picked":["Steam Power","Rebound","Beam Cell"],"picked":"Ball Lightning","floor":17},{"not_picked":["Undo","Auto Shields","Conserve Battery"],"picked":"BootSequence","floor":17},{"not_picked":["Cold Snap","Scrape","Leap"],"picked":"Reinforced Body","floor":17},{"not_picked":["Cold Snap","Rebound","Go for the Eyes"],"picked":"Storm","floor":17},{"not_picked":["Steam","Beam Cell","Stack"],"picked":"Ball Lightning","floor":17},{"not_picked":["Redo","Stack","Sweeping Beam"],"picked":"Doom and Gloom","floor":18},{"not_picked":["Scrape","Loop","Glacier"],"picked":"Recycle","floor":22},{"not_picked":["Auto Shields","Heatsinks","Buffer"],"picked":"Defragment","floor":24}],"player_experience":345100,"relics_obtained":[{"floor":6,"key":"Art of War"},{"floor":6,"key":"Dead Branch"},{"floor":9,"key":"Darkstone Periapt"},{"floor":13,"key":"Question Card"},{"floor":13,"key":"Pear"},{"floor":24,"key":"Bottled Lightning"},{"floor":24,"key":"Blood Vial"},{"floor":26,"key":"Oddly Smooth Stone"}],"event_choices":[{"damage_healed":0,"gold_gain":0,"player_choice":"Became a vampire","damage_taken":0,"max_hp_gain":0,"max_hp_loss":25,"event_name":"Vampires","floor":19,"gold_loss":0,"cards_obtained":["Bite","Bite","Bite","Bite","Bite"]},{"damage_healed":0,"gold_gain":0,"player_choice":"Became a Ghost","damage_taken":0,"max_hp_gain":0,"max_hp_loss":28,"event_name":"Ghosts","floor":20,"gold_loss":0,"cards_obtained":["Ghostly","Ghostly","Ghostly"]},{"damage_healed":0,"gold_gain":0,"player_choice":"1 cards matched","damage_taken":0,"max_hp_gain":0,"max_hp_loss":0,"event_name":"Match and Keep!","floor":21,"gold_loss":0,"cards_obtained":["Zap"]}],"is_beta":false,"boss_relics":[{"not_picked":["Lizard Tail","Ectoplasm"],"picked":"Orrery"}],"items_purged_floors":[5],"is_endless":false,"potions_floor_spawned":[1,2,13,22,24],"killed_by":"Book of Stabbing","ascension_level":18}