{"gold_per_floor":[111,211,109,184,204,231,249,249,274,274,293,323,323,335,335,335],"floor_reached":16,"playtime":556,"items_purged":[],"score":120,"play_id":"828cb657-89ed-4a69-a5ca-a84faaa4776e","local_time":"20190818182254","is_ascension_mode":true,"campfire_choices":[{"data":"Double Tap","floor":8,"key":"SMITH"},{"data":"Seeing Red","floor":10,"key":"SMITH"},{"data":"Clothesline","floor":15,"key":"SMITH"}],"neow_cost":"NONE","seed_source_timestamp":28804034137248,"circlet_count":0,"master_deck":["Strike_R","Strike_R","Strike_R","Strike_R","Strike_R","Defend_R","Defend_R","Defend_R","Defend_R","Bash+1","Warcry","Body Slam","Second Wind","Battle Trance","Double Tap+1","Seeing Red+1","Clothesline+1","Shrug It Off"],"relics":["Burning Blood","Centennial Puzzle","Vajra","Red Skull","Matryoshka"],"potions_floor_usage":[6,16],"damage_taken":[{"damage":3,"enemies":"2 Louse","floor":1,"turns":3},{"damage":10,"enemies":"Cultist","floor":5,"turns":5},{"damage":31,"enemies":"Gremlin Nob","floor":6,"turns":5},{"damage":3,"enemies":"Jaw Worm","floor":7,"turns":4},{"damage":7,"enemies":"2 Fungi Beasts","floor":11,"turns":3},{"damage":6,"enemies":"Exordium Wildlife","floor":14,"turns":4},{"damage":44,"enemies":"The Guardian","floor":16,"turns":13}],"seed_played":"8059218948338076778","potions_obtained":[{"floor":5,"key":"EssenceOfSteel"},{"floor":11,"key":"Energy Potion"}],"is_trial":false,"path_per_floor":["M","?","$","?","M","E","M","R","T","R","M","?","T","M","R","B"],"character_chosen":"IRONCLAD","items_purchased":["Body Slam","Second Wind"],"campfire_rested":0,"item_purchase_floors":[3,3],"current_hp_per_floor":[80,80,80,69,65,40,43,43,43,43,42,42,42,42,42,0],"gold":335,"neow_bonus":"UPGRADE_CARD","is_prod":false,"is_daily":false,"chose_seed":false,"campfire_upgraded":3,"win_rate":0,"timestamp":1566120174,"path_taken":["M","?","?","?","?","E","M","R","T","R","M","?","?","M","R","BOSS"],"build_version":"2019-07-17","purchased_purges":0,"victory":false,"max_hp_per_floor":[80,80,80,80,80,80,80,80,80,80,80,80,80,80,80,80],"card_choices":[{"not_picked":["Thunderclap","Evolve"],"picked":"Warcry","floor":1},{"not_picked":["Sword Boomerang","Body Slam"],"picked":"Battle Trance","floor":5},{"not_picked":["Wild Strike","Heavy Blade"],"picked":"Double Tap","floor":6},{"not_picked":["Pommel Strike","Body Slam"],"picked":"Seeing Red","floor":7},{"not_picked":["Havoc","Sword Boomerang"],"picked":"Clothesline","floor":11},{"not_picked":["Heavy Blade","Clothesline"],"picked":"Shrug It Off","floor":14}],"player_experience":183884,"relics_obtained":[{"floor":6,"key":"Centennial Puzzle"},{"floor":9,"key":"Vajra"},{"floor":13,"key":"Matryoshka"}],"event_choices":[{"damage_healed":0,"gold_gain":100,"player_choice":"Gold","damage_taken":0,"max_hp_gain":0,"max_hp_loss":0,"event_name":"Wheel of Change","floor":2,"gold_loss":0},{"damage_healed":0,"gold_gain":75,"player_choice":"Gather Gold","damage_taken":11,"max_hp_gain":0,"max_hp_loss":0,"event_name":"World of Goop","floor":4,"gold_loss":0},{"damage_healed":0,"gold_gain":30,"player_choice":"Searched \u00273\u0027 times","damage_taken":0,"relics_obtained":["Red Skull"],"max_hp_gain":0,"max_hp_loss":0,"event_name":"Dead Adventurer","floor":12,"gold_loss":0}],"is_beta":false,"boss_relics":[],"items_purged_floors":[],"is_endless":false,"potions_floor_spawned":[5,11],"killed_by":"The Guardian","ascension_level":4}