{"gold_per_floor":[114,114,125,125,144,173,173,199,199,216,233,247,247,259,259,361,361,376,396,396,406,107,107,133,133,133,147,147,158,174,186,186,286,286,306,316,316,316,336,336,91,119,189,189,200,215,215,239,239,239],"floor_reached":51,"playtime":1724,"items_purged":["Strike_R","Strike_R"],"score":1011,"play_id":"194d9c25-6264-46d6-aa08-fc7e0c7125db","local_time":"20190902231636","is_ascension_mode":true,"campfire_choices":[{"data":"Whirlwind","floor":7.0,"key":"SMITH"},{"floor":13.0,"key":"REST"},{"floor":15.0,"key":"REST"},{"data":"Shrug It Off","floor":23.0,"key":"SMITH"},{"data":"Bash","floor":25.0,"key":"SMITH"},{"data":"Spot Weakness","floor":28.0,"key":"SMITH"},{"data":"Shrug It Off","floor":32.0,"key":"SMITH"},{"data":"Barricade","floor":40.0,"key":"SMITH"},{"data":"Double Tap","floor":44.0,"key":"SMITH"},{"data":"Defend_R","floor":47,"key":"SMITH"},{"data":"Defend_R","floor":49,"key":"SMITH"}],"neow_cost":"NONE","seed_source_timestamp":26201674482633,"circlet_count":0,"master_deck":["Strike_R+1","Defend_R","Defend_R","Defend_R+1","Defend_R+1","Bash+1","Whirlwind+1","Thunderclap+1","Spot Weakness+1","Demon Form+1","Shrug It Off+1","Shrug It Off+1","Double Tap+1","Barricade+1","Clumsy"],"special_seed":0,"relics":["Burning Blood","Centennial Puzzle","Shuriken","Blood Vial","Lantern","Coffee Dripper","Art of War","Omamori","Whetstone","Cursed Key","Happy Flower","Red Skull","Toxic Egg 2","Smiling Mask"],"potions_floor_usage":[50],"damage_taken":[{"damage":7.0,"enemies":"Small Slimes","floor":1.0,"turns":4.0},{"damage":7.0,"enemies":"Jaw Worm","floor":3.0,"turns":3.0},{"damage":1.0,"enemies":"Cultist","floor":5.0,"turns":4.0},{"damage":36.0,"enemies":"Gremlin Nob","floor":6.0,"turns":5.0},{"damage":30.0,"enemies":"Lagavulin","floor":8.0,"turns":7.0},{"damage":9.0,"enemies":"Red Slaver","floor":10.0,"turns":3.0},{"damage":12.0,"enemies":"3 Louse","floor":11.0,"turns":2.0},{"damage":2.0,"enemies":"Exordium Thugs","floor":12.0,"turns":4.0},{"damage":25.0,"enemies":"Exordium Wildlife","floor":14.0,"turns":4.0},{"damage":19.0,"enemies":"Slime Boss","floor":16.0,"turns":8.0},{"damage":0.0,"enemies":"2 Thieves","floor":18.0,"turns":1.0},{"damage":12.0,"enemies":"Chosen","floor":19.0,"turns":3.0},{"damage":23.0,"enemies":"Snecko","floor":21.0,"turns":5.0},{"damage":34.0,"enemies":"Slavers","floor":24.0,"turns":2.0},{"damage":3.0,"enemies":"Cultist and Chosen","floor":27.0,"turns":3.0},{"damage":23.0,"enemies":"Centurion and Healer","floor":29.0,"turns":2.0},{"damage":23.0,"enemies":"Snake Plant","floor":30.0,"turns":5.0},{"damage":12.0,"enemies":"Cultist and Chosen","floor":31.0,"turns":2.0},{"damage":18.0,"enemies":"Champ","floor":33.0,"turns":2.0},{"damage":6.0,"enemies":"Orb Walker","floor":35.0,"turns":2.0},{"damage":12.0,"enemies":"3 Darklings","floor":36.0,"turns":2.0},{"damage":12.0,"enemies":"Spire Growth","floor":39.0,"turns":5.0},{"damage":26.0,"enemies":"Reptomancer","floor":42.0,"turns":4.0},{"damage":15,"enemies":"Writhing Mass","floor":45,"turns":4},{"damage":0,"enemies":"3 Darklings","floor":46,"turns":2},{"damage":49,"enemies":"Donu and Deca","floor":50,"turns":5}],"seed_played":"315972667696948798","potions_obtained":[{"floor":1.0,"key":"PowerPotion"},{"floor":3.0,"key":"FearPotion"},{"floor":6.0,"key":"Weak Potion"},{"floor":8.0,"key":"Dexterity Potion"},{"floor":16.0,"key":"SkillPotion"},{"floor":19.0,"key":"Dexterity Potion"},{"floor":24.0,"key":"EssenceOfSteel"},{"floor":30.0,"key":"FearPotion"},{"floor":39.0,"key":"Swift Potion"},{"floor":45,"key":"Block Potion"}],"is_trial":false,"path_per_floor":["M","?","M","?","M","E","R","E","T","M","M","M","R","M","R","B",null,"M","M","?","M","$","R","E","R","T","M","R","M","M","M","R","B",null,"M","M","?","?","M","R","$","E","T","R","M","M","R","T","R","B",null],"character_chosen":"IRONCLAD","items_purchased":["Art of War","BloodPotion","Happy Flower"],"campfire_rested":2,"item_purchase_floors":[22,22,41],"current_hp_per_floor":[79,72,71,71,76,46,46,22,22,21,17,23,49,32,58,47,78,86,82,82,67,67,67,41,41,41,46,46,53,38,34,34,24,72,74,70,70,70,66,66,66,48,48,48,41,49,49,49,49,8],"gold":239,"neow_bonus":"TEN_PERCENT_HP_BONUS","is_prod":false,"is_daily":false,"chose_seed":false,"campfire_upgraded":9,"win_rate":0,"timestamp":1567458996,"path_taken":["M","?","M","?","M","E","R","E","T","M","M","M","R","M","R","BOSS","M","M","?","M","$","R","E","R","T","M","R","M","M","M","R","BOSS","M","M","?","?","?","R","$","E","T","R","M","M","R","?","R","BOSS"],"build_version":"2019-07-17","purchased_purges":2,"victory":true,"max_hp_per_floor":[88,88,88,88,88,88,88,88,88,88,88,88,88,88,88,88,88,88,88,88,88,88,88,88,88,88,88,88,88,88,88,88,88,88,88,88,88,88,88,88,88,88,88,88,88,88,88,88,88,88],"card_choices":[{"not_picked":["Clash","Warcry","True Grit"],"picked":"SKIP","floor":1.0},{"not_picked":["Seeing Red","Iron Wave"],"picked":"Whirlwind","floor":3.0},{"not_picked":["Warcry","Pommel Strike"],"picked":"Thunderclap","floor":5.0},{"not_picked":["Power Through","Berserk"],"picked":"Spot Weakness","floor":6.0},{"not_picked":["Sentinel","Fiend Fire","Rampage"],"picked":"SKIP","floor":8.0},{"not_picked":["Havoc","True Grit","Flex"],"picked":"SKIP","floor":10.0},{"not_picked":["Evolve","Headbutt","Cleave"],"picked":"SKIP","floor":11.0},{"not_picked":["Iron Wave","Havoc","Inflame"],"picked":"SKIP","floor":12.0},{"not_picked":["Bloodletting","Pommel Strike","Armaments"],"picked":"SKIP","floor":14.0},{"not_picked":["Dark Embrace","Fiend Fire"],"picked":"Demon Form","floor":16.0},{"not_picked":["Hemokinesis","Anger+1","Sentinel"],"picked":"SKIP","floor":18.0},{"not_picked":["Anger","Sentinel","Flex"],"picked":"SKIP","floor":19.0},{"not_picked":["Armaments+1","Warcry"],"picked":"Shrug It Off","floor":21.0},{"not_picked":["Clothesline","Twin Strike+1","Headbutt"],"picked":"SKIP","floor":24.0},{"not_picked":["Havoc","Rampage","Perfected Strike+1"],"picked":"SKIP","floor":27.0},{"not_picked":["Clothesline","Thunderclap"],"picked":"Shrug It Off","floor":29.0},{"not_picked":["Warcry+1","Pommel Strike"],"picked":"Double Tap","floor":30.0},{"not_picked":["Thunderclap","Disarm","Havoc+1"],"picked":"SKIP","floor":31.0},{"not_picked":["Dark Embrace","Impervious"],"picked":"Barricade","floor":33.0},{"not_picked":["Fire Breathing","Twin Strike","Iron Wave"],"picked":"SKIP","floor":35.0},{"not_picked":["Twin Strike","Anger+1","Clash"],"picked":"SKIP","floor":36.0},{"not_picked":["Headbutt+1","True Grit+1","Rupture"],"picked":"SKIP","floor":39.0},{"not_picked":["Disarm+1","Rupture+1","Heavy Blade"],"picked":"SKIP","floor":42.0},{"not_picked":["Corruption","Flame Barrier+1","Thunderclap"],"picked":"SKIP","floor":45},{"not_picked":["Havoc+1","Warcry+1","Uppercut"],"picked":"SKIP","floor":46}],"player_experience":189890,"relics_obtained":[{"floor":6.0,"key":"Shuriken"},{"floor":8.0,"key":"Blood Vial"},{"floor":9.0,"key":"Lantern"},{"floor":24.0,"key":"Omamori"},{"floor":26.0,"key":"Whetstone"},{"floor":42.0,"key":"Red Skull"},{"floor":43.0,"key":"Toxic Egg 2"},{"floor":48,"key":"Smiling Mask"}],"event_choices":[{"cards_removed":["Strike_R"],"damage_healed":0.0,"max_hp_gain":0.0,"max_hp_loss":0.0,"gold_gain":0.0,"event_name":"Golden Wing","player_choice":"Card Removal","floor":2.0,"gold_loss":0.0,"damage_taken":7.0},{"damage_healed":0.0,"max_hp_gain":0.0,"max_hp_loss":0.0,"gold_gain":0.0,"event_name":"WeMeetAgain","player_choice":"Gave Potion","floor":4.0,"gold_loss":0.0,"damage_taken":0.0,"relics_obtained":["Centennial Puzzle"]},{"damage_healed":0.0,"max_hp_gain":0.0,"max_hp_loss":0.0,"gold_gain":0.0,"event_name":"Upgrade Shrine","player_choice":"Upgraded","floor":20.0,"gold_loss":0.0,"damage_taken":0.0,"cards_upgraded":["Demon Form"]},{"damage_healed":0.0,"max_hp_gain":0.0,"max_hp_loss":0.0,"gold_gain":0.0,"event_name":"Tomb of Lord Red Mask","player_choice":"Ignored","floor":37.0,"gold_loss":0.0,"damage_taken":0.0},{"cards_removed":["Strike_R"],"damage_healed":0.0,"max_hp_gain":0.0,"max_hp_loss":0.0,"gold_gain":0.0,"event_name":"Wheel of Change","player_choice":"Card Removal","floor":38.0,"gold_loss":0.0,"damage_taken":0.0}],"is_beta":false,"boss_relics":[{"not_picked":["Astrolabe","Fusion Hammer"],"picked":"Coffee Dripper"},{"not_picked":["White Beast Statue","Empty Cage"],"picked":"Cursed Key"}],"items_purged_floors":[22,41],"is_endless":false,"potions_floor_spawned":[1,3,6,8,16,19,24,30,39,45],"ascension_level":9}