{"gold_per_floor":[115,265,278,297,16,16,36,70,96,21,21],"floor_reached":11,"playtime":664,"items_purged":["Doubt"],"score":146,"play_id":"5ad183ab-0e21-439e-b5c5-c64a7e2e59fe","local_time":"20181012064901","is_ascension_mode":true,"campfire_choices":[{"data":"Ball Lightning","floor":6.0,"key":"SMITH"}],"neow_cost":"NONE","seed_source_timestamp":137990449377365,"circlet_count":0,"master_deck":["Strike_B","Strike_B","Strike_B","Strike_B","Defend_B","Defend_B","Defend_B","Defend_B","Zap","Dualcast","AscendersBane","Fission","Conserve Battery","Ball Lightning+1","Steam","Sweeping Beam","Fission"],"special_seed":0,"relics":["Cracked Core","Frozen Egg 2","Orichalcum","Boot"],"potions_floor_usage":[8,11],"damage_taken":[{"damage":1.0,"enemies":"Cultist","floor":1.0,"turns":4.0},{"damage":1.0,"enemies":"2 Louse","floor":3.0,"turns":3.0},{"damage":2.0,"enemies":"Jaw Worm","floor":4.0,"turns":3.0},{"damage":19.0,"enemies":"Exordium Thugs","floor":7.0,"turns":5.0},{"damage":39,"enemies":"Gremlin Nob","floor":8,"turns":4},{"damage":14,"enemies":"3 Sentries","floor":11,"turns":3}],"seed_played":"6611243123980645057","potions_obtained":[{"floor":7.0,"key":"AttackPotion"},{"floor":8,"key":"Regen Potion"}],"is_trial":false,"path_per_floor":["M","?","M","M","$","R","M","E","T","$"],"character_chosen":"DEFECT","items_purchased":["Frozen Egg 2"],"campfire_rested":0,"item_purchase_floors":[5],"current_hp_per_floor":[63,63,62,60,60,60,41,2,2,2,0],"gold":21,"neow_bonus":"ONE_RANDOM_RARE_CARD","is_prod":false,"is_daily":false,"chose_seed":false,"campfire_upgraded":1,"win_rate":0,"timestamp":1539352141,"path_taken":["M","?","M","M","?","R","?","E","T","$","E"],"build_version":"2018-10-11","purchased_purges":1,"victory":false,"max_hp_per_floor":[71,71,71,71,71,71,71,71,71,71,71],"card_choices":[{"not_picked":["Beam Cell","Compile Driver"],"picked":"Conserve Battery","floor":1.0},{"not_picked":["Conserve Battery","Stack"],"picked":"Ball Lightning","floor":3.0},{"not_picked":["Compile Driver","Hologram"],"picked":"Steam","floor":4.0},{"not_picked":["Steam","Auto Shields"],"picked":"Sweeping Beam","floor":7.0},{"not_picked":["Coolheaded","Steam"],"picked":"Fission","floor":8}],"player_experience":2520165,"relics_obtained":[{"floor":8,"key":"Orichalcum"},{"floor":9,"key":"Boot"}],"event_choices":[{"event_name":"Liars Game","player_choice":"agreed","floor":2.0,"damage_taken":0.0}],"is_beta":true,"boss_relics":[],"items_purged_floors":[10],"is_endless":false,"potions_floor_spawned":[7,8],"killed_by":"3 Sentries","ascension_level":20}