{"gold_per_floor":[109,72,91,104,104,134,146,223,315,345,435,447,488,500,512,524],"floor_reached":16,"playtime":1093,"items_purged":[],"score":211,"play_id":"9b3888ff-6e7f-47d3-a7fd-ccf1e898c50d","local_time":"20190824143632","is_ascension_mode":true,"campfire_choices":[{"floor":12,"key":"REST"},{"data":"Armaments","floor":15,"key":"SMITH"}],"neow_cost":"NONE","seed_source_timestamp":192725065278300,"circlet_count":0,"master_deck":["AscendersBane","Strike_R","Strike_R","Strike_R","Strike_R","Strike_R","Defend_R","Defend_R","Defend_R","Defend_R","Bash","Twin Strike","Uppercut+1","Wild Strike","Headbutt","Juggernaut","Armaments+1","Wild Strike","Parasite"],"special_seed":0,"relics":["Burning Blood","NeowsBlessing","MawBank","Juzu Bracelet","Gremlin Horn","Incense Burner"],"potions_floor_usage":[16,16],"damage_taken":[{"damage":0.0,"enemies":"Cultist","floor":1.0,"turns":1.0},{"damage":0.0,"enemies":"Small Slimes","floor":3.0,"turns":1.0},{"damage":0.0,"enemies":"Jaw Worm","floor":4.0,"turns":1.0},{"damage":24.0,"enemies":"Gremlin Nob","floor":6.0,"turns":4.0},{"damage":35.0,"enemies":"3 Sentries","floor":8.0,"turns":7.0},{"damage":15,"enemies":"2 Fungi Beasts","floor":10,"turns":4},{"damage":29,"enemies":"Lagavulin","floor":13,"turns":8},{"damage":41,"enemies":"Slime Boss","floor":16,"turns":8}],"seed_played":"-4996756986908678712","potions_obtained":[{"floor":3.0,"key":"SkillPotion"},{"floor":4.0,"key":"Weak Potion"},{"floor":10,"key":"Ancient Potion"},{"floor":13,"key":"Poison Potion"}],"is_trial":false,"path_per_floor":["M","$","M","M","?","E","?","?","T","M","?","R","E","?","R","B"],"character_chosen":"IRONCLAD","items_purchased":["Uppercut"],"campfire_rested":1,"item_purchase_floors":[2],"current_hp_per_floor":[74,74,75,75,75,57,57,28,28,19,19,41,18,36,36,0],"gold":524,"neow_bonus":"THREE_ENEMY_KILL","is_prod":false,"is_daily":false,"chose_seed":false,"campfire_upgraded":1,"win_rate":0,"timestamp":1566682592,"path_taken":["M","$","?","M","?","E","?","?","T","M","?","R","E","?","R","BOSS"],"build_version":"2019-07-17","purchased_purges":0,"victory":false,"max_hp_per_floor":[75,75,75,75,75,75,75,75,75,75,75,75,75,75,75,75],"card_choices":[{"not_picked":["Hemokinesis","Headbutt"],"picked":"Twin Strike","floor":1.0},{"not_picked":["Flame Barrier","Sever Soul"],"picked":"Wild Strike","floor":3.0},{"not_picked":["Power Through","True Grit"],"picked":"Headbutt","floor":4.0},{"not_picked":["Thunderclap","Anger"],"picked":"Juggernaut","floor":6.0},{"not_picked":["Anger","Sword Boomerang"],"picked":"Armaments","floor":8.0},{"not_picked":["Clash","Armaments","Uppercut"],"picked":"SKIP","floor":10},{"not_picked":["Flex","Iron Wave"],"picked":"Wild Strike","floor":13}],"player_experience":666146,"relics_obtained":[{"floor":6.0,"key":"MawBank"},{"floor":8.0,"key":"Juzu Bracelet"},{"floor":9.0,"key":"Gremlin Horn"},{"floor":13,"key":"Incense Burner"}],"event_choices":[{"damage_healed":0.0,"max_hp_gain":0.0,"max_hp_loss":0.0,"gold_gain":0.0,"event_name":"Living Wall","player_choice":"Grow","floor":5.0,"gold_loss":0.0,"damage_taken":0.0,"cards_upgraded":["Uppercut"]},{"damage_healed":0.0,"max_hp_gain":0.0,"max_hp_loss":0.0,"gold_gain":0.0,"event_name":"Liars Game","player_choice":"Ignored","floor":7.0,"gold_loss":0.0,"damage_taken":0.0},{"damage_healed":0.0,"max_hp_gain":0.0,"max_hp_loss":0.0,"gold_gain":0.0,"event_name":"Dead Adventurer","player_choice":"Searched \u00272\u0027 times","floor":8.0,"gold_loss":0.0,"damage_taken":0.0},{"damage_healed":0,"gold_gain":78,"player_choice":"Gained Gold","damage_taken":0,"max_hp_gain":0,"max_hp_loss":0,"event_name":"Golden Wing","floor":11,"gold_loss":0},{"damage_healed":18,"gold_gain":0,"player_choice":"Healed and dodged fight","damage_taken":0,"max_hp_gain":0,"max_hp_loss":0,"event_name":"Mushrooms","floor":14,"gold_loss":0,"cards_obtained":["Parasite"]}],"is_beta":false,"boss_relics":[],"items_purged_floors":[],"is_endless":false,"potions_floor_spawned":[3,4,10,13],"killed_by":"Slime Boss","ascension_level":19}