{"gold_per_floor":[116,116,135,145,156,156,187,206,206,229,229,241,241,241,241,345,345,285,131,131,131,131,131,131,131,131,131,131,131,31,31,31,31,31,31,31,31,31,31,31,31,31,31,31,31,31,31,31,31,31],"floor_reached":51,"playtime":2225,"items_purged":["Defend_R","Strike_R"],"score":1064,"play_id":"94810500-d5e9-4480-b977-b57c5a944366","local_time":"20190903002523","is_ascension_mode":true,"campfire_choices":[{"data":"Shrug It Off","floor":6.0,"key":"SMITH"},{"data":"Bash","floor":11.0,"key":"SMITH"},{"data":"Body Slam","floor":13.0,"key":"SMITH"},{"data":"Demon Form","floor":15.0,"key":"SMITH"},{"data":"Barricade","floor":23.0,"key":"SMITH"},{"floor":25.0,"key":"REST"},{"data":"Metallicize","floor":27.0,"key":"SMITH"},{"floor":32.0,"key":"REST"},{"data":"Madness","floor":40,"key":"SMITH"},{"floor":42,"key":"REST"},{"floor":45,"key":"REST"},{"data":"Madness","floor":49,"key":"SMITH"}],"neow_cost":"TEN_PERCENT_HP_LOSS","seed_source_timestamp":30240826773641,"circlet_count":0,"master_deck":["AscendersBane","Defend_R","Defend_R","Defend_R","Bash+1","Cleave","Shrug It Off+1","Demon Form+1","Body Slam+1","Barricade+1","Shrug It Off+1","Metallicize+1","Exhume","Battle Trance","Shrug It Off+1","Body Slam+1","Madness+1","Madness+1"],"special_seed":0,"relics":["Black Blood","Ancient Tea Set","Self Forming Clay","Anchor","Ectoplasm","Molten Egg 2","Ornamental Fan","Singing Bowl","SsserpentHead"],"potions_floor_usage":[44,50],"damage_taken":[{"damage":4.0,"enemies":"Small Slimes","floor":1.0,"turns":5.0},{"damage":1.0,"enemies":"Cultist","floor":3.0,"turns":4.0},{"damage":3.0,"enemies":"2 Louse","floor":4.0,"turns":3.0},{"damage":23.0,"enemies":"Lots of Slimes","floor":5.0,"turns":4.0},{"damage":36.0,"enemies":"Gremlin Nob","floor":7.0,"turns":5.0},{"damage":14.0,"enemies":"Blue Slaver","floor":8.0,"turns":6.0},{"damage":0.0,"enemies":"Red Slaver","floor":12.0,"turns":3.0},{"damage":28.0,"enemies":"Hexaghost","floor":16.0,"turns":8.0},{"damage":16.0,"enemies":"2 Thieves","floor":18.0,"turns":4.0},{"damage":6.0,"enemies":"Shell Parasite","floor":21.0,"turns":4.0},{"damage":21.0,"enemies":"3 Cultists","floor":22.0,"turns":5.0},{"damage":19.0,"enemies":"Gremlin Leader","floor":24.0,"turns":8.0},{"damage":11.0,"enemies":"Shelled Parasite and Fungi","floor":29.0,"turns":4.0},{"damage":2.0,"enemies":"Centurion and Healer","floor":31.0,"turns":5.0},{"damage":17.0,"enemies":"Collector","floor":33.0,"turns":7.0},{"damage":25.0,"enemies":"Orb Walker","floor":35.0,"turns":6.0},{"damage":7.0,"enemies":"3 Darklings","floor":36.0,"turns":5.0},{"damage":1.0,"enemies":"Sphere and 2 Shapes","floor":37.0,"turns":10.0},{"damage":23,"enemies":"4 Shapes","floor":39,"turns":5},{"damage":27,"enemies":"Jaw Worm Horde","floor":41,"turns":4},{"damage":37,"enemies":"Transient","floor":44,"turns":5},{"damage":10,"enemies":"Nemesis","floor":46,"turns":5},{"damage":4,"enemies":"Sphere and 2 Shapes","floor":48,"turns":6},{"damage":8,"enemies":"Awakened One","floor":50,"turns":7}],"seed_played":"5294395316394320909","potions_obtained":[{"floor":1.0,"key":"Poison Potion"},{"floor":4.0,"key":"BloodPotion"},{"floor":5.0,"key":"Block Potion"},{"floor":8.0,"key":"PowerPotion"},{"floor":12.0,"key":"Weak Potion"},{"floor":18.0,"key":"SpeedPotion"},{"floor":29.0,"key":"PowerPotion"},{"floor":31.0,"key":"LiquidBronze"},{"floor":35.0,"key":"Block Potion"},{"floor":36.0,"key":"SkillPotion"},{"floor":41,"key":"Regen Potion"},{"floor":44,"key":"LiquidBronze"}],"is_trial":false,"path_per_floor":["M","?","M","M","M","R","E","M","T","T","R","M","R","?","R","B",null,"M","$","?","M","M","R","E","R","T","R","?","M","$","M","R","B",null,"M","M","M","?","M","R","M","R","T","M","R","E","?","M","R","B",null],"character_chosen":"IRONCLAD","items_purchased":["Metallicize"],"campfire_rested":4,"item_purchase_floors":[19],"current_hp_per_floor":[72,72,72,72,55,55,43,35,35,35,35,41,41,41,41,19,59,49,49,49,49,34,34,21,42,42,42,42,37,37,41,62,51,67,52,55,64,55,42,42,25,46,46,34,55,57,57,65,65,67],"gold":31,"neow_bonus":"REMOVE_TWO","is_prod":false,"is_daily":false,"chose_seed":false,"campfire_upgraded":8,"win_rate":0,"timestamp":1567463123,"path_taken":["M","?","?","M","M","R","E","M","T","?","R","?","R","?","R","BOSS","M","$","?","M","M","R","E","R","T","R","?","M","$","M","R","BOSS","M","?","M","?","M","R","M","R","T","M","R","E","?","?","R","BOSS"],"build_version":"2019-07-17","purchased_purges":2,"victory":true,"max_hp_per_floor":[72,72,72,72,72,72,72,72,72,72,72,72,72,72,72,72,72,72,72,72,72,72,72,72,72,72,72,72,72,72,72,72,72,72,72,72,72,72,72,72,72,72,72,72,72,74,74,76,76,76],"card_choices":[{"not_picked":["Blood for Blood","Seeing Red","Clash"],"picked":"SKIP","floor":1.0},{"not_picked":["Sword Boomerang","Havoc"],"picked":"Cleave","floor":3.0},{"not_picked":["Heavy Blade","Second Wind","Pummel"],"picked":"SKIP","floor":4.0},{"not_picked":["Body Slam","Sword Boomerang"],"picked":"Shrug It Off","floor":5.0},{"not_picked":["Uppercut","Cleave"],"picked":"Demon Form","floor":7.0},{"not_picked":["Dropkick","Pommel Strike","Sentinel"],"picked":"SKIP","floor":8.0},{"not_picked":["Wild Strike","Headbutt"],"picked":"Body Slam","floor":12.0},{"not_picked":["Impervious","Brutality"],"picked":"Barricade","floor":16.0},{"not_picked":["Intimidate","Armaments"],"picked":"Shrug It Off+1","floor":18.0},{"not_picked":["Twin Strike","Fire Breathing","Heavy Blade"],"picked":"SKIP","floor":21.0},{"not_picked":["Corruption","Rage","Anger"],"picked":"SKIP","floor":22.0},{"not_picked":["Burning Pact","Iron Wave+1","Carnage+1"],"picked":"SKIP","floor":24.0},{"not_picked":["Havoc","Perfected Strike+1"],"picked":"Battle Trance","floor":29.0},{"not_picked":["Intimidate+1","Twin Strike+1","Headbutt+1"],"picked":"SKIP","floor":31.0},{"not_picked":["Pommel Strike+1","Iron Wave+1","Disarm+1"],"picked":"SKIP","floor":35.0},{"not_picked":["Iron Wave+1","Havoc"],"picked":"Shrug It Off+1","floor":36.0},{"not_picked":["Searing Blow+1","Feel No Pain"],"picked":"Body Slam+1","floor":37.0},{"not_picked":["Clash+1","Immolate+1","Thunderclap+1"],"picked":"SKIP","floor":39},{"not_picked":["Reckless Charge+1","Fire Breathing+1","Sword Boomerang+1"],"picked":"SKIP","floor":41},{"not_picked":["Perfected Strike+1","Evolve","Armaments"],"picked":"SKIP","floor":44},{"not_picked":["Armaments+1","Warcry","Havoc"],"picked":"Singing Bowl","floor":46},{"not_picked":["Armaments+1","Infernal Blade","True Grit"],"picked":"Singing Bowl","floor":48}],"player_experience":193165,"relics_obtained":[{"floor":7.0,"key":"Ancient Tea Set"},{"floor":9.0,"key":"Self Forming Clay"},{"floor":10.0,"key":"Anchor"},{"floor":24.0,"key":"Molten Egg 2"},{"floor":26.0,"key":"Ornamental Fan"},{"floor":46,"key":"Singing Bowl"}],"event_choices":[{"damage_healed":0.0,"max_hp_gain":0.0,"max_hp_loss":0.0,"gold_gain":0.0,"event_name":"Match and Keep!","player_choice":"0 cards matched","floor":2.0,"gold_loss":0.0,"damage_taken":0.0,"cards_obtained":[]},{"cards_removed":["Strike_R"],"damage_healed":0.0,"max_hp_gain":0.0,"max_hp_loss":0.0,"gold_gain":0.0,"event_name":"Bonfire Elementals","player_choice":"Offered Basic","floor":14.0,"gold_loss":0.0,"damage_taken":0.0},{"damage_healed":0.0,"max_hp_gain":0.0,"max_hp_loss":0.0,"gold_gain":99.0,"event_name":"Nest","player_choice":"Stole From Cult","floor":20.0,"gold_loss":0.0,"damage_taken":0.0},{"damage_healed":0.0,"max_hp_gain":0.0,"max_hp_loss":0.0,"gold_gain":0.0,"cards_transformed":["Strike_R"],"event_name":"Transmorgrifier","player_choice":"Transformed","floor":28.0,"gold_loss":0.0,"damage_taken":0.0,"cards_obtained":["Exhume"]},{"damage_healed":0.0,"max_hp_gain":0.0,"max_hp_loss":0.0,"gold_gain":0.0,"event_name":"Winding Halls","player_choice":"Embrace Madness","floor":38.0,"gold_loss":0.0,"damage_taken":9.0,"cards_obtained":["Madness","Madness"]},{"damage_healed":0,"gold_gain":0,"player_choice":"Trade","damage_taken":0,"relics_obtained":["SsserpentHead"],"max_hp_gain":0,"max_hp_loss":0,"event_name":"FaceTrader","floor":47,"gold_loss":0}],"is_beta":false,"boss_relics":[{"not_picked":["Calling Bell","Lizard Tail"],"picked":"Ectoplasm"},{"not_picked":["Velvet Choker","Eternal Feather"],"picked":"Black Blood"}],"items_purged_floors":[19,30],"is_endless":false,"potions_floor_spawned":[1,4,5,8,12,18,29,31,35,36,41,44],"ascension_level":10}