{"gold_per_floor":[109,109,123,135,148,148,169,169,169,169,202,253,92,92,92,165,165,175,100,114,114,128,128,43,43],"floor_reached":25,"playtime":1180,"items_purged":[],"score":402,"play_id":"bd81a5be-65fc-4bb6-a15d-af113acda836","local_time":"20190820133937","is_ascension_mode":true,"campfire_choices":[{"data":"Streamline","floor":6,"key":"SMITH"},{"data":"Sweeping Beam","floor":8,"key":"SMITH"},{"data":"Coolheaded","floor":10,"key":"SMITH"},{"data":"Defragment","floor":15,"key":"SMITH"},{"data":"Go for the Eyes","floor":23,"key":"SMITH"}],"neow_cost":"NONE","seed_source_timestamp":427450730813972,"circlet_count":0,"master_deck":["AscendersBane","Strike_B","Strike_B","Strike_B","Defend_B","Defend_B","Defend_B","Defend_B","Zap+1","Dualcast","Hello World","Streamline+1","Coolheaded+1","Sweeping Beam+1","Leap","Defragment+1","Amplify","Leap","Compile Driver+1","Go for the Eyes+1"],"relics":["Cracked Core","Odd Mushroom","Pantograph","Blood Vial","Eternal Feather","Regal Pillow"],"potions_floor_usage":[7,21,22],"damage_taken":[{"damage":1,"enemies":"2 Louse","floor":1,"turns":2},{"damage":5,"enemies":"Small Slimes","floor":3,"turns":3},{"damage":2,"enemies":"Jaw Worm","floor":4,"turns":4},{"damage":9,"enemies":"Blue Slaver","floor":5,"turns":4},{"damage":19,"enemies":"The Mushroom Lair","floor":7,"turns":4},{"damage":26,"enemies":"Lagavulin","floor":11,"turns":7},{"damage":26,"enemies":"Hexaghost","floor":16,"turns":11},{"damage":11,"enemies":"3 Byrds","floor":18,"turns":5},{"damage":18,"enemies":"Shell Parasite","floor":20,"turns":7},{"damage":0,"enemies":"Chosen and Byrds","floor":21,"turns":2},{"damage":14,"enemies":"Centurion and Healer","floor":22,"turns":12},{"damage":48,"enemies":"Gremlin Leader","floor":25,"turns":4}],"seed_played":"4389220248922043238","potions_obtained":[{"floor":4,"key":"SmokeBomb"},{"floor":5,"key":"SkillPotion"},{"floor":20,"key":"EssenceOfSteel"}],"is_trial":false,"path_per_floor":["M","?","M","M","M","R","?","R","T","R","E","?","$","$","R","B",null,"M","?","M","M","M","R","?","E"],"character_chosen":"DEFECT","items_purchased":["Blood Vial"],"campfire_rested":0,"item_purchase_floors":[13],"current_hp_per_floor":[63,68,63,61,52,52,33,33,33,33,7,7,7,7,7,8,59,50,50,34,36,24,36,36,0],"gold":43,"neow_bonus":"UPGRADE_CARD","is_prod":false,"is_daily":false,"chose_seed":false,"campfire_upgraded":5,"win_rate":0,"timestamp":1566333577,"path_taken":["M","?","M","M","M","R","?","R","T","R","E","?","?","$","R","BOSS","M","?","M","M","M","R","?","E"],"build_version":"2019-08-15","purchased_purges":0,"victory":false,"max_hp_per_floor":[71,76,76,76,76,76,76,76,76,76,76,76,76,76,76,76,76,76,76,76,76,76,76,76,76],"card_choices":[{"not_picked":["Stack","Scrape"],"picked":"Hello World","floor":1},{"not_picked":["Barrage","Rebound"],"picked":"Streamline","floor":3},{"not_picked":["Gash","Sweeping Beam"],"picked":"Coolheaded","floor":4},{"not_picked":["Compile Driver","Rebound"],"picked":"Sweeping Beam","floor":5},{"not_picked":["Recycle","Melter"],"picked":"Leap","floor":7},{"not_picked":["Redo","Chaos"],"picked":"Defragment","floor":11},{"not_picked":["Machine Learning","Meteor Strike"],"picked":"Amplify","floor":16},{"not_picked":["Streamline","Sweeping Beam"],"picked":"Leap","floor":18},{"not_picked":["Chaos","Rebound"],"picked":"Compile Driver+1","floor":20},{"not_picked":["Double Energy","Heatsinks"],"picked":"Go for the Eyes","floor":22}],"player_experience":3011085,"relics_obtained":[{"floor":7,"key":"Odd Mushroom"},{"floor":11,"key":"Pantograph"}],"event_choices":[{"damage_healed":0,"gold_gain":0,"player_choice":"Donut","damage_taken":0,"max_hp_gain":5,"max_hp_loss":0,"event_name":"Big Fish","floor":2,"gold_loss":0},{"damage_healed":0,"gold_gain":0,"player_choice":"Fought Mushrooms","damage_taken":0,"max_hp_gain":0,"max_hp_loss":0,"event_name":"Mushrooms","floor":7,"gold_loss":0},{"damage_healed":0,"gold_gain":51,"player_choice":"Gained Gold","damage_taken":0,"max_hp_gain":0,"max_hp_loss":0,"event_name":"Golden Wing","floor":12,"gold_loss":0},{"cards_removed":["Strike_B"],"damage_healed":0,"gold_gain":0,"player_choice":"Gave Gold","damage_taken":0,"max_hp_gain":0,"max_hp_loss":0,"event_name":"Beggar","floor":19,"gold_loss":75},{"damage_healed":0,"gold_gain":0,"player_choice":"Obtained Relic","damage_taken":0,"relics_obtained":["Regal Pillow"],"max_hp_gain":0,"max_hp_loss":0,"event_name":"Addict","floor":24,"gold_loss":85}],"is_beta":true,"boss_relics":[{"not_picked":["Black Star","Empty Cage"],"picked":"Eternal Feather"}],"items_purged_floors":[],"is_endless":false,"potions_floor_spawned":[4,5,20],"killed_by":"Gremlin Leader","ascension_level":20}