{"gold_per_floor":[115,190,140,63,63,63,63,238,264,264,264,166,166,185,185,289,289,309,309,8,27,38,71,71,71,71,71,71,71,71,122,122,218,218,228,248,248,248,52,52,67,67,90,90,90,90,90,90,90,90],"floor_reached":50,"playtime":471,"items_purged":["Doubt"],"score":513,"play_id":"2b417f32-efd0-4420-8aa8-b9a8af790430","local_time":"20190902005954","is_ascension_mode":false,"campfire_choices":[{"data":"Whirlwind","floor":7.0,"key":"SMITH"},{"data":"Bash","floor":11.0,"key":"SMITH"},{"data":"Flex","floor":15.0,"key":"SMITH"},{"data":"Defend_R","floor":24.0,"key":"SMITH"},{"data":"Defend_R","floor":29.0,"key":"SMITH"},{"floor":32.0,"key":"REST"},{"floor":40.0,"key":"REST"},{"floor":42.0,"key":"REST"},{"data":"Searing Blow+1","floor":49.0,"key":"SMITH"}],"neow_cost":"PERCENT_DAMAGE","seed_source_timestamp":12015321014428,"circlet_count":0,"master_deck":["Strike_R+1","Strike_R+1","Defend_R+1","Defend_R+1","Defend_R+1","Defend_R+1","Bash+1","Immolate+1","Clash+1","Whirlwind+1","Flex+1","Immolate+1","Clash+1","Fiend Fire+1","Shame","Searing Blow+2"],"special_seed":0,"relics":["Burning Blood","Calipers","Whetstone","Molten Egg 2","Busted Crown","Mummified Hand","Pocketwatch","StoneCalendar","Orichalcum","Strawberry","Cursed Key","Brimstone","Boot"],"potions_floor_usage":[50,50,50],"damage_taken":[{"damage":0.0,"enemies":"Cultist","floor":1.0,"turns":3.0},{"damage":0.0,"enemies":"2 Louse","floor":14.0,"turns":2.0},{"damage":0.0,"enemies":"Slime Boss","floor":16.0,"turns":4.0},{"damage":0.0,"enemies":"Chosen","floor":18.0,"turns":3.0},{"damage":10.0,"enemies":"2 Thieves","floor":21.0,"turns":2.0},{"damage":0.0,"enemies":"Centurion and Healer","floor":22.0,"turns":2.0},{"damage":31.0,"enemies":"Gremlin Leader","floor":23.0,"turns":4.0},{"damage":49.0,"enemies":"Automaton","floor":33.0,"turns":8.0},{"damage":4.0,"enemies":"Orb Walker","floor":35.0,"turns":2.0},{"damage":4.0,"enemies":"3 Shapes","floor":36.0,"turns":1.0},{"damage":16.0,"enemies":"Writhing Mass","floor":41.0,"turns":2.0},{"damage":9.0,"enemies":"4 Shapes","floor":46.0,"turns":1.0},{"damage":105,"enemies":"Time Eater","floor":50,"turns":6}],"seed_played":"778665428990050129","potions_obtained":[{"floor":14.0,"key":"AttackPotion"},{"floor":18.0,"key":"PowerPotion"},{"floor":23.0,"key":"LiquidBronze"},{"floor":33.0,"key":"LiquidBronze"}],"is_trial":false,"path_per_floor":["M","?","?","$","?","?","R","?","T","?","R","$","T","M","R","B",null,"M","T","$","M","M","E","R","$","T","?","?","R","?","T","R","B",null,"M","M","?","?","$","R","M","R","T","?","$","M","$","?","R","B"],"character_chosen":"IRONCLAD","items_purchased":["Whirlwind","Flex","Pocketwatch","Brimstone"],"campfire_rested":3,"item_purchase_floors":[4,12,20,39],"current_hp_per_floor":[62,51,51,51,51,48,48,48,48,53,53,53,53,59,59,65,85,85,85,85,81,85,60,60,60,60,60,60,60,60,67,92,49,92,92,92,92,87,87,87,77,87,87,87,87,84,84,84,84,0],"gold":90,"neow_bonus":"THREE_RARE_CARDS","is_prod":false,"is_daily":false,"chose_seed":false,"campfire_upgraded":6,"win_rate":0,"timestamp":1567407594,"path_taken":["M","?","?","$","?","?","R","?","T","?","R","?","?","M","R","BOSS","M","?","$","M","M","E","R","$","T","?","?","R","?","?","R","BOSS","M","M","?","?","?","R","M","R","T","?","$","M","$","?","R","BOSS"],"build_version":"2019-07-17","purchased_purges":1,"victory":false,"max_hp_per_floor":[80,80,80,80,80,80,80,80,80,85,85,85,85,85,85,85,85,85,85,85,85,85,85,85,85,85,85,85,85,85,92,92,92,92,92,92,92,87,87,87,87,87,87,87,87,87,87,87,87,87],"card_choices":[{"not_picked":["Demon Form","Bludgeon"],"picked":"Immolate","floor":0.0},{"not_picked":["Body Slam","Havoc"],"picked":"Clash","floor":1.0},{"not_picked":["Shrug It Off","Pommel Strike+1","Searing Blow+1"],"picked":"SKIP","floor":14.0},{"not_picked":["Double Tap","Exhume"],"picked":"Immolate+1","floor":16.0},{"not_picked":["Iron Wave+1"],"picked":"SKIP","floor":18.0},{"not_picked":["Body Slam+1"],"picked":"SKIP","floor":21.0},{"not_picked":["Body Slam+1"],"picked":"SKIP","floor":22.0},{"not_picked":["Iron Wave+1"],"picked":"SKIP","floor":23.0},{"not_picked":[],"picked":"Fiend Fire+1","floor":33.0},{"not_picked":["Hemokinesis+1"],"picked":"SKIP","floor":35.0},{"not_picked":["Anger+1"],"picked":"SKIP","floor":36.0},{"not_picked":["Infernal Blade"],"picked":"SKIP","floor":41.0},{"not_picked":["Heavy Blade+1"],"picked":"SKIP","floor":46.0}],"player_experience":1704628,"relics_obtained":[{"floor":9.0,"key":"Whetstone"},{"floor":13.0,"key":"Molten Egg 2"},{"floor":19.0,"key":"Mummified Hand"},{"floor":23.0,"key":"StoneCalendar"},{"floor":26.0,"key":"Orichalcum"},{"floor":31.0,"key":"Strawberry"},{"floor":43.0,"key":"Boot"}],"event_choices":[{"damage_healed":0.0,"max_hp_gain":0.0,"max_hp_loss":0.0,"gold_gain":75.0,"event_name":"World of Goop","player_choice":"Gather Gold","floor":2.0,"gold_loss":0.0,"damage_taken":11.0},{"cards_removed":["Strike_R"],"damage_healed":0.0,"max_hp_gain":0.0,"max_hp_loss":0.0,"gold_gain":0.0,"event_name":"The Cleric","player_choice":"Card Removal","floor":3.0,"gold_loss":50.0,"damage_taken":0.0},{"damage_healed":0.0,"max_hp_gain":0.0,"max_hp_loss":0.0,"gold_gain":0.0,"event_name":"Living Wall","player_choice":"Grow","floor":5.0,"gold_loss":0.0,"damage_taken":0.0,"cards_upgraded":["Immolate"]},{"damage_healed":0.0,"max_hp_gain":0.0,"max_hp_loss":0.0,"gold_gain":0.0,"event_name":"Scrap Ooze","player_choice":"Success","floor":6.0,"gold_loss":0.0,"damage_taken":3.0,"relics_obtained":["Calipers"]},{"damage_healed":0.0,"max_hp_gain":0.0,"max_hp_loss":0.0,"gold_gain":175.0,"event_name":"Liars Game","player_choice":"AGREE","floor":8.0,"gold_loss":0.0,"damage_taken":0.0,"cards_obtained":["Doubt"]},{"damage_healed":0.0,"max_hp_gain":5.0,"max_hp_loss":0.0,"gold_gain":0.0,"event_name":"Big Fish","player_choice":"Donut","floor":10.0,"gold_loss":0.0,"damage_taken":0.0},{"damage_healed":0.0,"max_hp_gain":0.0,"max_hp_loss":0.0,"gold_gain":0.0,"event_name":"Ghosts","player_choice":"Ignored","floor":27.0,"gold_loss":0.0,"damage_taken":0.0},{"damage_healed":0.0,"max_hp_gain":0.0,"max_hp_loss":0.0,"gold_gain":0.0,"event_name":"The Library","player_choice":"Read","floor":28.0,"gold_loss":0.0,"damage_taken":0.0,"cards_obtained":["Clash"]},{"damage_healed":0.0,"max_hp_gain":0.0,"max_hp_loss":0.0,"gold_gain":0.0,"event_name":"Back to Basics","player_choice":"Simplicity","floor":30.0,"gold_loss":0.0,"damage_taken":0.0,"cards_upgraded":["Strike_R","Strike_R","Strike_R","Defend_R","Defend_R"]},{"damage_healed":0.0,"max_hp_gain":0.0,"max_hp_loss":0.0,"gold_gain":0.0,"event_name":"SensoryStone","player_choice":"Memory 1","floor":37.0,"gold_loss":0.0,"damage_taken":0.0},{"damage_healed":0.0,"max_hp_gain":0.0,"max_hp_loss":5.0,"gold_gain":0.0,"event_name":"Winding Halls","player_choice":"Max HP","floor":38.0,"gold_loss":0.0,"damage_taken":0.0},{"cards_removed":["Strike_R"],"damage_healed":0.0,"max_hp_gain":0.0,"max_hp_loss":0.0,"gold_gain":0.0,"event_name":"Falling","player_choice":"Removed Attack","floor":44.0,"gold_loss":0.0,"damage_taken":0.0},{"damage_healed":0.0,"max_hp_gain":0.0,"max_hp_loss":0.0,"gold_gain":0.0,"cards_transformed":["Strike_R"],"event_name":"Transmorgrifier","player_choice":"Transformed","floor":48.0,"gold_loss":0.0,"damage_taken":0.0,"cards_obtained":["Searing Blow"]}],"is_beta":false,"boss_relics":[{"not_picked":["Orrery","Velvet Choker"],"picked":"Busted Crown"},{"not_picked":["Mark of Pain","Empty Cage"],"picked":"Cursed Key"}],"items_purged_floors":[12],"is_endless":false,"potions_floor_spawned":[14,18,23,33,35,36],"killed_by":"Time Eater","ascension_level":0}