{"gold_per_floor":[19,19,34,34,54,80,80,92,92,92,106,106,106,121,121,193,193,203,118,118,137,44,44,60,78,132,132,149,149,167,167,167,245,245,258,1257,459,472,351,382,382,398,398,29,43,69,0,15,15,15,15],"floor_reached":52,"playtime":2221,"items_purged":["Normality","Normality","Strike_B"],"score":2132,"play_id":"1d247074-8f05-43c9-b390-7eb74f67ead1","local_time":"20180929023442","is_ascension_mode":true,"campfire_choices":[{"floor":7.0,"key":"REST"},{"data":"Buffer","floor":12.0,"key":"SMITH"},{"data":"Loop","floor":15.0,"key":"SMITH"},{"data":"Defragment","floor":23.0,"key":"SMITH"},{"data":"Capacitor","floor":27.0,"key":"SMITH"},{"floor":32.0,"key":"REST"},{"data":"Defragment","floor":41.0,"key":"SMITH"},{"data":"Buffer","floor":49,"key":"SMITH"}],"neow_cost":"NO_GOLD","seed_source_timestamp":1337537687251033,"circlet_count":0,"master_deck":["Defend_B","Defend_B","Defend_B+1","Defend_B","Zap","Dualcast","AscendersBane","Electrodynamics+1","Glacier","Ball Lightning","Coolheaded","Buffer+1","Chaos+1","Loop+1","Coolheaded","Seek","Cold Snap+1","Lockon+1","Force Field+1","Capacitor+1","Capacitor","Defragment+1","Double Energy+1","BootSequence+1","Fission+1","Darkness+1","Echo Form","Leap+1","Chaos+1","Rainbow+1","Storm","Panache","Madness+1","White Noise+1","Defragment+1","Hologram+1","Coolheaded+1","Buffer+1","Consume+1","Bandage Up+1","Chill+1","Skim+1"],"special_seed":0,"relics":["Cracked Core","Mummified Hand","Pantograph","Astrolabe","Toxic Egg 2","Dream Catcher","Enchiridion","Sozu","Membership Card","StoneCalendar","Symbiotic Virus","Strange Spoon","Lantern","Juzu Bracelet","Red Mask"],"potions_floor_usage":[51],"damage_taken":[{"damage":9.0,"enemies":"2 Louse","floor":1.0,"turns":2.0},{"damage":0.0,"enemies":"Small Slimes","floor":3.0,"turns":1.0},{"damage":0.0,"enemies":"Jaw Worm","floor":5.0,"turns":3.0},{"damage":15.0,"enemies":"3 Sentries","floor":6.0,"turns":3.0},{"damage":6.0,"enemies":"3 Louse","floor":8.0,"turns":3.0},{"damage":0.0,"enemies":"2 Fungi Beasts","floor":11.0,"turns":2.0},{"damage":0.0,"enemies":"Blue Slaver","floor":14.0,"turns":3.0},{"damage":0.0,"enemies":"Slime Boss","floor":16.0,"turns":7.0},{"damage":0.0,"enemies":"Chosen","floor":18.0,"turns":5.0},{"damage":0.0,"enemies":"Shell Parasite","floor":20.0,"turns":1.0},{"damage":0.0,"enemies":"Snecko","floor":21.0,"turns":6.0},{"damage":0.0,"enemies":"Chosen and Byrds","floor":24.0,"turns":5.0},{"damage":2.0,"enemies":"Cultist and Chosen","floor":25.0,"turns":5.0},{"damage":0.0,"enemies":"Centurion and Healer","floor":28.0,"turns":4.0},{"damage":0.0,"enemies":"3 Cultists","floor":30.0,"turns":4.0},{"damage":6.0,"enemies":"Automaton","floor":33.0,"turns":7.0},{"damage":0.0,"enemies":"3 Shapes","floor":35.0,"turns":1.0},{"damage":7.0,"enemies":"Orb Walker","floor":38.0,"turns":3.0},{"damage":4.0,"enemies":"Nemesis","floor":40.0,"turns":7.0},{"damage":0.0,"enemies":"4 Shapes","floor":42.0,"turns":5.0},{"damage":20.0,"enemies":"3 Darklings","floor":45.0,"turns":5.0},{"damage":0,"enemies":"2 Orb Walkers","floor":46,"turns":4},{"damage":0,"enemies":"Transient","floor":48,"turns":6},{"damage":21,"enemies":"Donu and Deca","floor":50,"turns":7},{"damage":0,"enemies":"Awakened One","floor":51,"turns":12}],"seed_played":"-2921545369359057798","potions_obtained":[{"floor":5.0,"key":"Poison Potion"},{"floor":8.0,"key":"FocusPotion"},{"floor":11.0,"key":"SmokeBomb"},{"floor":21.0,"key":"Swift Potion"}],"is_trial":false,"path_per_floor":["M","?","M","?","M","E","R","M","T","?","M","R","?","M","R","B",null,"M","?","M","M","$","R","M","M","T","R","M","?","M","?","R","B",null,"M","?","$","M","$","E","R","M","T","$","M","E","?","M","R","B","B"],"character_chosen":"DEFECT","items_purchased":["Defragment","Membership Card","StoneCalendar","Chaos+1","Rainbow+1","Storm","Panache","Madness+1","Defragment","Hologram+1","Consume+1","Strange Spoon","Bandage Up+1","Lantern"],"campfire_rested":2,"item_purchase_floors":[22,37,37,37,37,37,37,37,39,39,44,44,44,44],"current_hp_per_floor":[55,34,34,34,34,19,40,34,34,39,39,39,39,39,39,64,73,73,73,73,73,73,73,73,71,71,71,71,71,71,50,72,70,75,75,75,75,68,68,64,64,64,64,64,56,56,56,68,68,61,76],"gold":15,"neow_bonus":"THREE_RARE_CARDS","is_prod":false,"is_daily":false,"chose_seed":false,"campfire_upgraded":6,"win_rate":0,"timestamp":1538213682,"path_taken":["M","?","M","?","M","E","R","M","T","?","M","R","?","M","R","BOSS","M","?","M","M","$","R","M","M","T","R","M","?","M","?","R","BOSS","M","?","?","?","$","E","R","M","T","$","M","E","?","M","R","BOSS","BOSS"],"build_version":"2018-09-27","purchased_purges":3,"victory":true,"max_hp_per_floor":[71,71,71,71,71,71,71,71,71,76,76,76,76,76,76,76,76,76,76,76,76,76,76,76,76,76,76,76,76,76,76,76,76,76,76,76,76,76,76,76,76,76,76,76,76,76,76,76,76,76,76],"card_choices":[{"not_picked":["Reboot","Machine Learning"],"picked":"Electrodynamics","floor":0.0},{"not_picked":["Rebound","Beam Cell"],"picked":"Glacier","floor":1.0},{"not_picked":["Redo","Barrage"],"picked":"Ball Lightning","floor":3.0},{"not_picked":["Barrage","Steam Power"],"picked":"Coolheaded","floor":5.0},{"not_picked":["Beam Cell","Double Energy"],"picked":"Buffer","floor":6.0},{"not_picked":["Beam Cell","Aggregate"],"picked":"Chaos","floor":8.0},{"not_picked":["Sweeping Beam","Streamline"],"picked":"Loop","floor":11.0},{"not_picked":["Lockon","Go for the Eyes"],"picked":"Coolheaded","floor":14.0},{"not_picked":["All For One","Rainbow"],"picked":"Seek","floor":16.0},{"not_picked":["Genetic Algorithm+1","Redo"],"picked":"Capacitor","floor":18.0},{"not_picked":["BootSequence+1","Sweeping Beam"],"picked":"Capacitor","floor":21.0},{"not_picked":["Cold Snap","Beam Cell","Sweeping Beam"],"picked":"SKIP","floor":24.0},{"not_picked":["Streamline","Turbo+1"],"picked":"Double Energy+1","floor":25.0},{"not_picked":["Streamline","Auto Shields+1"],"picked":"BootSequence+1","floor":28.0},{"not_picked":["Rebound+1","Streamline","Ball Lightning"],"picked":"SKIP","floor":30.0},{"not_picked":["Go for the Eyes","Meteor Strike"],"picked":"Darkness+1","floor":32.0},{"not_picked":["Meteor Strike","Amplify+1"],"picked":"Echo Form","floor":33.0},{"not_picked":["Rebound","Barrage"],"picked":"Leap+1","floor":35.0},{"not_picked":["Recycle+1","Rebound"],"picked":"White Noise+1","floor":38.0},{"not_picked":["Loop","Steam Power+1"],"picked":"Coolheaded+1","floor":40.0},{"not_picked":["Stack+1","Aggregate+1"],"picked":"Buffer","floor":42.0},{"not_picked":["Hologram+1","Gash+1"],"picked":"Chill+1","floor":45.0},{"not_picked":["Lockon","Compile Driver"],"picked":"Skim+1","floor":46},{"not_picked":["Reprogram+1","Beam Cell","Ball Lightning"],"picked":"SKIP","floor":48}],"player_experience":2432691,"relics_obtained":[{"floor":6.0,"key":"Mummified Hand"},{"floor":9.0,"key":"Pantograph"},{"floor":26.0,"key":"Dream Catcher"},{"floor":31.0,"key":"Enchiridion"},{"floor":43.0,"key":"Symbiotic Virus"},{"floor":46,"key":"Juzu Bracelet"}],"event_choices":[{"event_name":"Shining Light","player_choice":"Entered Light","floor":2.0,"damage_taken":0.0},{"event_name":"The Cleric","player_choice":"Leave","floor":4.0,"damage_taken":0.0},{"event_name":"Big Fish","player_choice":"Donut","floor":10.0,"damage_taken":0.0},{"event_name":"Living Wall","player_choice":"Grow","floor":13.0,"damage_taken":0.0},{"event_name":"Addict","player_choice":"Obtained Relic","floor":19.0,"damage_taken":0.0},{"event_name":"The Library","player_choice":"Read","floor":29.0,"damage_taken":0.0},{"event_name":"Cursed Tome","player_choice":"Obtained Book","floor":31.0,"damage_taken":0.0},{"event_name":"MindBloom","player_choice":"Gold","floor":36.0,"damage_taken":0.0},{"event_name":"Tomb of Lord Red Mask","player_choice":"Paid","floor":47,"damage_taken":0}],"is_beta":true,"boss_relics":[{"not_picked":["Runic Pyramid","Black Star"],"picked":"Astrolabe"},{"not_picked":["Velvet Choker","Inserter"],"picked":"Sozu"}],"items_purged_floors":[37,39,44],"is_endless":false,"potions_floor_spawned":[5,8,11,16,18,21,28,35,40,42,45],"ascension_level":20}