{"gold_per_floor":[109,109,120,195,195,227,227,262,262,262,291,261,290,290,290,387,387,402,17,17,17,34,34,60,60,86,99,124,134,134,146,146,250,250,269,269,269,194,294,294,294,143,169,202,77,95,95,124,124,124],"floor_reached":50,"playtime":2833,"items_purged":["Strike_R","Strike_R","Power Through"],"score":726,"play_id":"9c339453-0358-4bf7-a2b4-f11ab4ba2ded","local_time":"20190818174347","is_ascension_mode":true,"campfire_choices":[{"data":"Immolate","floor":7,"key":"SMITH"},{"data":"Bash","floor":10,"key":"SMITH"},{"data":"Entrench","floor":15,"key":"SMITH"},{"data":"Panache","floor":23,"key":"SMITH"},{"data":"Dark Embrace","floor":30,"key":"SMITH"},{"floor":32,"key":"REST"},{"floor":40,"key":"REST"},{"data":"Madness","floor":49,"key":"SMITH"}],"neow_cost":"NONE","seed_source_timestamp":24177518315840,"circlet_count":0,"master_deck":["Defend_R","Defend_R+1","Defend_R","Defend_R","Bash+1","True Grit+1","Immolate+1","Bludgeon","Entrench+1","Dark Embrace+1","Double Tap+1","Metallicize+1","Dropkick+1","Exhume+1","Dropkick+1","Panache+1","Exhume+1","Clothesline+1","Shrug It Off+1","Bloodletting+1","Feel No Pain+1","Brutality","Fire Breathing","Madness+1","Madness+1","Warcry","Brutality","Seeing Red"],"relics":["Burning Blood","NeowsBlessing","Meat on the Bone","Strawberry","Shuriken","Orichalcum","Juzu Bracelet","Letter Opener","Astrolabe","TheAbacus","Bottled Tornado","Dream Catcher","Regal Pillow","Runic Pyramid","Unceasing Top","Pen Nib","War Paint","Anchor"],"potions_floor_usage":[11,18,33,33,33,33,33,39,44,50,50,50],"damage_taken":[{"damage":0,"enemies":"2 Louse","floor":1,"turns":1},{"damage":0,"enemies":"Jaw Worm","floor":3,"turns":1},{"damage":0,"enemies":"Gremlin Nob","floor":6,"turns":1},{"damage":10,"enemies":"3 Sentries","floor":8,"turns":4},{"damage":5,"enemies":"Lagavulin","floor":11,"turns":4},{"damage":13,"enemies":"Gremlin Nob","floor":13,"turns":4},{"damage":43,"enemies":"Slime Boss","floor":16,"turns":9},{"damage":7,"enemies":"Shell Parasite","floor":18,"turns":3},{"damage":13,"enemies":"Chosen","floor":22,"turns":5},{"damage":41,"enemies":"Book of Stabbing","floor":24,"turns":7},{"damage":25,"enemies":"Snake Plant","floor":27,"turns":4},{"damage":9,"enemies":"Snecko","floor":29,"turns":5},{"damage":31,"enemies":"Sentry and Sphere","floor":31,"turns":9},{"damage":73,"enemies":"Automaton","floor":33,"turns":14},{"damage":30,"enemies":"3 Shapes","floor":35,"turns":7},{"damage":32,"enemies":"Mind Bloom Boss Battle","floor":39,"turns":7},{"damage":29,"enemies":"Reptomancer","floor":44,"turns":4},{"damage":19,"enemies":"3 Darklings","floor":46,"turns":4},{"damage":21,"enemies":"Giant Head","floor":48,"turns":6},{"damage":71,"enemies":"Awakened One","floor":50,"turns":4}],"seed_played":"1924618320484326439","potions_obtained":[{"floor":1,"key":"Fire Potion"},{"floor":8,"key":"FearPotion"},{"floor":12,"key":"SneckoOil"},{"floor":12,"key":"SteroidPotion"},{"floor":24,"key":"EntropicBrew"},{"floor":29,"key":"Regen Potion"},{"floor":33,"key":"Regen Potion"},{"floor":39,"key":"Dexterity Potion"},{"floor":47,"key":"Regen Potion"},{"floor":47,"key":"PowerPotion"}],"is_trial":false,"path_per_floor":["M","?","M","?","?","E","R","E","T","R","E","?","E","?","R","B",null,"M","$","?","?","M","R","E","?","T","M","T","M","R","M","R","B",null,"M","?","?","$","?","R","?","$","T","E","$","M","?","E","R","B"],"character_chosen":"IRONCLAD","items_purchased":["Panache","TheAbacus","Warcry"],"campfire_rested":2,"item_purchase_floors":[19,19,42],"current_hp_per_floor":[80,85,85,74,74,80,80,83,83,83,84,84,77,70,70,45,92,91,91,73,73,66,66,43,43,43,36,36,45,45,32,76,36,97,73,73,61,61,47,91,91,91,91,73,73,60,60,57,57,0],"gold":124,"neow_bonus":"THREE_ENEMY_KILL","is_prod":false,"is_daily":false,"chose_seed":false,"campfire_upgraded":6,"win_rate":0,"timestamp":1566117827,"path_taken":["M","?","M","?","?","E","R","E","T","R","E","?","E","?","R","BOSS","M","$","?","?","M","R","E","?","T","M","?","M","R","M","R","BOSS","M","?","?","$","?","R","?","$","T","E","?","M","?","E","R","BOSS"],"build_version":"2019-07-17","purchased_purges":3,"victory":false,"max_hp_per_floor":[80,85,85,85,85,85,85,92,92,92,92,92,92,92,92,92,92,92,92,97,97,97,97,97,97,97,97,97,97,97,97,97,97,97,97,97,97,97,97,97,97,97,97,97,97,97,97,97,97,97],"card_choices":[{"not_picked":["Sword Boomerang","Evolve"],"picked":"Power Through","floor":1},{"not_picked":["Sever Soul","Headbutt"],"picked":"True Grit","floor":3},{"not_picked":["Warcry","True Grit"],"picked":"Immolate","floor":6},{"not_picked":["Iron Wave","Clothesline"],"picked":"Bludgeon","floor":8},{"not_picked":["Inflame","Flame Barrier"],"picked":"Entrench","floor":11},{"not_picked":["Shockwave","Sever Soul"],"picked":"Dark Embrace","floor":13},{"not_picked":["Barricade","Exhume"],"picked":"Double Tap","floor":16},{"not_picked":["Flame Barrier","Havoc"],"picked":"Dropkick+1","floor":18},{"not_picked":["Seeing Red","Fire Breathing"],"picked":"Clothesline+1","floor":22},{"not_picked":["Spot Weakness+1","Body Slam"],"picked":"Shrug It Off+1","floor":24},{"not_picked":["Flex","Sentinel"],"picked":"Bloodletting+1","floor":27},{"not_picked":["Sword Boomerang","Entrench"],"picked":"Feel No Pain+1","floor":29},{"not_picked":["Wild Strike","Spot Weakness","Perfected Strike"],"picked":"SKIP","floor":31},{"not_picked":["Perfected Strike","Whirlwind"],"picked":"Brutality","floor":32},{"not_picked":["Impervious","Demon Form"],"picked":"Limit Break","floor":33},{"not_picked":["Feel No Pain+1","Rupture+1"],"picked":"Fire Breathing","floor":35},{"not_picked":["Blood for Blood","Thunderclap+1"],"picked":"Brutality","floor":44},{"not_picked":["Shrug It Off+1","Sword Boomerang+1","Clash"],"picked":"SKIP","floor":46},{"not_picked":["Wild Strike","Rage"],"picked":"Seeing Red","floor":48}],"player_experience":179778,"relics_obtained":[{"floor":6,"key":"Meat on the Bone"},{"floor":8,"key":"Strawberry"},{"floor":9,"key":"Shuriken"},{"floor":11,"key":"Orichalcum"},{"floor":13,"key":"Juzu Bracelet"},{"floor":24,"key":"Bottled Tornado"},{"floor":26,"key":"Dream Catcher"},{"floor":28,"key":"Regal Pillow"},{"floor":39,"key":"Unceasing Top"},{"floor":43,"key":"Pen Nib"},{"floor":44,"key":"War Paint"},{"floor":48,"key":"Anchor"}],"event_choices":[{"damage_healed":0,"gold_gain":0,"player_choice":"Donut","damage_taken":0,"max_hp_gain":5,"max_hp_loss":0,"event_name":"Big Fish","floor":2,"gold_loss":0},{"damage_healed":0,"gold_gain":75,"player_choice":"Gather Gold","damage_taken":11,"max_hp_gain":0,"max_hp_loss":0,"event_name":"World of Goop","floor":4,"gold_loss":0},{"damage_healed":0,"gold_gain":0,"player_choice":"Grow","damage_taken":0,"max_hp_gain":0,"max_hp_loss":0,"event_name":"Living Wall","floor":5,"gold_loss":0,"cards_upgraded":["True Grit"]},{"damage_healed":0,"gold_gain":0,"player_choice":"Bought 2 Potions","damage_taken":0,"max_hp_gain":0,"max_hp_loss":0,"event_name":"The Woman in Blue","floor":12,"gold_loss":0},{"damage_healed":0,"gold_gain":0,"player_choice":"Success","damage_taken":7,"relics_obtained":["Letter Opener"],"max_hp_gain":0,"max_hp_loss":0,"event_name":"Scrap Ooze","floor":14,"gold_loss":0},{"damage_healed":0,"gold_gain":0,"player_choice":"Shed Blood","damage_taken":23,"max_hp_gain":5,"max_hp_loss":0,"event_name":"Forgotten Altar","floor":20,"gold_loss":0},{"damage_healed":0,"gold_gain":0,"player_choice":"Copied","damage_taken":0,"max_hp_gain":0,"max_hp_loss":0,"event_name":"Duplicator","floor":21,"gold_loss":0,"cards_obtained":["Exhume"]},{"damage_healed":0,"gold_gain":0,"player_choice":"Upgraded","damage_taken":0,"max_hp_gain":0,"max_hp_loss":0,"event_name":"Upgrade Shrine","floor":25,"gold_loss":0,"cards_upgraded":["Double Tap"]},{"damage_healed":0,"gold_gain":0,"player_choice":"Ignored","damage_taken":0,"max_hp_gain":0,"max_hp_loss":0,"event_name":"Tomb of Lord Red Mask","floor":36,"gold_loss":0},{"damage_healed":0,"gold_gain":0,"player_choice":"Embrace Madness","damage_taken":12,"max_hp_gain":0,"max_hp_loss":0,"event_name":"Winding Halls","floor":37,"gold_loss":0,"cards_obtained":["Madness","Madness"]},{"damage_healed":0,"gold_gain":0,"player_choice":"Fight","damage_taken":0,"max_hp_gain":0,"max_hp_loss":0,"event_name":"MindBloom","floor":39,"gold_loss":0},{"cards_removed":["Limit Break"],"damage_healed":0,"gold_gain":0,"player_choice":"Removed Skill","damage_taken":0,"max_hp_gain":0,"max_hp_loss":0,"event_name":"Falling","floor":41,"gold_loss":0},{"damage_healed":0,"gold_gain":0,"player_choice":"Got Potions","damage_taken":0,"max_hp_gain":0,"max_hp_loss":0,"event_name":"Lab","floor":47,"gold_loss":0}],"is_beta":false,"boss_relics":[{"not_picked":["Tiny House","Empty Cage"],"picked":"Astrolabe"},{"not_picked":["Sozu","Coffee Dripper"],"picked":"Runic Pyramid"}],"items_purged_floors":[38,42,45],"is_endless":false,"potions_floor_spawned":[1,8,13,24,29,31,33,39,48],"killed_by":"Awakened One","ascension_level":4}