{"gold_per_floor":[116,291,307,321,338,338,371,418,498,498,517,517,517,837,837,941,941,953,953,953,971,971,1000,1000,1020,1020,74,74,94,94,106,106,201,201,221,240,220,236,35,46,46,0,0,0,0,16,34,50,50,50],"floor_reached":51,"playtime":2491,"items_purged":["Normality"],"score":798,"play_id":"fcee1d2f-d31f-4c60-a549-85617dd76da7","local_time":"20190901230003","daily_mods":["Cursed Run","Vintage","Terminal"],"is_ascension_mode":false,"campfire_choices":[{"data":"Neutralize","floor":6,"key":"SMITH"},{"data":"Noxious Fumes","floor":10,"key":"SMITH"},{"floor":13,"key":"DIG"},{"floor":15,"key":"DIG"},{"floor":24,"key":"DIG"},{"data":"Noxious Fumes","floor":28,"key":"SMITH"},{"floor":30,"key":"DIG"},{"floor":32,"key":"DIG"},{"floor":41,"key":"DIG"},{"floor":44,"key":"DIG"},{"floor":49,"key":"DIG"}],"neow_cost":"","seed_source_timestamp":0,"circlet_count":0,"master_deck":["Strike_G","Strike_G+1","Strike_G","Strike_G+1","Strike_G","Defend_G","Defend_G","Defend_G","Defend_G","Defend_G","Survivor","Neutralize+1","Noxious Fumes+1","Night Terror+1","J.A.X.+1","Catalyst+1","Corpse Explosion+1","Deadly Poison+1","Noxious Fumes+1","Poisoned Stab","Good Instincts+1","Malaise+1","Expertise+1","Magnetism+1","Acrobatics+1","Regret"],"relics":["Cursed Key","Darkstone Periapt","Du-Vu Doll","Smiling Mask","Shovel","Bag of Preparation","Lantern","Tiny Chest","Toxic Egg 2","Bronze Scales","Unceasing Top","Old Coin","Centennial Puzzle","Coffee Dripper","Ornamental Fan","Calipers","Nunchaku","Snake Skull","Bottled Lightning","WingedGreaves","Whetstone","Potion Belt","OrangePellets","Mummified Hand","Gremlin Horn","Frozen Egg 2","Matryoshka","Calling Bell","Strawberry","Singing Bowl","Ice Cream","Bottled Tornado","Vajra","Bag of Marbles","Paper Crane","Dream Catcher","Letter Opener","Gambling Chip","Blue Candle","Oddly Smooth Stone","Blood Vial"],"potions_floor_usage":[5,16,16,16,23,25,25,35,35],"damage_taken":[{"damage":0,"enemies":"2 Louse","floor":1,"turns":3},{"damage":0,"enemies":"Small Slimes","floor":3,"turns":3},{"damage":0,"enemies":"Jaw Worm","floor":4,"turns":4},{"damage":0,"enemies":"Large Slime","floor":5,"turns":8},{"damage":27,"enemies":"3 Sentries","floor":7,"turns":13},{"damage":0,"enemies":"Exordium Wildlife","floor":8,"turns":6},{"damage":0,"enemies":"Exordium Thugs","floor":11,"turns":5},{"damage":0,"enemies":"3 Louse","floor":14,"turns":3},{"damage":29,"enemies":"Slime Boss","floor":16,"turns":10},{"damage":0,"enemies":"3 Byrds","floor":18,"turns":3},{"damage":3,"enemies":"Shell Parasite","floor":21,"turns":4},{"damage":28,"enemies":"Book of Stabbing","floor":23,"turns":6},{"damage":13,"enemies":"Snake Plant","floor":25,"turns":2},{"damage":3,"enemies":"Centurion and Healer","floor":29,"turns":4},{"damage":3,"enemies":"3 Cultists","floor":31,"turns":3},{"damage":24,"enemies":"Champ","floor":33,"turns":8},{"damage":6,"enemies":"Orb Walker","floor":35,"turns":3},{"damage":5,"enemies":"3 Shapes","floor":36,"turns":4},{"damage":24,"enemies":"Sphere and 2 Shapes","floor":38,"turns":5},{"damage":16,"enemies":"Writhing Mass","floor":40,"turns":4},{"damage":0,"enemies":"Jaw Worm Horde","floor":46,"turns":2},{"damage":6,"enemies":"4 Shapes","floor":47,"turns":3},{"damage":0,"enemies":"3 Darklings","floor":48,"turns":2},{"damage":7,"enemies":"Donu and Deca","floor":50,"turns":5}],"seed_played":"3299069394471442619","potions_obtained":[{"floor":3,"key":"Fire Potion"},{"floor":4,"key":"Dexterity Potion"},{"floor":7,"key":"SpeedPotion"},{"floor":8,"key":"SmokeBomb"},{"floor":14,"key":"LiquidBronze"},{"floor":21,"key":"Strength Potion"},{"floor":22,"key":"Strength Potion"},{"floor":22,"key":"Block Potion"},{"floor":29,"key":"FearPotion"},{"floor":33,"key":"EntropicBrew"},{"floor":37,"key":"LiquidBronze"}],"is_trial":true,"path_per_floor":["M","?","M","M","M","R","E","M","T","R","M","?","R","M","R","B",null,"M","?","?","M","?","E","R","M","T","$","R","M","R","M","R","B",null,"M","M","?","M","$","M","R","$","T","R","?","M","M","M","R","B",null],"character_chosen":"THE_SILENT","items_purchased":["Corpse Explosion+1","Deadly Poison+1","Noxious Fumes","Whetstone","Poisoned Stab","Good Instincts+1","Potion Belt","OrangePellets","Expertise+1","Magnetism+1","Acrobatics+1"],"campfire_rested":0,"item_purchase_floors":[27,27,27,27,27,27,27,27,39,39,42],"current_hp_per_floor":[68,73,72,71,70,69,42,42,48,48,48,54,54,54,54,31,76,75,80,79,76,76,48,48,35,41,41,41,38,38,35,35,17,102,96,91,91,67,67,51,51,51,57,57,57,57,51,51,51,52],"gold":50,"neow_bonus":"","is_prod":false,"is_daily":false,"chose_seed":false,"campfire_upgraded":3,"win_rate":0,"timestamp":1567371603,"path_taken":["M","?","M","M","M","R","E","M","T","R","M","?","R","?","R","BOSS","M","?","?","M","?","E","R","M","T","$","R","M","R","M","R","BOSS","M","?","?","M","$","M","R","?","T","R","?","?","M","M","R","BOSS"],"build_version":"2019-06-28","purchased_purges":1,"victory":true,"max_hp_per_floor":[68,73,72,71,70,69,68,67,72,71,70,75,74,73,72,77,76,75,80,79,78,77,76,75,74,79,78,77,76,75,74,73,78,102,101,100,99,98,97,96,95,94,99,98,94,93,92,91,90,95],"card_choices":[{"not_picked":["Heel Hook","Blur"],"picked":"Noxious Fumes","floor":7},{"not_picked":["Venomology+1","Phantasmal Killer+1"],"picked":"Night Terror+1","floor":16},{"not_picked":["Flying Knee","Bane"],"picked":"Catalyst+1","floor":23},{"not_picked":["Doppelganger+1","Bullet Time+1"],"picked":"Malaise+1","floor":33}],"player_experience":166918,"relics_obtained":[{"floor":1,"key":"Smiling Mask"},{"floor":3,"key":"Shovel"},{"floor":5,"key":"Bag of Preparation"},{"floor":7,"key":"Lantern"},{"floor":8,"key":"Tiny Chest"},{"floor":9,"key":"Toxic Egg 2"},{"floor":11,"key":"Bronze Scales"},{"floor":13,"key":"Unceasing Top"},{"floor":14,"key":"Old Coin"},{"floor":15,"key":"Centennial Puzzle"},{"floor":18,"key":"Ornamental Fan"},{"floor":21,"key":"Calipers"},{"floor":23,"key":"Nunchaku"},{"floor":24,"key":"Snake Skull"},{"floor":25,"key":"Bottled Lightning"},{"floor":26,"key":"WingedGreaves"},{"floor":29,"key":"Mummified Hand"},{"floor":30,"key":"Gremlin Horn"},{"floor":31,"key":"Frozen Egg 2"},{"floor":32,"key":"Matryoshka"},{"floor":34,"key":"Strawberry"},{"floor":34,"key":"Singing Bowl"},{"floor":34,"key":"Ice Cream"},{"floor":35,"key":"Bottled Tornado"},{"floor":36,"key":"Vajra"},{"floor":38,"key":"Bag of Marbles"},{"floor":40,"key":"Paper Crane"},{"floor":43,"key":"Dream Catcher"},{"floor":43,"key":"Letter Opener"},{"floor":46,"key":"Gambling Chip"},{"floor":47,"key":"Blue Candle"},{"floor":48,"key":"Oddly Smooth Stone"},{"floor":49,"key":"Blood Vial"}],"event_choices":[{"damage_healed":0,"gold_gain":175,"player_choice":"AGREE","damage_taken":0,"max_hp_gain":0,"max_hp_loss":0,"event_name":"Liars Game","floor":2,"gold_loss":0,"cards_obtained":["Doubt"]},{"damage_healed":0,"gold_gain":0,"player_choice":"Cursed","damage_taken":0,"max_hp_gain":0,"max_hp_loss":0,"event_name":"Wheel of Change","floor":12,"gold_loss":0,"cards_obtained":["Decay"]},{"damage_healed":0,"gold_gain":0,"player_choice":"Smashed Altar","damage_taken":0,"max_hp_gain":0,"max_hp_loss":0,"event_name":"Forgotten Altar","floor":19,"gold_loss":0,"cards_obtained":["Decay"]},{"damage_healed":0,"gold_gain":0,"player_choice":"Obtain J.A.X.","damage_taken":0,"max_hp_gain":0,"max_hp_loss":0,"event_name":"Drug Dealer","floor":20,"gold_loss":0,"cards_obtained":["J.A.X."]},{"damage_healed":0,"gold_gain":0,"player_choice":"Got Potions","damage_taken":0,"max_hp_gain":0,"max_hp_loss":0,"event_name":"Lab","floor":22,"gold_loss":0},{"damage_healed":0,"gold_gain":0,"player_choice":"Bought 1 Potion","damage_taken":0,"max_hp_gain":0,"max_hp_loss":0,"event_name":"The Woman in Blue","floor":37,"gold_loss":0},{"cards_removed":["Normality","Injury","Writhe","Writhe","Shame","Decay","Parasite","Decay","Shame","Doubt"],"damage_healed":0,"gold_gain":0,"player_choice":"Removed Curses","damage_taken":0,"max_hp_gain":0,"max_hp_loss":0,"event_name":"Fountain of Cleansing","floor":45,"gold_loss":0}],"is_beta":true,"boss_relics":[{"not_picked":["Astrolabe","Empty Cage"],"picked":"Coffee Dripper"},{"not_picked":["Lizard Tail","Velvet Choker"],"picked":"Calling Bell"}],"items_purged_floors":[27],"is_endless":false,"potions_floor_spawned":[3,4,7,8,14,21,29,33,38,46,47],"ascension_level":0}