{"gold_per_floor":[110,133,145,177,208,251,263,275,355,367,393,93,93,111,111,209,209,184,196,121,138,149,149,149,165,190,205,105,115,125,135,135,237,237,257,275,204,204],"floor_reached":38,"playtime":3955,"items_purged":["Strike_R","Defend_R"],"score":382,"play_id":"676fb49e-6476-4d27-8e52-e9ae2ca8bbd3","local_time":"20190809235000","is_ascension_mode":false,"campfire_choices":[{"data":"Shrug It Off","floor":8,"key":"SMITH"},{"data":"Iron Wave","floor":10,"key":"SMITH"},{"data":"Metallicize","floor":13,"key":"SMITH"},{"floor":15,"key":"REST"},{"data":"Fiend Fire","floor":23,"key":"SMITH"},{"floor":32,"key":"REST"}],"neow_cost":"NONE","seed_source_timestamp":19016453867699,"circlet_count":0,"master_deck":["Strike_R","Strike_R","Strike_R","Defend_R+1","Defend_R","Defend_R+1","Bash","Iron Wave+1","Shrug It Off+1","Burning Pact+1","Pommel Strike","Metallicize+1","Master of Strategy+1","Inflame","Battle Trance","Fiend Fire+1","Blood for Blood+1","Dropkick","Fire Breathing+1","Sever Soul+1","Warcry","Impervious","Seeing Red","Shrug It Off","Fire Breathing","Offering","Clash","Flex","Flex+1","Second Wind+1"],"relics":["Burning Blood","NeowsBlessing","MawBank","Vajra","Red Skull","Matryoshka","Runic Cube","Orichalcum","War Paint","Orrery","Potion Belt"],"potions_floor_usage":[6,16,16,25,25,33,33,33],"damage_taken":[{"damage":0,"enemies":"Cultist","floor":1,"turns":1},{"damage":0,"enemies":"2 Louse","floor":4,"turns":1},{"damage":0,"enemies":"Jaw Worm","floor":5,"turns":1},{"damage":38,"enemies":"Lagavulin","floor":6,"turns":11},{"damage":7,"enemies":"3 Louse","floor":11,"turns":4},{"damage":5,"enemies":"Lots of Slimes","floor":14,"turns":4},{"damage":46,"enemies":"Slime Boss","floor":16,"turns":19},{"damage":7,"enemies":"2 Thieves","floor":18,"turns":5},{"damage":5,"enemies":"Shell Parasite","floor":19,"turns":11},{"damage":30,"enemies":"Centurion and Healer","floor":21,"turns":5},{"damage":25,"enemies":"3 Cultists","floor":22,"turns":6},{"damage":2,"enemies":"Shelled Parasite and Fungi","floor":25,"turns":4},{"damage":14,"enemies":"Snake Plant","floor":27,"turns":4},{"damage":2,"enemies":"Centurion and Healer","floor":29,"turns":9},{"damage":6,"enemies":"3 Cultists","floor":30,"turns":6},{"damage":0,"enemies":"Snecko","floor":31,"turns":3},{"damage":58,"enemies":"Automaton","floor":33,"turns":11},{"damage":37,"enemies":"3 Darklings","floor":35,"turns":6},{"damage":23,"enemies":"Orb Walker","floor":36,"turns":4},{"damage":41,"enemies":"Maw","floor":38,"turns":8}],"seed_played":"123659575179874825","potions_obtained":[{"floor":4,"key":"Swift Potion"},{"floor":5,"key":"EssenceOfSteel"},{"floor":11,"key":"Regen Potion"},{"floor":18,"key":"AttackPotion"},{"floor":21,"key":"AttackPotion"},{"floor":29,"key":"Block Potion"},{"floor":30,"key":"Swift Potion"},{"floor":31,"key":"Regen Potion"}],"is_trial":false,"path_per_floor":["M","T","?","M","M","E","?","R","T","R","M","$","R","M","R","B",null,"M","M","?","M","M","R","?","M","T","M","$","M","M","M","R","B",null,"M","M","?","M"],"character_chosen":"IRONCLAD","items_purchased":["Master of Strategy","Inflame"],"campfire_rested":2,"item_purchase_floors":[12,12],"current_hp_per_floor":[80,80,55,61,67,35,35,35,35,35,34,34,34,35,59,34,80,79,80,80,56,37,37,37,41,41,33,33,37,37,43,67,30,80,49,32,32,0],"gold":204,"neow_bonus":"THREE_ENEMY_KILL","is_prod":false,"is_daily":false,"chose_seed":false,"campfire_upgraded":4,"win_rate":0.0,"timestamp":1565362200,"path_taken":["M","?","?","M","M","E","?","R","T","R","M","$","R","M","R","BOSS","M","?","?","M","M","R","?","M","T","M","$","?","M","M","R","BOSS","M","?","?","M"],"build_version":"2019-07-17","purchased_purges":2,"victory":false,"max_hp_per_floor":[80,80,80,80,80,80,80,80,80,80,80,80,80,80,80,80,80,80,80,80,80,80,80,80,80,80,80,80,80,80,80,80,80,80,80,80,80,80],"card_choices":[{"not_picked":["Whirlwind","Hemokinesis"],"picked":"Iron Wave","floor":1},{"not_picked":["Iron Wave","Warcry"],"picked":"Shrug It Off","floor":4},{"not_picked":["Searing Blow","Feel No Pain"],"picked":"Burning Pact","floor":5},{"not_picked":["Clash","Anger"],"picked":"Pommel Strike","floor":6},{"not_picked":["Perfected Strike","True Grit"],"picked":"Metallicize","floor":11},{"not_picked":["Feel No Pain","Inflame"],"picked":"Battle Trance","floor":14},{"not_picked":["Juggernaut","Bludgeon"],"picked":"Fiend Fire","floor":16},{"not_picked":["Pommel Strike+1","Heavy Blade"],"picked":"Blood for Blood+1","floor":18},{"not_picked":["Ghostly Armor","Shockwave"],"picked":"Dropkick","floor":19},{"not_picked":["Rupture","Spot Weakness"],"picked":"Fire Breathing+1","floor":21},{"not_picked":["Inflame","Clothesline"],"picked":"Sever Soul+1","floor":22},{"not_picked":["Clothesline","Headbutt"],"picked":"Warcry","floor":25},{"not_picked":["Sword Boomerang","Pommel Strike"],"picked":"Impervious","floor":27},{"not_picked":["Heavy Blade","Dropkick"],"picked":"Seeing Red","floor":29},{"not_picked":["Whirlwind","Clothesline"],"picked":"Shrug It Off","floor":30},{"not_picked":["Pommel Strike","Twin Strike"],"picked":"Fire Breathing","floor":31},{"not_picked":["Fiend Fire","Double Tap"],"picked":"Offering","floor":33},{"not_picked":["Flame Barrier","Shrug It Off+1"],"picked":"Clash","floor":34},{"not_picked":["Twin Strike","Heavy Blade"],"picked":"Flex","floor":34},{"not_picked":["Sword Boomerang","Iron Wave"],"picked":"Flex+1","floor":35},{"not_picked":["Sever Soul","Dropkick+1"],"picked":"Second Wind+1","floor":36}],"player_experience":5765,"relics_obtained":[{"floor":2,"key":"MawBank"},{"floor":6,"key":"Red Skull"},{"floor":9,"key":"Matryoshka"},{"floor":26,"key":"Orichalcum"},{"floor":26,"key":"War Paint"}],"event_choices":[{"damage_healed":0,"gold_gain":0,"player_choice":"Success","damage_taken":25,"relics_obtained":["Vajra"],"max_hp_gain":0,"max_hp_loss":0,"event_name":"Scrap Ooze","floor":3,"gold_loss":0},{"damage_healed":0,"gold_gain":0,"player_choice":"Forge","damage_taken":0,"max_hp_gain":0,"max_hp_loss":0,"event_name":"Accursed Blacksmith","floor":7,"gold_loss":0,"cards_upgraded":["Burning Pact"]},{"cards_removed":["Strike_R"],"damage_healed":0,"gold_gain":0,"player_choice":"Gave Gold","damage_taken":0,"max_hp_gain":0,"max_hp_loss":0,"event_name":"Beggar","floor":20,"gold_loss":75},{"damage_healed":0,"gold_gain":0,"player_choice":"Upgraded","damage_taken":0,"max_hp_gain":0,"max_hp_loss":0,"event_name":"Upgrade Shrine","floor":24,"gold_loss":0,"cards_upgraded":["Master of Strategy"]},{"damage_healed":0,"gold_gain":0,"player_choice":"Paid Gold","damage_taken":0,"relics_obtained":["Potion Belt"],"max_hp_gain":0,"max_hp_loss":0,"event_name":"WeMeetAgain","floor":37,"gold_loss":71}],"is_beta":false,"boss_relics":[{"not_picked":["Fusion Hammer","Coffee Dripper"],"picked":"Runic Cube"},{"not_picked":["Velvet Choker","Mark of Pain"],"picked":"Orrery"}],"items_purged_floors":[12,28],"is_endless":false,"potions_floor_spawned":[4,5,11,18,21,29,30,31],"killed_by":"Maw","ascension_level":0}