{"gold_per_floor":[118,130,144,158,233,233,233,233,233,246,274,289,324,337,337,337],"floor_reached":16,"playtime":707,"items_purged":[],"score":228,"play_id":"a1feb764-3010-4447-9f70-e503f2b2bea0","local_time":"20190106011831","is_ascension_mode":true,"campfire_choices":[{"floor":6,"key":"REST"},{"data":"Loop","floor":8,"key":"SMITH"},{"data":"Defragment","floor":15,"key":"SMITH"}],"neow_cost":"NONE","seed_source_timestamp":1203061604109740,"circlet_count":0,"master_deck":["AscendersBane","Strike_B","Strike_B","Strike_B","Strike_B","Defend_B","Defend_B+1","Defend_B","Defend_B","Zap+1","Dualcast","Hello World","Coolheaded+1","Loop+1","Conserve Battery","Defragment+1","Steam","Hologram","Ball Lightning","Defragment"],"relics":["Cracked Core","War Paint","Dodecahedron"],"potions_floor_usage":[4,11],"damage_taken":[{"damage":1,"enemies":"Cultist","floor":1,"turns":3},{"damage":0,"enemies":"Small Slimes","floor":2,"turns":3},{"damage":0,"enemies":"2 Louse","floor":3,"turns":3},{"damage":28,"enemies":"Exordium Thugs","floor":4,"turns":4},{"damage":2,"enemies":"2 Fungi Beasts","floor":10,"turns":4},{"damage":7,"enemies":"3 Sentries","floor":11,"turns":8},{"damage":2,"enemies":"Blue Slaver","floor":12,"turns":4},{"damage":8,"enemies":"Lagavulin","floor":13,"turns":6},{"damage":3,"enemies":"Red Slaver","floor":14,"turns":3},{"damage":25,"enemies":"The Guardian","floor":16,"turns":2}],"seed_played":"-5458208152370270731","potions_obtained":[{"floor":1,"key":"FocusPotion"},{"floor":3,"key":"SteroidPotion"},{"floor":10,"key":"SmokeBomb"}],"is_trial":false,"path_per_floor":["M","M","M","M","?","R","?","R","T","M","E","M","E","M","R","B"],"character_chosen":"DEFECT","items_purchased":[],"campfire_rested":1,"item_purchase_floors":[],"current_hp_per_floor":[63,63,63,35,24,45,45,45,45,43,36,34,26,23,23,0],"gold":337,"neow_bonus":"UPGRADE_CARD","is_prod":false,"is_daily":false,"chose_seed":false,"campfire_upgraded":2,"win_rate":0,"timestamp":1546766311,"path_taken":["M","M","M","?","?","R","?","R","T","M","E","?","E","M","R","BOSS"],"build_version":"2019-01-03v4","purchased_purges":0,"victory":false,"max_hp_per_floor":[71,71,71,71,71,71,71,71,71,71,71,71,71,71,71,71],"card_choices":[{"not_picked":["Compile Driver","FTL"],"picked":"Hello World","floor":1},{"not_picked":["Chaos","Beam Cell"],"picked":"Coolheaded","floor":2},{"not_picked":["Stack","Sweeping Beam"],"picked":"Loop","floor":3},{"not_picked":["Redo","Scrape"],"picked":"Conserve Battery","floor":4},{"not_picked":["Sweeping Beam","Stack"],"picked":"Defragment","floor":10},{"not_picked":["Beam Cell","Scrape"],"picked":"Steam","floor":11},{"not_picked":["Go for the Eyes","Barrage"],"picked":"Hologram","floor":12},{"not_picked":["Go for the Eyes","Streamline"],"picked":"Ball Lightning","floor":13},{"not_picked":["Conserve Battery","Reprogram"],"picked":"Defragment","floor":14}],"player_experience":2720314,"relics_obtained":[{"floor":9,"key":"War Paint"},{"floor":13,"key":"Dodecahedron"}],"event_choices":[{"damage_healed":0,"gold_gain":75,"player_choice":"Gather Gold","damage_taken":11,"max_hp_gain":0,"max_hp_loss":0,"event_name":"World of Goop","floor":5,"gold_loss":0},{"damage_healed":0,"gold_gain":0,"player_choice":"Ignored","damage_taken":0,"max_hp_gain":0,"max_hp_loss":0,"event_name":"Liars Game","floor":7,"gold_loss":0}],"is_beta":true,"boss_relics":[],"items_purged_floors":[],"is_endless":false,"potions_floor_spawned":[1,3,10],"killed_by":"The Guardian","ascension_level":20}