{"gold_per_floor":[111,111,123,123,134,169,169,180,180,180,51,64,97,116,116,218,218,234,234,245,92,110,110,125,160,160,191,205,205],"floor_reached":29,"playtime":2216,"items_purged":["Strike_R","Strike_R"],"score":277,"play_id":"d9890481-3e5e-472e-a0d6-da0ca3ad01c2","local_time":"20190810013530","is_ascension_mode":false,"campfire_choices":[{"data":"Searing Blow","floor":7,"key":"SMITH"},{"data":"Searing Blow+1","floor":15,"key":"SMITH"},{"data":"Searing Blow+2","floor":23,"key":"SMITH"}],"neow_cost":"NONE","seed_source_timestamp":27083345747231,"circlet_count":0,"master_deck":["Strike_R","Defend_R","Defend_R","Defend_R","Defend_R","Bash","Iron Wave","Fiend Fire","Clash","Iron Wave","Searing Blow+3","Rage","Anger","Burning Pact","Dark Embrace","Metallicize","Brutality","Battle Trance+1","Flex","Flame Barrier+1","Pommel Strike","Dual Wield","Reckless Charge+1","Battle Trance+1","Impervious","Rage+1"],"relics":["Burning Blood","NeowsBlessing","Question Card","Paper Frog","Strawberry","Velvet Choker","Dream Catcher","Shuriken","Blood Vial"],"potions_floor_usage":[13,16,16,25,25],"damage_taken":[{"damage":0,"enemies":"Small Slimes","floor":1,"turns":1},{"damage":0,"enemies":"2 Louse","floor":3,"turns":1},{"damage":0,"enemies":"Cultist","floor":5,"turns":1},{"damage":15,"enemies":"3 Sentries","floor":6,"turns":9},{"damage":11,"enemies":"2 Fungi Beasts","floor":8,"turns":3},{"damage":12,"enemies":"Exordium Thugs","floor":12,"turns":6},{"damage":28,"enemies":"Gremlin Nob","floor":13,"turns":5},{"damage":18,"enemies":"Lots of Slimes","floor":14,"turns":7},{"damage":51,"enemies":"The Guardian","floor":16,"turns":12},{"damage":16,"enemies":"Spheric Guardian","floor":18,"turns":5},{"damage":12,"enemies":"Chosen","floor":20,"turns":5},{"damage":27,"enemies":"3 Cultists","floor":22,"turns":7},{"damage":5,"enemies":"Snake Plant","floor":24,"turns":2},{"damage":34,"enemies":"Slavers","floor":25,"turns":7},{"damage":20,"enemies":"Book of Stabbing","floor":27,"turns":6},{"damage":8,"enemies":"Centurion and Healer","floor":28,"turns":5}],"seed_played":"222896975862299784","potions_obtained":[{"floor":3,"key":"BloodPotion"},{"floor":8,"key":"Strength Potion"},{"floor":13,"key":"FairyPotion"},{"floor":14,"key":"PowerPotion"},{"floor":18,"key":"SpeedPotion"},{"floor":22,"key":"Block Potion"},{"floor":27,"key":"GamblersBrew"}],"is_trial":false,"path_per_floor":["M","?","M","?","M","E","R","M","T","?","$","M","E","M","R","B",null,"M","?","M","$","M","R","M","E","T","E","M","?"],"character_chosen":"IRONCLAD","items_purchased":["Anger","Pommel Strike"],"campfire_rested":0,"item_purchase_floors":[11,21],"current_hp_per_floor":[80,80,80,80,80,71,71,66,66,58,58,52,57,45,45,13,87,77,77,71,71,50,50,51,23,23,9,9,0],"gold":205,"neow_bonus":"THREE_ENEMY_KILL","is_prod":false,"is_daily":false,"chose_seed":false,"campfire_upgraded":3,"win_rate":0.0,"timestamp":1565368530,"path_taken":["M","?","M","?","?","E","R","M","T","?","$","M","E","M","R","BOSS","M","?","M","$","M","R","M","E","T","E","?","?"],"build_version":"2019-07-17","purchased_purges":2,"victory":false,"max_hp_per_floor":[80,80,80,80,80,80,80,80,80,80,80,80,87,87,87,87,87,87,87,87,87,87,87,87,87,87,87,87,92],"card_choices":[{"not_picked":["True Grit","Perfected Strike"],"picked":"Iron Wave","floor":1},{"not_picked":["Burning Pact","Body Slam"],"picked":"Clash","floor":3},{"not_picked":["Corruption","Flex"],"picked":"Iron Wave","floor":5},{"not_picked":["Body Slam","Disarm"],"picked":"Searing Blow","floor":6},{"not_picked":["Twin Strike","Ghostly Armor","Power Through"],"picked":"Rage","floor":8},{"not_picked":["Uppercut","Rampage","Warcry"],"picked":"Burning Pact","floor":12},{"not_picked":["Dual Wield","Iron Wave","Anger"],"picked":"Dark Embrace","floor":13},{"not_picked":["Perfected Strike","Heavy Blade","Headbutt"],"picked":"Metallicize","floor":14},{"not_picked":["Berserk","Bludgeon","Juggernaut"],"picked":"Brutality","floor":16},{"not_picked":["Sever Soul","Flex+1","Sword Boomerang"],"picked":"Battle Trance+1","floor":18},{"not_picked":["Armaments","Infernal Blade","Spot Weakness"],"picked":"Flame Barrier+1","floor":20},{"not_picked":["True Grit","Uppercut+1","Perfected Strike+1"],"picked":"Dual Wield","floor":22},{"not_picked":["Perfected Strike","Whirlwind","True Grit"],"picked":"Reckless Charge+1","floor":24},{"not_picked":["Entrench","Power Through","Burning Pact"],"picked":"Battle Trance+1","floor":25},{"not_picked":["Reckless Charge+1","Uppercut","Armaments"],"picked":"Impervious","floor":27},{"not_picked":["Spot Weakness","Bloodletting","Carnage"],"picked":"Rage+1","floor":28}],"player_experience":13785,"relics_obtained":[{"floor":6,"key":"Question Card"},{"floor":9,"key":"Paper Frog"},{"floor":13,"key":"Strawberry"},{"floor":25,"key":"Dream Catcher"},{"floor":26,"key":"Shuriken"},{"floor":27,"key":"Blood Vial"}],"event_choices":[{"damage_healed":0,"gold_gain":0,"cards_transformed":["Strike_R"],"player_choice":"Change","damage_taken":0,"max_hp_gain":0,"max_hp_loss":0,"event_name":"Living Wall","floor":2,"gold_loss":0,"cards_obtained":["Fiend Fire"]},{"damage_healed":0,"gold_gain":0,"player_choice":"0 cards matched","damage_taken":0,"max_hp_gain":0,"max_hp_loss":0,"event_name":"Match and Keep!","floor":4,"gold_loss":0,"cards_obtained":[]},{"damage_healed":0,"gold_gain":0,"player_choice":"Damaged","damage_taken":8,"max_hp_gain":0,"max_hp_loss":0,"event_name":"Wheel of Change","floor":10,"gold_loss":0},{"damage_healed":0,"gold_gain":0,"cards_transformed":["Strike_R"],"player_choice":"Transformed","damage_taken":0,"max_hp_gain":0,"max_hp_loss":0,"event_name":"Transmorgrifier","floor":19,"gold_loss":0,"cards_obtained":["Flex"]}],"is_beta":false,"boss_relics":[{"not_picked":["Fusion Hammer","Ectoplasm"],"picked":"Velvet Choker"}],"items_purged_floors":[11,21],"is_endless":false,"potions_floor_spawned":[3,8,13,14,18,22,27],"ascension_level":0}