{"gold_per_floor":[114,114,114,135,135,135,150,165,165,145],"floor_reached":10,"playtime":420,"items_purged":[],"score":116,"play_id":"c4715b28-e725-4157-8ea4-302e63c964da","local_time":"20190203205047","is_ascension_mode":true,"campfire_choices":[{"data":"Buffer","floor":6.0,"key":"SMITH"}],"neow_cost":"NONE","seed_source_timestamp":519214673345844,"circlet_count":0,"master_deck":["AscendersBane","Strike_B","Strike_B","Strike_B","Strike_B","Defend_B","Defend_B","Defend_B","Defend_B","Zap","Dualcast","Buffer+1","Cold Snap","Hello World","Pain","Force Field","Ball Lightning"],"special_seed":0,"relics":["Cracked Core","Golden Idol","WarpedTongs"],"potions_floor_usage":[8],"damage_taken":[{"damage":1.0,"enemies":"Cultist","floor":1.0,"turns":4.0},{"damage":3.0,"enemies":"Small Slimes","floor":4.0,"turns":3.0},{"damage":10.0,"enemies":"2 Louse","floor":7.0,"turns":2.0},{"damage":26,"enemies":"Exordium Thugs","floor":8,"turns":6},{"damage":11,"enemies":"Looter","floor":10,"turns":1}],"seed_played":"-5484158036692964552","potions_obtained":[{"floor":4.0,"key":"FearPotion"}],"is_trial":false,"path_per_floor":["M","?","?","M","?","R","M","M","T","M"],"character_chosen":"DEFECT","items_purchased":[],"campfire_rested":0,"item_purchase_floors":[],"current_hp_per_floor":[63,39,44,41,41,41,31,5,5,0],"gold":145,"neow_bonus":"ONE_RANDOM_RARE_CARD","is_prod":false,"is_daily":false,"chose_seed":false,"campfire_upgraded":1,"win_rate":0,"timestamp":1549255847,"path_taken":["M","?","?","M","?","R","M","?","T","M"],"build_version":"2019-01-23","purchased_purges":0,"victory":false,"max_hp_per_floor":[71,71,76,76,76,76,76,76,76,76],"card_choices":[{"not_picked":["Gash","Static Discharge"],"picked":"Cold Snap","floor":1.0},{"not_picked":["Rip and Tear","Redo"],"picked":"Hello World","floor":4.0},{"not_picked":["Undo","Ball Lightning"],"picked":"Force Field","floor":7.0},{"not_picked":["Go for the Eyes","Static Discharge"],"picked":"Ball Lightning","floor":8}],"player_experience":2776961,"relics_obtained":[],"event_choices":[{"damage_healed":0.0,"max_hp_gain":0.0,"max_hp_loss":0.0,"gold_gain":0.0,"event_name":"Golden Idol","player_choice":"Take Damage","floor":2.0,"gold_loss":0.0,"damage_taken":24.0,"relics_obtained":["Golden Idol"]},{"damage_healed":0.0,"max_hp_gain":5.0,"max_hp_loss":0.0,"gold_gain":0.0,"event_name":"Big Fish","player_choice":"Donut","floor":3.0,"gold_loss":0.0,"damage_taken":0.0},{"damage_healed":0.0,"max_hp_gain":0.0,"max_hp_loss":0.0,"gold_gain":0.0,"event_name":"Accursed Blacksmith","player_choice":"Rummage","floor":5.0,"gold_loss":0.0,"damage_taken":0.0,"relics_obtained":["WarpedTongs"],"cards_obtained":["Pain"]}],"is_beta":true,"boss_relics":[],"items_purged_floors":[],"is_endless":false,"potions_floor_spawned":[4],"killed_by":"Looter","ascension_level":20}