{"gold_per_floor":[114,3,14,14,14,44,44,72,72,92,112,128,128,140,140,140],"floor_reached":16,"playtime":700,"items_purged":["Decay"],"score":224,"play_id":"55c4271f-2417-4cab-abdd-a8dda37037ea","local_time":"20190623200304","is_ascension_mode":true,"campfire_choices":[{"data":"Corpse Explosion","floor":7,"key":"SMITH"},{"floor":15,"key":"REST"}],"neow_cost":"CURSE","seed_source_timestamp":162913694770322,"circlet_count":0,"master_deck":["AscendersBane","Defend_G","Defend_G","Defend_G","Defend_G","Defend_G","Strike_G","Strike_G","Strike_G","Strike_G","Survivor","Neutralize","Corpse Explosion+1","Endless Agony","Noxious Fumes+1","Deadly Poison","Well Laid Plans","Noxious Fumes"],"relics":["Ring of the Snake","Question Card","Anchor","Singing Bowl"],"potions_floor_usage":[6,6,8,16,16],"damage_taken":[{"damage":23,"enemies":"Small Slimes","floor":1,"turns":3},{"damage":1,"enemies":"2 Louse","floor":3,"turns":3},{"damage":19,"enemies":"Lagavulin","floor":6,"turns":9},{"damage":23,"enemies":"Gremlin Nob","floor":8,"turns":4},{"damage":0,"enemies":"Jaw Worm","floor":10,"turns":4},{"damage":5,"enemies":"Gremlin Gang","floor":11,"turns":2},{"damage":5,"enemies":"3 Louse","floor":12,"turns":3},{"damage":0,"enemies":"2 Fungi Beasts","floor":14,"turns":2},{"damage":33,"enemies":"Slime Boss","floor":16,"turns":8}],"seed_played":"-5968132028865207499","potions_obtained":[{"floor":3,"key":"EntropicBrew"},{"floor":10,"key":"Swift Potion"},{"floor":11,"key":"Weak Potion"}],"is_trial":false,"path_per_floor":["M","$","M","?","?","E","R","E","T","M","M","M","?","M","R","B"],"character_chosen":"THE_SILENT","items_purchased":["Noxious Fumes"],"campfire_rested":1,"item_purchase_floors":[2],"current_hp_per_floor":[36,36,35,57,57,38,38,15,15,17,12,9,2,4,25,0],"gold":140,"neow_bonus":"THREE_RARE_CARDS","is_prod":false,"is_daily":false,"chose_seed":false,"campfire_upgraded":1,"win_rate":0,"timestamp":1561334584,"path_taken":["M","$","M","?","?","E","R","E","T","M","M","M","?","?","R","BOSS"],"build_version":"2019-01-23","purchased_purges":1,"victory":false,"max_hp_per_floor":[66,66,66,66,66,66,66,66,66,68,68,70,70,72,72,72],"card_choices":[{"not_picked":["Die Die Die","Venomology"],"picked":"Corpse Explosion","floor":0},{"not_picked":["Dodge and Roll","Prepared"],"picked":"Endless Agony","floor":1},{"not_picked":["Prepared","Outmaneuver","Masterful Stab"],"picked":"SKIP","floor":3},{"not_picked":["Tactician","Acrobatics"],"picked":"Deadly Poison","floor":6},{"not_picked":["Blur","Deadly Poison","PiercingWail"],"picked":"Well Laid Plans","floor":8},{"not_picked":["Bane","Blade Dance","Acrobatics","Phantasmal Killer"],"picked":"Singing Bowl","floor":10},{"not_picked":["Dagger Spray","Outmaneuver","Sucker Punch"],"picked":"Noxious Fumes","floor":11},{"not_picked":["Prepared","Poisoned Stab","Acrobatics","Endless Agony"],"picked":"Singing Bowl","floor":12},{"not_picked":["Prepared","Tactician","Blade Dance","Setup"],"picked":"Singing Bowl","floor":14}],"player_experience":456185,"relics_obtained":[{"floor":6,"key":"Question Card"},{"floor":8,"key":"Anchor"},{"floor":9,"key":"Singing Bowl"}],"event_choices":[{"damage_healed":22,"gold_gain":0,"player_choice":"Banana","damage_taken":0,"max_hp_gain":0,"max_hp_loss":0,"event_name":"Big Fish","floor":4,"gold_loss":0},{"damage_healed":0,"gold_gain":0,"player_choice":"Grow","damage_taken":0,"max_hp_gain":0,"max_hp_loss":0,"event_name":"Living Wall","floor":5,"gold_loss":0,"cards_upgraded":["Noxious Fumes"]},{"cards_removed":["Strike_G"],"damage_healed":0,"gold_gain":0,"player_choice":"Card Removal","damage_taken":7,"max_hp_gain":0,"max_hp_loss":0,"event_name":"Golden Wing","floor":13,"gold_loss":0}],"is_beta":false,"boss_relics":[],"items_purged_floors":[2],"is_endless":false,"potions_floor_spawned":[3,10,11,12],"killed_by":"Slime Boss","ascension_level":20}