{"gold_per_floor":[110,110,35,50,50,81,6,34,34,34,52,52,64,64,64,141,141,155,55],"floor_reached":19,"playtime":471,"items_purged":["Strike_B"],"score":380,"play_id":"cdffe5a8-7616-4444-85ad-eae343e561cd","local_time":"20190512103320","is_ascension_mode":true,"campfire_choices":[{"data":"Genetic Algorithm","floor":10,"key":"SMITH"},{"data":"Loop","floor":12,"key":"SMITH"},{"data":"Zap","floor":15,"key":"SMITH"}],"neow_cost":"NONE","seed_source_timestamp":141790009205757,"circlet_count":0,"master_deck":["AscendersBane","Strike_B","Defend_B","Defend_B","Defend_B","Defend_B","Zap+1","Dualcast","Creative AI+1","Cold Snap","Loop+1","White Noise","Genetic Algorithm+1","Sweeping Beam","Heatsinks","Biased Cognition","Leap"],"relics":["Cracked Core","Question Card","Kunai","Symbiotic Virus","Inserter"],"potions_floor_usage":[13,16,19,19],"damage_taken":[{"damage":14,"enemies":"Jaw Worm","floor":1,"turns":4},{"damage":0,"enemies":"Small Slimes","floor":4,"turns":3},{"damage":20,"enemies":"3 Sentries","floor":6,"turns":7},{"damage":0,"enemies":"Lagavulin","floor":8,"turns":8},{"damage":2,"enemies":"2 Louse","floor":11,"turns":3},{"damage":5,"enemies":"Exordium Thugs","floor":13,"turns":4},{"damage":8,"enemies":"Hexaghost","floor":16,"turns":7},{"damage":33,"enemies":"Spheric Guardian","floor":18,"turns":6},{"damage":22,"enemies":"2 Thieves","floor":19,"turns":3}],"seed_played":"787856884705360004","potions_obtained":[{"floor":4,"key":"LiquidBronze"},{"floor":6,"key":"EssenceOfSteel"},{"floor":13,"key":"Energy Potion"},{"floor":18,"key":"Dexterity Potion"}],"is_trial":false,"path_per_floor":["M","?","?","M","?","E","$","E","T","R","M","R","M","$","R","B",null,"M","M"],"character_chosen":"DEFECT","items_purchased":[],"campfire_rested":0,"item_purchase_floors":[],"current_hp_per_floor":[50,43,43,43,43,23,23,23,23,23,21,21,16,16,16,8,55,22,0],"gold":55,"neow_bonus":"ONE_RANDOM_RARE_CARD","is_prod":false,"is_daily":false,"chose_seed":false,"campfire_upgraded":3,"win_rate":0,"timestamp":1557671600,"path_taken":["M","?","?","M","?","E","$","E","T","R","M","R","M","$","R","BOSS","M","M"],"build_version":"2019-01-23","purchased_purges":1,"victory":false,"max_hp_per_floor":[71,71,71,71,71,71,71,71,71,71,71,71,71,71,71,71,71,71,71],"card_choices":[{"not_picked":["Leap","Beam Cell"],"picked":"Cold Snap","floor":1},{"not_picked":["Turbo","Streamline"],"picked":"Loop","floor":4},{"not_picked":["Barrage","Double Energy"],"picked":"White Noise","floor":6},{"not_picked":["Beam Cell","Stack","Reboot"],"picked":"Genetic Algorithm","floor":8},{"not_picked":["Melter","Reprogram","Cold Snap"],"picked":"Sweeping Beam","floor":11},{"not_picked":["Steam Power","Rebound","Gash"],"picked":"Heatsinks","floor":13},{"not_picked":["Core Surge","Amplify","Multi-Cast"],"picked":"Biased Cognition","floor":16},{"not_picked":["Sweeping Beam","Streamline","Stack"],"picked":"Leap","floor":18}],"player_experience":358501,"relics_obtained":[{"floor":6,"key":"Question Card"},{"floor":8,"key":"Kunai"},{"floor":9,"key":"Symbiotic Virus"}],"event_choices":[{"cards_removed":["Strike_B"],"damage_healed":0,"gold_gain":0,"player_choice":"Card Removal","damage_taken":7,"max_hp_gain":0,"max_hp_loss":0,"event_name":"Golden Wing","floor":2,"gold_loss":0},{"cards_removed":["Strike_B"],"damage_healed":0,"gold_gain":0,"player_choice":"Card Removal","damage_taken":0,"max_hp_gain":0,"max_hp_loss":0,"event_name":"The Cleric","floor":3,"gold_loss":75},{"damage_healed":0,"gold_gain":0,"player_choice":"Grow","damage_taken":0,"max_hp_gain":0,"max_hp_loss":0,"event_name":"Living Wall","floor":5,"gold_loss":0,"cards_upgraded":["Creative AI"]}],"is_beta":false,"boss_relics":[{"not_picked":["Runic Dome","Calling Bell"],"picked":"Inserter"}],"items_purged_floors":[7],"is_endless":false,"potions_floor_spawned":[4,6,13,18],"killed_by":"2 Thieves","ascension_level":18}