{"gold_per_floor":[115,115,115,19,19,19,50,50,73,73,88,10,26,26,26,103,103,114,129,0,0,0,0],"floor_reached":23,"playtime":506,"items_purged":["Strike_B"],"score":470,"play_id":"95bce678-1558-4ebd-8de9-95cd484a73f5","local_time":"20190823220642","is_ascension_mode":true,"campfire_choices":[{"data":"Ball Lightning","floor":6.0,"key":"SMITH"},{"floor":8.0,"key":"REST"},{"data":"FTL","floor":10.0,"key":"SMITH"},{"data":"Defragment","floor":15.0,"key":"SMITH"}],"neow_cost":"NONE","seed_source_timestamp":604381344770285,"circlet_count":0,"master_deck":["AscendersBane","Strike_B","Strike_B","Strike_B","Defend_B","Defend_B","Defend_B","Defend_B","Zap+1","Dualcast","Ball Lightning+1","FTL+1","Echo Form","Chill","White Noise","Defragment+1","Sweeping Beam","Amplify","Force Field+1","Conserve Battery"],"special_seed":0,"relics":["Cracked Core","Dream Catcher","DataDisk","Ornamental Fan","Omamori","Snecko Eye"],"potions_floor_usage":[23],"damage_taken":[{"damage":7.0,"enemies":"2 Louse","floor":1.0,"turns":3.0},{"damage":20.0,"enemies":"3 Sentries","floor":7.0,"turns":5.0},{"damage":12.0,"enemies":"Jaw Worm","floor":11.0,"turns":3.0},{"damage":0.0,"enemies":"Small Slimes","floor":13.0,"turns":3.0},{"damage":0.0,"enemies":"Slime Boss","floor":16.0,"turns":6.0},{"damage":28.0,"enemies":"Spheric Guardian","floor":18.0,"turns":6.0},{"damage":28.0,"enemies":"2 Thieves","floor":19.0,"turns":4.0},{"damage":7,"enemies":"Snake Plant","floor":23,"turns":2}],"seed_played":"-8536001288411392024","potions_obtained":[{"floor":11.0,"key":"SteroidPotion"},{"floor":16.0,"key":"EntropicBrew"}],"is_trial":false,"path_per_floor":["M","?","?","$","?","R","E","R","T","R","M","$","M","$","R","B",null,"M","M","$","?","$","M"],"character_chosen":"DEFECT","items_purchased":["FTL","Weak Potion","Defragment","PowerPotion"],"campfire_rested":1,"item_purchase_floors":[4,4,12,20],"current_hp_per_floor":[57,57,31,31,31,31,11,32,32,32,20,20,20,20,20,20,58,30,2,2,2,2,0],"gold":0,"neow_bonus":"UPGRADE_CARD","is_prod":false,"is_daily":false,"chose_seed":false,"campfire_upgraded":3,"win_rate":0,"timestamp":1566612402,"path_taken":["M","?","?","?","?","R","E","R","T","R","M","$","M","$","R","BOSS","M","M","$","?","$","M"],"build_version":"2019-07-17","purchased_purges":1,"victory":false,"max_hp_per_floor":[71,71,71,71,71,71,71,71,71,71,71,71,71,71,71,71,71,71,71,71,71,71,71],"card_choices":[{"not_picked":["Cold Snap","Compile Driver"],"picked":"Ball Lightning","floor":1.0},{"not_picked":["Seek","Beam Cell"],"picked":"Echo Form","floor":7.0},{"not_picked":["Leap","Beam Cell"],"picked":"Chill","floor":8.0},{"not_picked":["Beam Cell","Go for the Eyes"],"picked":"White Noise","floor":11.0},{"not_picked":["Stack","Barrage"],"picked":"Sweeping Beam","floor":13.0},{"not_picked":["Machine Learning","Rainbow"],"picked":"Amplify","floor":16.0},{"not_picked":["Gash","Stack"],"picked":"Force Field+1","floor":18.0},{"not_picked":["Cold Snap+1","Compile Driver"],"picked":"Conserve Battery","floor":19.0}],"player_experience":591995,"relics_obtained":[{"floor":5.0,"key":"DataDisk"},{"floor":7.0,"key":"Ornamental Fan"},{"floor":9.0,"key":"Omamori"}],"event_choices":[{"damage_healed":0.0,"max_hp_gain":0.0,"max_hp_loss":0.0,"gold_gain":0.0,"event_name":"Liars Game","player_choice":"Ignored","floor":2.0,"gold_loss":0.0,"damage_taken":0.0},{"damage_healed":0.0,"max_hp_gain":0.0,"max_hp_loss":0.0,"gold_gain":0.0,"event_name":"Scrap Ooze","player_choice":"Success","floor":3.0,"gold_loss":0.0,"damage_taken":26.0,"relics_obtained":["Dream Catcher"]},{"damage_healed":0.0,"max_hp_gain":0.0,"max_hp_loss":0.0,"gold_gain":0.0,"event_name":"Wheel of Change","player_choice":"Relic","floor":5.0,"gold_loss":0.0,"damage_taken":0.0}],"is_beta":false,"boss_relics":[{"not_picked":["Busted Crown","Black Star"],"picked":"Snecko Eye"}],"items_purged_floors":[20],"is_endless":false,"potions_floor_spawned":[11,16],"killed_by":"Snake Plant","ascension_level":20}