{"gold_per_floor":[369,18,18,28,45,63,82,82,82,82,92,104,104,117,117,219,219,238,251,264,291,303,303,336,336,418,418,333,38,56,56],"floor_reached":31,"playtime":1870,"items_purged":["Shame"],"score":251,"play_id":"07acf46a-3e73-45e3-9a5a-ab7db99322cc","local_time":"20190810111800","is_ascension_mode":false,"campfire_choices":[{"data":"Combust","floor":8,"key":"SMITH"},{"data":"Dual Wield","floor":10,"key":"SMITH"},{"data":"Inflame","floor":13,"key":"SMITH"},{"data":"Juggernaut","floor":15,"key":"SMITH"},{"floor":23,"key":"REST"},{"floor":27,"key":"REST"}],"neow_cost":"CURSE","seed_source_timestamp":5210343568678,"circlet_count":0,"master_deck":["Strike_R","Strike_R","Strike_R","Strike_R","Strike_R","Defend_R","Defend_R","Defend_R","Defend_R","Bash","Dual Wield+1","Inflame+1","Rage","Combust+1","Twin Strike","Reckless Charge","Headbutt","Power Through","Juggernaut+1","Brutality","Pommel Strike","Anger+1","Battle Trance","Warcry","Body Slam","Reckless Charge+1","Shrug It Off+1","RitualDagger","Inflame+1","Barricade","Impervious","Warcry"],"relics":["Burning Blood","Ornamental Fan","Dream Catcher","Mummified Hand","Black Star","Red Mask","WingedGreaves","PreservedInsect","Self Forming Clay","Oddly Smooth Stone"],"potions_floor_usage":[20,21,24,31],"damage_taken":[{"damage":10,"enemies":"Small Slimes","floor":1,"turns":4},{"damage":6,"enemies":"Cultist","floor":4,"turns":3},{"damage":8,"enemies":"Jaw Worm","floor":5,"turns":3},{"damage":6,"enemies":"Exordium Wildlife","floor":6,"turns":5},{"damage":18,"enemies":"3 Louse","floor":7,"turns":4},{"damage":12,"enemies":"Blue Slaver","floor":11,"turns":4},{"damage":7,"enemies":"Lots of Slimes","floor":12,"turns":2},{"damage":3,"enemies":"Exordium Thugs","floor":14,"turns":3},{"damage":45,"enemies":"The Guardian","floor":16,"turns":8},{"damage":19,"enemies":"Shell Parasite","floor":18,"turns":5},{"damage":14,"enemies":"Spheric Guardian","floor":19,"turns":4},{"damage":19,"enemies":"Snake Plant","floor":20,"turns":3},{"damage":10,"enemies":"Masked Bandits","floor":21,"turns":3},{"damage":19,"enemies":"Centurion and Healer","floor":22,"turns":5},{"damage":66,"enemies":"Gremlin Leader","floor":24,"turns":7},{"damage":4,"enemies":"3 Cultists","floor":30,"turns":5},{"damage":33,"enemies":"Snecko","floor":31,"turns":5}],"seed_played":"3808615331378251770","potions_obtained":[{"floor":1,"key":"AttackPotion"},{"floor":5,"key":"Fire Potion"},{"floor":7,"key":"Poison Potion"},{"floor":11,"key":"Fire Potion"},{"floor":20,"key":"Dexterity Potion"},{"floor":22,"key":"BloodPotion"},{"floor":24,"key":"LiquidBronze"}],"is_trial":false,"path_per_floor":["M","$","?","M","M","M","M","R","T","R","M","M","R","M","R","B",null,"M","M","M","?","M","R","E","?","T","R","?","$","M","M"],"character_chosen":"IRONCLAD","items_purchased":["Ornamental Fan","Inflame","Rage","Barricade","Impervious"],"campfire_rested":2,"item_purchase_floors":[2,2,2,29,29],"current_hp_per_floor":[76,76,76,76,74,74,62,62,62,62,56,55,55,58,58,19,80,67,59,46,42,29,53,13,7,7,31,31,31,33,0],"gold":56,"neow_bonus":"TWO_FIFTY_GOLD","is_prod":false,"is_daily":false,"chose_seed":false,"campfire_upgraded":4,"win_rate":0.0,"timestamp":1565403480,"path_taken":["M","$","?","M","?","M","M","R","T","R","?","M","R","M","R","BOSS","M","M","M","?","M","R","E","?","T","R","?","?","M","?"],"build_version":"2019-07-17","purchased_purges":1,"victory":false,"max_hp_per_floor":[80,80,80,80,80,80,80,80,80,80,80,80,80,80,80,80,80,80,80,80,80,80,80,80,80,80,80,80,80,80,80],"card_choices":[{"not_picked":["Rupture","Clash"],"picked":"Dual Wield","floor":1},{"not_picked":["Warcry","Wild Strike"],"picked":"Combust","floor":4},{"not_picked":["Clothesline","Warcry"],"picked":"Twin Strike","floor":5},{"not_picked":["Perfected Strike","Corruption","Sword Boomerang"],"picked":"SKIP","floor":6},{"not_picked":["Cleave","Body Slam"],"picked":"Reckless Charge","floor":7},{"not_picked":["Entrench","Clothesline"],"picked":"Headbutt","floor":11},{"not_picked":["Carnage","Cleave"],"picked":"Power Through","floor":12},{"not_picked":["Perfected Strike","Pommel Strike"],"picked":"Juggernaut","floor":14},{"not_picked":["Dark Embrace","Fiend Fire"],"picked":"Brutality","floor":16},{"not_picked":["Armaments","Anger"],"picked":"Pommel Strike","floor":18},{"not_picked":["Dual Wield","Shockwave"],"picked":"Anger+1","floor":19},{"not_picked":["Anger","Heavy Blade"],"picked":"Battle Trance","floor":20},{"not_picked":["Anger","Pummel"],"picked":"Warcry","floor":21},{"not_picked":["True Grit","Clothesline"],"picked":"Body Slam","floor":22},{"not_picked":["Dropkick","Spot Weakness"],"picked":"Reckless Charge+1","floor":23},{"not_picked":["Dual Wield","Bloodletting"],"picked":"Shrug It Off+1","floor":24},{"not_picked":["Iron Wave","Corruption+1"],"picked":"Inflame+1","floor":27},{"not_picked":["Intimidate","Pummel"],"picked":"Warcry","floor":30}],"player_experience":23995,"relics_obtained":[{"floor":9,"key":"Mummified Hand"},{"floor":21,"key":"Red Mask"},{"floor":24,"key":"WingedGreaves"},{"floor":24,"key":"PreservedInsect"},{"floor":26,"key":"Self Forming Clay"}],"event_choices":[{"damage_healed":0,"gold_gain":0,"player_choice":"Gave Potion","damage_taken":0,"relics_obtained":["Dream Catcher"],"max_hp_gain":0,"max_hp_loss":0,"event_name":"WeMeetAgain","floor":3,"gold_loss":0},{"damage_healed":0,"gold_gain":0,"player_choice":"Fought Bandits","damage_taken":0,"max_hp_gain":0,"max_hp_loss":0,"event_name":"Masked Bandits","floor":21,"gold_loss":0},{"damage_healed":0,"gold_gain":0,"player_choice":"Joined the Cult","damage_taken":6,"max_hp_gain":0,"max_hp_loss":0,"event_name":"Nest","floor":25,"gold_loss":0,"cards_obtained":["RitualDagger"]},{"damage_healed":0,"gold_gain":0,"player_choice":"Obtained Relic","damage_taken":0,"relics_obtained":["Oddly Smooth Stone"],"max_hp_gain":0,"max_hp_loss":0,"event_name":"Addict","floor":28,"gold_loss":85}],"is_beta":false,"boss_relics":[{"not_picked":["Ectoplasm","Busted Crown"],"picked":"Black Star"}],"items_purged_floors":[29],"is_endless":false,"potions_floor_spawned":[1,5,7,11,12,20,22,24],"killed_by":"Snecko","ascension_level":0}