{"gold_per_floor":[118,118,118,132,153,153,189,212,263,263,11,11,54,84,84,84],"floor_reached":16,"playtime":363,"items_purged":[],"score":216,"play_id":"6304d17b-1340-4f6c-9a21-4baf59465817","local_time":"20190826143218","is_ascension_mode":true,"campfire_choices":[{"data":"Static Discharge","floor":6,"key":"SMITH"},{"data":"Seek","floor":10,"key":"SMITH"},{"floor":15,"key":"REST"}],"neow_cost":"NONE","seed_source_timestamp":836561272161227,"circlet_count":0,"master_deck":["AscendersBane","Strike_B","Strike_B","Strike_B","Defend_B","Defend_B","Defend_B","Defend_B","Zap","Dualcast","Compile Driver","Streamline","Static Discharge+1","Seek+1","Ball Lightning","Hologram","Sweeping Beam"],"relics":["Cracked Core","Golden Idol","Cables","Pen Nib","ClockworkSouvenir","Omamori","Tiny Chest"],"potions_floor_usage":[16],"damage_taken":[{"damage":2,"enemies":"Jaw Worm","floor":1,"turns":3},{"damage":0,"enemies":"2 Louse","floor":4,"turns":2},{"damage":7,"enemies":"Small Slimes","floor":5,"turns":2},{"damage":25,"enemies":"3 Sentries","floor":7,"turns":5},{"damage":2,"enemies":"2 Fungi Beasts","floor":8,"turns":3},{"damage":20,"enemies":"Lagavulin","floor":13,"turns":5},{"damage":26,"enemies":"The Guardian","floor":16,"turns":5}],"seed_played":"-7546774072442616344","potions_obtained":[{"floor":7,"key":"Explosive Potion"},{"floor":8,"key":"SmokeBomb"}],"is_trial":false,"path_per_floor":["M","?","?","M","M","R","E","M","T","R","$","?","E","?","R","B"],"character_chosen":"DEFECT","items_purchased":["ClockworkSouvenir","Hologram"],"campfire_rested":1,"item_purchase_floors":[11,11],"current_hp_per_floor":[62,55,55,55,48,48,23,21,21,21,21,42,22,4,23,0],"gold":84,"neow_bonus":"THREE_CARDS","is_prod":false,"is_daily":false,"chose_seed":false,"campfire_upgraded":2,"win_rate":0,"timestamp":1566844338,"path_taken":["M","?","?","M","M","R","E","M","T","R","?","?","E","?","R","BOSS"],"build_version":"2019-07-17","purchased_purges":0,"victory":false,"max_hp_per_floor":[71,71,64,64,64,64,64,64,64,64,64,64,64,64,64,64],"card_choices":[{"not_picked":["Go for the Eyes","Rebound"],"picked":"Compile Driver","floor":0},{"not_picked":["Redo","Storm"],"picked":"Streamline","floor":1},{"not_picked":["Compile Driver","Barrage","Turbo"],"picked":"SKIP","floor":4},{"not_picked":["Double Energy","Hologram"],"picked":"Static Discharge","floor":5},{"not_picked":["Go for the Eyes","Conserve Battery"],"picked":"Seek","floor":7},{"not_picked":["Stack","Steam Power"],"picked":"Ball Lightning","floor":8},{"not_picked":["Compile Driver","Seek"],"picked":"Sweeping Beam","floor":13}],"player_experience":603826,"relics_obtained":[{"floor":7,"key":"Cables"},{"floor":9,"key":"Pen Nib"},{"floor":13,"key":"Omamori"}],"event_choices":[{"cards_removed":["Strike_B"],"damage_healed":0,"gold_gain":0,"player_choice":"Card Removal","damage_taken":7,"max_hp_gain":0,"max_hp_loss":0,"event_name":"Golden Wing","floor":2,"gold_loss":0},{"damage_healed":0,"gold_gain":0,"player_choice":"Lose Max HP","damage_taken":0,"relics_obtained":["Golden Idol"],"max_hp_gain":0,"max_hp_loss":7,"event_name":"Golden Idol","floor":3,"gold_loss":0},{"damage_healed":21,"gold_gain":0,"player_choice":"Banana","damage_taken":0,"max_hp_gain":0,"max_hp_loss":0,"event_name":"Big Fish","floor":12,"gold_loss":0},{"damage_healed":0,"gold_gain":0,"player_choice":"Success","damage_taken":18,"relics_obtained":["Tiny Chest"],"max_hp_gain":0,"max_hp_loss":0,"event_name":"Scrap Ooze","floor":14,"gold_loss":0}],"is_beta":false,"boss_relics":[],"items_purged_floors":[],"is_endless":false,"potions_floor_spawned":[7,8,13],"killed_by":"The Guardian","ascension_level":20}