{"gold_per_floor":[110,120,133,133,146,173,173,204,204,204,230,57,70,70,70,172,172,192,107,107,122,141,175,193,222,273,305,315,315,315,335,335,335],"floor_reached":33,"playtime":1998,"items_purged":["Strike_G"],"score":440,"play_id":"cff1e84e-5a94-49c0-8a6a-8b8847b5712c","local_time":"20190826220240","is_ascension_mode":true,"campfire_choices":[{"data":"Endless Agony","floor":7,"key":"SMITH"},{"floor":10,"key":"REST"},{"floor":15,"key":"REST"},{"floor":30,"key":"REST"},{"floor":32,"key":"REST"}],"neow_cost":"NONE","seed_source_timestamp":14482519592125,"circlet_count":0,"master_deck":["Defend_G","Defend_G","Defend_G","Defend_G","Defend_G","Survivor","Neutralize","A Thousand Cuts+1","Underhanded Strike","Tactician","Backflip","Endless Agony+1","PiercingWail","Crippling Poison","Footwork","Noxious Fumes","Slice+1","Expertise","Storm of Steel","Doppelganger+1","Unload+1","Adrenaline+1","Accuracy","Blade Dance+1","Accuracy","Cloak And Dagger+1","Footwork","Concentrate","Blade Dance","Dodge and Roll","Choke+1"],"relics":["Ring of the Snake","Potion Belt","Centennial Puzzle","Molten Egg 2","Ninja Scroll","Bottled Flame","Astrolabe","Sundial","PreservedInsect","Bottled Tornado","Bronze Scales","Anchor"],"potions_floor_usage":[8,8,16,18,23,23,25,25,28,33],"damage_taken":[{"damage":0,"enemies":"2 Louse","floor":1,"turns":3},{"damage":1,"enemies":"Cultist","floor":2,"turns":5},{"damage":1,"enemies":"Jaw Worm","floor":3,"turns":5},{"damage":4,"enemies":"Blue Slaver","floor":5,"turns":6},{"damage":19,"enemies":"3 Sentries","floor":6,"turns":6},{"damage":32,"enemies":"Gremlin Nob","floor":8,"turns":4},{"damage":15,"enemies":"Lagavulin","floor":11,"turns":7},{"damage":6,"enemies":"Looter","floor":13,"turns":2},{"damage":15,"enemies":"The Guardian","floor":16,"turns":13},{"damage":9,"enemies":"2 Thieves","floor":18,"turns":3},{"damage":5,"enemies":"Shell Parasite","floor":21,"turns":4},{"damage":7,"enemies":"Shelled Parasite and Fungi","floor":22,"turns":5},{"damage":6,"enemies":"Slavers","floor":23,"turns":4},{"damage":0,"enemies":"Cultist and Chosen","floor":24,"turns":4},{"damage":25,"enemies":"Book of Stabbing","floor":25,"turns":5},{"damage":0,"enemies":"Gremlin Leader","floor":27,"turns":3},{"damage":0,"enemies":"Centurion and Healer","floor":28,"turns":2},{"damage":3,"enemies":"Chosen and Byrds","floor":31,"turns":6},{"damage":62,"enemies":"Collector","floor":33,"turns":7}],"seed_played":"-8222953131780908824","potions_obtained":[{"floor":2,"key":"FearPotion"},{"floor":5,"key":"SteroidPotion"},{"floor":8,"key":"FearPotion"},{"floor":11,"key":"EssenceOfSteel"},{"floor":16,"key":"Poison Potion"},{"floor":21,"key":"Swift Potion"},{"floor":22,"key":"AttackPotion"},{"floor":23,"key":"SpeedPotion"},{"floor":27,"key":"Energy Potion"},{"floor":31,"key":"Energy Potion"}],"is_trial":false,"path_per_floor":["M","M","M","?","M","E","R","E","T","R","E","$","M","T","R","B",null,"M","?","?","M","M","E","M","E","T","E","M","?","R","M","R","B"],"character_chosen":"THE_SILENT","items_purchased":["Noxious Fumes","Slice+1"],"campfire_rested":4,"item_purchase_floors":[12,12],"current_hp_per_floor":[70,69,68,68,64,45,45,13,13,34,19,19,13,13,34,19,57,48,48,48,43,36,30,30,5,5,5,5,5,26,23,44,0],"gold":335,"neow_bonus":"ONE_RANDOM_RARE_CARD","is_prod":false,"is_daily":false,"chose_seed":false,"campfire_upgraded":1,"win_rate":0,"timestamp":1566824560,"path_taken":["M","M","M","?","?","E","R","E","T","R","E","?","M","?","R","BOSS","M","?","?","M","M","E","M","E","T","E","M","?","R","?","R","BOSS"],"build_version":"2019-07-17","purchased_purges":1,"victory":false,"max_hp_per_floor":[70,70,70,70,70,70,70,70,70,70,70,70,70,70,70,70,70,70,70,70,70,70,70,70,70,70,70,70,70,70,70,70,70],"card_choices":[{"not_picked":["Sucker Punch","Concentrate"],"picked":"Underhanded Strike","floor":1},{"not_picked":["Outmaneuver","Acrobatics"],"picked":"Tactician","floor":2},{"not_picked":["Dodge and Roll","Predator"],"picked":"Backflip","floor":3},{"not_picked":["Blade Dance","Deadly Poison"],"picked":"Endless Agony","floor":5},{"not_picked":["Distraction","Die Die Die"],"picked":"PiercingWail","floor":6},{"not_picked":["Bane","Flying Knee"],"picked":"Crippling Poison","floor":8},{"not_picked":["Heel Hook+1","Backflip"],"picked":"Footwork","floor":11},{"not_picked":["Underhanded Strike+1","Flying Knee+1"],"picked":"Expertise","floor":13},{"not_picked":["Glass Knife+1","Unload+1"],"picked":"Storm of Steel","floor":16},{"not_picked":["Setup","Blade Dance+1"],"picked":"Accuracy","floor":18},{"not_picked":["Backflip","Slice+1"],"picked":"Blade Dance+1","floor":21},{"not_picked":["Backflip","Quick Slash+1"],"picked":"Accuracy","floor":22},{"not_picked":["Underhanded Strike+1","Dagger Throw+1"],"picked":"Cloak And Dagger+1","floor":23},{"not_picked":["Dodge and Roll","Setup+1"],"picked":"Footwork","floor":24},{"not_picked":["Caltrops","Masterful Stab+1"],"picked":"Concentrate","floor":25},{"not_picked":["Quick Slash+1","Dagger Throw+1"],"picked":"Blade Dance","floor":27},{"not_picked":["Crippling Poison","Prepared"],"picked":"Dodge and Roll","floor":28},{"not_picked":["Grand Finale+1","Concentrate"],"picked":"Choke+1","floor":31}],"player_experience":240538,"relics_obtained":[{"floor":6,"key":"Potion Belt"},{"floor":8,"key":"Centennial Puzzle"},{"floor":9,"key":"Molten Egg 2"},{"floor":11,"key":"Ninja Scroll"},{"floor":14,"key":"Bottled Flame"},{"floor":23,"key":"PreservedInsect"},{"floor":25,"key":"Bottled Tornado"},{"floor":26,"key":"Bronze Scales"},{"floor":27,"key":"Anchor"}],"event_choices":[{"damage_healed":0,"gold_gain":0,"player_choice":"Upgraded","damage_taken":0,"max_hp_gain":0,"max_hp_loss":0,"event_name":"Upgrade Shrine","floor":4,"gold_loss":0,"cards_upgraded":["A Thousand Cuts"]},{"damage_healed":0,"gold_gain":0,"player_choice":"Obtained Relic","damage_taken":0,"relics_obtained":["Sundial"],"max_hp_gain":0,"max_hp_loss":0,"event_name":"Addict","floor":19,"gold_loss":85},{"damage_healed":0,"gold_gain":0,"player_choice":"Ignored","damage_taken":0,"max_hp_gain":0,"max_hp_loss":0,"event_name":"Ghosts","floor":20,"gold_loss":0},{"cards_removed":["Strike_G"],"damage_healed":0,"gold_gain":0,"player_choice":"Purged","damage_taken":0,"max_hp_gain":0,"max_hp_loss":0,"event_name":"Purifier","floor":29,"gold_loss":0}],"is_beta":false,"boss_relics":[{"not_picked":["Tiny House","Coffee Dripper"],"picked":"Astrolabe"}],"items_purged_floors":[12],"is_endless":false,"potions_floor_spawned":[2,5,8,11,16,21,22,23,27,31],"killed_by":"Collector","ascension_level":5}