{"gold_per_floor":[114,23,23,23,47,80,80,118,144,190,202,214,241,253,265,277],"floor_reached":16,"playtime":934,"items_purged":[],"score":232,"play_id":"63eac21e-28e9-4b50-831c-37cdee31ffad","local_time":"20190828214155","is_ascension_mode":true,"campfire_choices":[{"data":"Combust","floor":7.0,"key":"SMITH"},{"floor":11.0,"key":"REST"},{"data":"Bash","floor":15.0,"key":"SMITH"}],"neow_cost":"CURSE","seed_source_timestamp":1034453668158294,"circlet_count":0,"master_deck":["AscendersBane","Strike_R","Strike_R","Strike_R","Defend_R","Defend_R","Defend_R","Defend_R","Bash+1","Combust+1","Metallicize","Pommel Strike","Shrug It Off","Rupture","Clothesline","Iron Wave"],"special_seed":0,"relics":["Burning Blood","Golden Idol","Smiling Mask","PreservedInsect","MawBank","Dodecahedron"],"potions_floor_usage":[16,16],"damage_taken":[{"damage":13.0,"enemies":"Small Slimes","floor":1.0,"turns":5.0},{"damage":1.0,"enemies":"2 Louse","floor":5.0,"turns":2.0},{"damage":20.0,"enemies":"3 Sentries","floor":6.0,"turns":7.0},{"damage":26.0,"enemies":"Gremlin Nob","floor":8.0,"turns":4.0},{"damage":15.0,"enemies":"Lagavulin","floor":10.0,"turns":7.0},{"damage":0.0,"enemies":"Jaw Worm","floor":13.0,"turns":6.0},{"damage":44,"enemies":"Slime Boss","floor":16,"turns":7}],"seed_played":"-422708656825575470","potions_obtained":[{"floor":1.0,"key":"Dexterity Potion"},{"floor":5.0,"key":"SkillPotion"},{"floor":6.0,"key":"SteroidPotion"},{"floor":10.0,"key":"SteroidPotion"},{"floor":12.0,"key":"Fire Potion"}],"is_trial":false,"path_per_floor":["M","$","?","?","M","E","R","E","T","E","R","?","M","$","R","B"],"character_chosen":"IRONCLAD","items_purchased":["Shrug It Off","Rupture"],"campfire_rested":1,"item_purchase_floors":[2,2],"current_hp_per_floor":[61,61,54,54,59,45,45,25,25,16,36,36,42,42,42,0],"gold":277,"neow_bonus":"TRANSFORM_TWO_CARDS","is_prod":false,"is_daily":false,"chose_seed":false,"campfire_upgraded":2,"win_rate":0,"timestamp":1567042915,"path_taken":["M","$","?","?","M","E","R","E","T","E","R","?","M","$","R","BOSS"],"build_version":"2019-07-17","purchased_purges":0,"victory":false,"max_hp_per_floor":[75,75,75,68,68,68,68,68,68,68,68,68,68,68,68,68],"card_choices":[{"not_picked":["Thunderclap","Intimidate"],"picked":"Pommel Strike","floor":1.0},{"not_picked":["Hemokinesis","Havoc"],"picked":"Clothesline","floor":5.0},{"not_picked":["Reckless Charge","Sentinel"],"picked":"Iron Wave","floor":6.0},{"not_picked":["Sever Soul","Flex","Infernal Blade"],"picked":"SKIP","floor":8.0},{"not_picked":["True Grit","Rampage","Sentinel"],"picked":"SKIP","floor":10.0},{"not_picked":["Infernal Blade","Heavy Blade","Perfected Strike"],"picked":"SKIP","floor":13.0}],"player_experience":611944,"relics_obtained":[{"floor":6.0,"key":"Smiling Mask"},{"floor":8.0,"key":"PreservedInsect"},{"floor":9.0,"key":"MawBank"},{"floor":10.0,"key":"Dodecahedron"}],"event_choices":[{"cards_removed":["Clumsy"],"damage_healed":0.0,"max_hp_gain":0.0,"max_hp_loss":0.0,"gold_gain":0.0,"event_name":"Golden Wing","player_choice":"Card Removal","floor":3.0,"gold_loss":0.0,"damage_taken":7.0},{"damage_healed":0.0,"max_hp_gain":0.0,"max_hp_loss":7.0,"gold_gain":0.0,"event_name":"Golden Idol","player_choice":"Lose Max HP","floor":4.0,"gold_loss":0.0,"damage_taken":0.0,"relics_obtained":["Golden Idol"]},{"damage_healed":0.0,"max_hp_gain":0.0,"max_hp_loss":0.0,"gold_gain":0.0,"event_name":"Lab","player_choice":"Got Potions","floor":12.0,"gold_loss":0.0,"damage_taken":0.0}],"is_beta":false,"boss_relics":[],"items_purged_floors":[],"is_endless":false,"potions_floor_spawned":[1,5,6,10],"killed_by":"Slime Boss","ascension_level":20}