{"gold_per_floor":[17,117,70,70,70,70,109,109,133,152,168,188,204,81,81,202,202,222,322,340,95,113,138,159,177,177,190,190,190,205,240,240,363,363,376,501,501,526,330,330,430,430,453,486,178,202,222,235,235,235],"floor_reached":51,"playtime":2737,"items_purged":["Strike_R","Strike_R","Strike_R","Strike_R"],"score":751,"play_id":"550744f3-66a1-46cb-bdfc-62ac1b101599","local_time":"20190811061635","is_ascension_mode":false,"campfire_choices":[{"data":"Demon Form","floor":6,"key":"SMITH"},{"floor":8,"key":"REST"},{"data":"Heavy Blade","floor":15,"key":"SMITH"},{"data":"Heavy Blade","floor":29,"key":"SMITH"},{"floor":32,"key":"REST"},{"data":"Dual Wield","floor":40,"key":"SMITH"},{"data":"Dual Wield","floor":42,"key":"SMITH"},{"data":"Battle Trance","floor":49,"key":"SMITH"}],"neow_cost":"NO_GOLD","seed_source_timestamp":72635358614471,"circlet_count":0,"master_deck":["Strike_R","Defend_R","Defend_R","Defend_R","Defend_R","Bash","Demon Form+1","Flame Barrier","Heavy Blade+1","Battle Trance+1","Shrug It Off","Clothesline","Spot Weakness","Iron Wave","Brutality","Dual Wield+1","Seeing Red+1","Flex+1","Heavy Blade+1","Heavy Blade+1","Dual Wield+1","Corruption","Flame Barrier","Dual Wield+1"],"relics":["Burning Blood","Golden Idol","Singing Bowl","Orichalcum","Bag of Preparation","Snecko Eye","Red Skull","Darkstone Periapt","Sundial","Sozu","FossilizedHelix","Vajra","Strawberry"],"potions_floor_usage":[20,27,31,33,33],"damage_taken":[{"damage":5,"enemies":"Small Slimes","floor":1,"turns":5},{"damage":35,"enemies":"3 Sentries","floor":7,"turns":7},{"damage":5,"enemies":"Cultist","floor":10,"turns":4},{"damage":0,"enemies":"2 Louse","floor":11,"turns":3},{"damage":0,"enemies":"Blue Slaver","floor":12,"turns":4},{"damage":1,"enemies":"Red Slaver","floor":13,"turns":4},{"damage":52,"enemies":"The Guardian","floor":16,"turns":8},{"damage":3,"enemies":"3 Byrds","floor":18,"turns":3},{"damage":2,"enemies":"2 Thieves","floor":20,"turns":3},{"damage":29,"enemies":"3 Cultists","floor":22,"turns":5},{"damage":2,"enemies":"Cultist and Chosen","floor":23,"turns":5},{"damage":11,"enemies":"Snake Plant","floor":24,"turns":3},{"damage":2,"enemies":"Snecko","floor":25,"turns":3},{"damage":1,"enemies":"3 Cultists","floor":27,"turns":3},{"damage":22,"enemies":"Centurion and Healer","floor":30,"turns":5},{"damage":22,"enemies":"Book of Stabbing","floor":31,"turns":5},{"damage":20,"enemies":"Automaton","floor":33,"turns":6},{"damage":7,"enemies":"3 Shapes","floor":35,"turns":3},{"damage":30,"enemies":"Mind Bloom Boss Battle","floor":36,"turns":5},{"damage":0,"enemies":"3 Darklings","floor":38,"turns":3},{"damage":9,"enemies":"Reptomancer","floor":44,"turns":4},{"damage":0,"enemies":"Transient","floor":46,"turns":5},{"damage":0,"enemies":"4 Shapes","floor":47,"turns":2},{"damage":0,"enemies":"Spire Growth","floor":48,"turns":3},{"damage":49,"enemies":"Donu and Deca","floor":50,"turns":5}],"seed_played":"2215626331202328341","potions_obtained":[{"floor":10,"key":"LiquidBronze"},{"floor":12,"key":"Swift Potion"},{"floor":18,"key":"PowerPotion"},{"floor":24,"key":"AttackPotion"},{"floor":30,"key":"Weak Potion"},{"floor":31,"key":"EssenceOfSteel"}],"is_trial":false,"path_per_floor":["M","?","$","?","T","R","E","R","T","M","M","M","M","$","R","B",null,"M","?","M","$","M","M","M","M","T","M","?","R","M","E","R","B",null,"M","?","?","M","$","R","?","R","T","E","$","M","M","M","R","B",null],"character_chosen":"IRONCLAD","items_purchased":["Heavy Blade","Flex","Red Skull","Dual Wield","Corruption","Flame Barrier"],"campfire_rested":2,"item_purchase_floors":[3,14,21,39,45,45],"current_hp_per_floor":[80,80,80,60,60,60,31,55,55,56,62,68,73,73,73,27,80,80,80,82,82,59,65,62,66,66,71,71,71,57,43,70,58,92,93,69,69,77,77,77,77,77,77,83,83,89,97,105,105,62],"gold":235,"neow_bonus":"THREE_RARE_CARDS","is_prod":false,"is_daily":false,"chose_seed":false,"campfire_upgraded":6,"win_rate":0.0,"timestamp":1565471795,"path_taken":["M","?","?","?","?","R","E","R","T","M","M","M","M","$","R","BOSS","M","?","M","$","M","M","M","M","T","?","?","R","M","E","R","BOSS","M","?","?","M","$","R","?","R","T","E","$","M","M","M","R","BOSS"],"build_version":"2019-07-17","purchased_purges":4,"victory":true,"max_hp_per_floor":[80,80,80,80,80,80,80,80,80,80,80,80,80,80,80,80,80,80,80,82,82,82,84,86,86,86,86,86,86,88,90,90,92,92,94,94,94,96,96,96,96,96,96,105,105,105,107,109,109,109],"card_choices":[{"not_picked":["Immolate","Exhume"],"picked":"Demon Form","floor":0},{"not_picked":["Armaments","Havoc"],"picked":"Flame Barrier","floor":1},{"not_picked":["True Grit","Second Wind"],"picked":"Battle Trance","floor":7},{"not_picked":["Headbutt","Intimidate"],"picked":"Shrug It Off","floor":10},{"not_picked":["Rage","Carnage"],"picked":"Clothesline","floor":11},{"not_picked":["Blood for Blood","True Grit"],"picked":"Spot Weakness","floor":12},{"not_picked":["Warcry","Cleave"],"picked":"Iron Wave","floor":13},{"not_picked":["Juggernaut","Barricade"],"picked":"Brutality","floor":16},{"not_picked":["Warcry","Dropkick"],"picked":"Dual Wield","floor":18},{"not_picked":["Perfected Strike","Headbutt","Pommel Strike+1"],"picked":"Singing Bowl","floor":20},{"not_picked":["Twin Strike","Reckless Charge"],"picked":"Seeing Red+1","floor":22},{"not_picked":["Shockwave+1","Clothesline","Fire Breathing"],"picked":"Singing Bowl","floor":23},{"not_picked":["Rage","Havoc","Pommel Strike"],"picked":"Singing Bowl","floor":24},{"not_picked":["Body Slam","Anger"],"picked":"Flex+1","floor":25},{"not_picked":["Dual Wield","Entrench"],"picked":"Heavy Blade","floor":27},{"not_picked":["Second Wind+1","Evolve","Juggernaut"],"picked":"Singing Bowl","floor":30},{"not_picked":["Pommel Strike","Pummel","Anger"],"picked":"Singing Bowl","floor":31},{"not_picked":["Offering","Juggernaut","Berserk"],"picked":"Singing Bowl","floor":33},{"not_picked":["Cleave","Twin Strike","Battle Trance+1"],"picked":"Singing Bowl","floor":35},{"not_picked":["Headbutt+1","Anger+1"],"picked":"Heavy Blade+1","floor":36},{"not_picked":["Headbutt","Metallicize+1","Armaments"],"picked":"Singing Bowl","floor":38},{"not_picked":["Whirlwind+1","Rampage+1","Hemokinesis+1"],"picked":"Singing Bowl","floor":44},{"not_picked":["Heavy Blade+1","Ghostly Armor+1"],"picked":"Dual Wield+1","floor":46},{"not_picked":["Sentinel","Evolve+1","Wild Strike+1"],"picked":"Singing Bowl","floor":47},{"not_picked":["Dual Wield","Iron Wave","Cleave"],"picked":"Singing Bowl","floor":48}],"player_experience":45157,"relics_obtained":[{"floor":5,"key":"Singing Bowl"},{"floor":7,"key":"Orichalcum"},{"floor":9,"key":"Bag of Preparation"},{"floor":26,"key":"Darkstone Periapt"},{"floor":31,"key":"Sundial"},{"floor":36,"key":"FossilizedHelix"},{"floor":43,"key":"Vajra"},{"floor":44,"key":"Strawberry"}],"event_choices":[{"damage_healed":0,"gold_gain":100,"player_choice":"Pray","damage_taken":0,"max_hp_gain":0,"max_hp_loss":0,"event_name":"Golden Shrine","floor":2,"gold_loss":0},{"damage_healed":0,"gold_gain":0,"player_choice":"Take Damage","damage_taken":20,"relics_obtained":["Golden Idol"],"max_hp_gain":0,"max_hp_loss":0,"event_name":"Golden Idol","floor":4,"gold_loss":0},{"damage_healed":0,"gold_gain":100,"player_choice":"Pray","damage_taken":0,"max_hp_gain":0,"max_hp_loss":0,"event_name":"Golden Shrine","floor":19,"gold_loss":0},{"damage_healed":0,"gold_gain":0,"player_choice":"Ignored","damage_taken":0,"max_hp_gain":0,"max_hp_loss":0,"event_name":"Vampires","floor":28,"gold_loss":0},{"damage_healed":0,"gold_gain":0,"player_choice":"Fight","damage_taken":0,"max_hp_gain":0,"max_hp_loss":0,"event_name":"MindBloom","floor":36,"gold_loss":0},{"cards_removed":["Flex"],"damage_healed":0,"gold_gain":0,"player_choice":"Removed Skill","damage_taken":0,"max_hp_gain":0,"max_hp_loss":0,"event_name":"Falling","floor":37,"gold_loss":0},{"damage_healed":0,"gold_gain":100,"player_choice":"Pray","damage_taken":0,"max_hp_gain":0,"max_hp_loss":0,"event_name":"Golden Shrine","floor":41,"gold_loss":0}],"is_beta":false,"boss_relics":[{"not_picked":["Velvet Choker","Fusion Hammer"],"picked":"Snecko Eye"},{"not_picked":["Astrolabe","Mark of Pain"],"picked":"Sozu"}],"items_purged_floors":[14,21,39,45],"is_endless":false,"potions_floor_spawned":[10,12,18,24,30,31,38,46],"ascension_level":0}