{"gold_per_floor":[18,18,33,44,59,93,111,111,111,121,121,149,149,74,74,176,176,193,193,44,44,62,62,73,106,180,192,67,67,79,105,105,201,201,220,64,164,164,184,213,213,213,285,295,321,321,333,13,13,13],"floor_reached":51,"playtime":2618,"items_purged":["Strike_R","Defend_R","Defend_R+1"],"score":1024,"play_id":"7a5bb77a-a518-468e-9ad6-868f1e758cf2","local_time":"20190902091421","is_ascension_mode":true,"campfire_choices":[{"data":"Rampage","floor":11.0,"key":"SMITH"},{"data":"Bash","floor":15.0,"key":"SMITH"},{"data":"Defend_R","floor":23.0,"key":"SMITH"},{"data":"Dropkick","floor":29.0,"key":"SMITH"},{"data":"Dual Wield","floor":32.0,"key":"SMITH"},{"data":"Thunderclap","floor":41,"key":"SMITH"},{"floor":46,"key":"RECALL"},{"data":"Dropkick","floor":49,"key":"SMITH"}],"neow_cost":"NO_GOLD","seed_source_timestamp":5236146172800,"circlet_count":0,"master_deck":["Bash+1","Dropkick+1","Dual Wield+1","Thunderclap+1","Dropkick+1"],"special_seed":0,"relics":["Burning Blood","PreservedInsect","CultistMask","Happy Flower","Strawberry","Empty Cage","Shuriken","Mummified Hand","FossilizedHelix","Coffee Dripper","Bag of Marbles","Torii","Pen Nib","Boot","Dodecahedron","Ancient Tea Set","Ornamental Fan"],"potions_floor_usage":[50,50],"damage_taken":[{"damage":1.0,"enemies":"Jaw Worm","floor":1.0,"turns":3.0},{"damage":6.0,"enemies":"Cultist","floor":3.0,"turns":3.0},{"damage":5.0,"enemies":"Small Slimes","floor":4.0,"turns":3.0},{"damage":15.0,"enemies":"Exordium Thugs","floor":5.0,"turns":3.0},{"damage":26.0,"enemies":"Lagavulin","floor":6.0,"turns":7.0},{"damage":15.0,"enemies":"Gremlin Gang","floor":7.0,"turns":5.0},{"damage":5.0,"enemies":"2 Fungi Beasts","floor":10.0,"turns":4.0},{"damage":0.0,"enemies":"Gremlin Nob","floor":12.0,"turns":2.0},{"damage":33.0,"enemies":"Hexaghost","floor":16.0,"turns":5.0},{"damage":15.0,"enemies":"3 Byrds","floor":18.0,"turns":4.0},{"damage":5.0,"enemies":"Chosen","floor":22.0,"turns":3.0},{"damage":24.0,"enemies":"Centurion and Healer","floor":24.0,"turns":4.0},{"damage":0.0,"enemies":"Gremlin Leader","floor":25.0,"turns":3.0},{"damage":30.0,"enemies":"Snake Plant","floor":27.0,"turns":4.0},{"damage":10.0,"enemies":"Cultist and Chosen","floor":30.0,"turns":2.0},{"damage":21.0,"enemies":"Slavers","floor":31.0,"turns":3.0},{"damage":0.0,"enemies":"Champ","floor":33.0,"turns":1.0},{"damage":12,"enemies":"3 Shapes","floor":35,"turns":1},{"damage":0,"enemies":"Mind Bloom Boss Battle","floor":37,"turns":1},{"damage":0,"enemies":"Orb Walker","floor":39,"turns":1},{"damage":0,"enemies":"Giant Head","floor":40,"turns":1},{"damage":0,"enemies":"Jaw Worm Horde","floor":44,"turns":1},{"damage":0,"enemies":"Nemesis","floor":45,"turns":1},{"damage":9,"enemies":"Sphere and 2 Shapes","floor":47,"turns":1},{"damage":24,"enemies":"Donu and Deca","floor":50,"turns":3}],"seed_played":"4615170260680508456","potions_obtained":[{"floor":1.0,"key":"Poison Potion"},{"floor":3.0,"key":"Energy Potion"},{"floor":6.0,"key":"Swift Potion"},{"floor":16.0,"key":"Strength Potion"},{"floor":18.0,"key":"SteroidPotion"},{"floor":25.0,"key":"BloodPotion"},{"floor":31.0,"key":"Poison Potion"},{"floor":35,"key":"Explosive Potion"},{"floor":40,"key":"EssenceOfSteel"},{"floor":44,"key":"Dexterity Potion"},{"floor":45,"key":"Energy Potion"}],"is_trial":false,"path_per_floor":["M","?","M","M","M","E","M","?","T","M","R","E","?","$","R","B",null,"M","?","$","$","M","R","M","E","T","M","$","R","M","E","R","B",null,"M","$","?","?","M","E","R","?","T","M","E","R","M","$","R","B",null],"character_chosen":"IRONCLAD","items_purchased":["Thunderclap","Bag of Marbles","Dropkick","Ornamental Fan"],"campfire_rested":0,"item_purchase_floors":[20,36,48,48],"current_hp_per_floor":[80,80,80,80,71,51,42,42,42,43,43,56,49,49,49,22,87,78,78,78,78,79,79,61,67,67,64,64,64,60,45,45,51,87,81,81,87,87,87,87,87,87,87,87,87,87,84,84,84,66],"gold":13,"neow_bonus":"REMOVE_TWO","is_prod":false,"is_daily":false,"chose_seed":false,"campfire_upgraded":7,"win_rate":0,"timestamp":1567440861,"path_taken":["M","?","M","M","M","E","M","?","T","?","R","E","?","?","R","BOSS","M","?","?","$","M","R","M","E","T","M","$","R","?","E","R","BOSS","M","$","?","?","M","E","R","?","T","M","E","R","M","$","R","BOSS"],"build_version":"2019-07-17","purchased_purges":3,"victory":true,"max_hp_per_floor":[80,80,80,80,80,80,80,80,80,80,80,87,87,87,87,87,87,87,87,87,87,87,87,87,87,87,87,87,87,87,87,87,87,87,87,87,87,87,87,87,87,87,87,87,87,87,87,87,87,87],"card_choices":[{"not_picked":["Blood for Blood","Sentinel","Infernal Blade"],"picked":"SKIP","floor":1.0},{"not_picked":["Power Through","Shrug It Off"],"picked":"Dropkick","floor":3.0},{"not_picked":["Warcry","True Grit","Thunderclap"],"picked":"SKIP","floor":4.0},{"not_picked":["Warcry","True Grit","Thunderclap"],"picked":"SKIP","floor":4.0},{"not_picked":["Pommel Strike","Whirlwind"],"picked":"Rampage","floor":5.0},{"not_picked":["Shrug It Off","Pommel Strike"],"picked":"Dual Wield","floor":6.0},{"not_picked":["Anger","Twin Strike","Corruption"],"picked":"SKIP","floor":7.0},{"not_picked":["Clothesline","Battle Trance","Headbutt"],"picked":"SKIP","floor":10.0},{"not_picked":["Cleave","Demon Form","Wild Strike"],"picked":"SKIP","floor":12.0},{"not_picked":["Power Through","Intimidate","Cleave+1"],"picked":"SKIP","floor":18.0},{"not_picked":["Power Through","Clothesline","Havoc"],"picked":"SKIP","floor":22.0},{"not_picked":["Armaments","Shrug It Off","Iron Wave+1"],"picked":"SKIP","floor":24.0},{"not_picked":["Clothesline","Wild Strike","Sentinel"],"picked":"SKIP","floor":25.0},{"not_picked":["Cleave","Thunderclap","Fire Breathing+1"],"picked":"SKIP","floor":27.0},{"not_picked":["Armaments","Uppercut","Cleave+1"],"picked":"SKIP","floor":30.0},{"not_picked":["Warcry+1","Inflame","Fiend Fire"],"picked":"SKIP","floor":31.0},{"not_picked":["Headbutt+1","Spot Weakness","Clothesline"],"picked":"SKIP","floor":35},{"not_picked":["Headbutt+1","Spot Weakness","Clothesline"],"picked":"SKIP","floor":35},{"not_picked":["Rupture+1","Bloodletting+1","Carnage"],"picked":"SKIP","floor":39},{"not_picked":["Fire Breathing+1","Headbutt","Ghostly Armor"],"picked":"SKIP","floor":40},{"not_picked":["Searing Blow+1","True Grit","Combust+1"],"picked":"SKIP","floor":44},{"not_picked":["Heavy Blade","Battle Trance+1","Seeing Red+1"],"picked":"SKIP","floor":45},{"not_picked":["True Grit","Infernal Blade","Sword Boomerang"],"picked":"SKIP","floor":47}],"player_experience":751406,"relics_obtained":[{"floor":6.0,"key":"PreservedInsect"},{"floor":9.0,"key":"Happy Flower"},{"floor":12.0,"key":"Strawberry"},{"floor":25.0,"key":"Shuriken"},{"floor":26.0,"key":"Mummified Hand"},{"floor":31.0,"key":"FossilizedHelix"},{"floor":37,"key":"Torii"},{"floor":40,"key":"Pen Nib"},{"floor":43,"key":"Dodecahedron"},{"floor":45,"key":"Ancient Tea Set"}],"event_choices":[{"cards_removed":["Strike_R"],"damage_healed":0.0,"max_hp_gain":0.0,"max_hp_loss":0.0,"gold_gain":0.0,"event_name":"Living Wall","player_choice":"Forget","floor":2.0,"gold_loss":0.0,"damage_taken":0.0},{"damage_healed":0.0,"max_hp_gain":0.0,"max_hp_loss":0.0,"gold_gain":0.0,"event_name":"FaceTrader","player_choice":"Trade","floor":8.0,"gold_loss":0.0,"damage_taken":0.0,"relics_obtained":["CultistMask"]},{"cards_removed":["Strike_R"],"damage_healed":0.0,"max_hp_gain":0.0,"max_hp_loss":0.0,"gold_gain":0.0,"event_name":"Golden Wing","player_choice":"Card Removal","floor":13.0,"gold_loss":0.0,"damage_taken":7.0},{"damage_healed":0.0,"max_hp_gain":0.0,"max_hp_loss":0.0,"gold_gain":0.0,"event_name":"Duplicator","player_choice":"Ignored","floor":19.0,"gold_loss":0.0,"damage_taken":0.0},{"damage_healed":0,"gold_gain":0,"player_choice":"Fight","damage_taken":0,"max_hp_gain":0,"max_hp_loss":0,"event_name":"MindBloom","floor":37,"gold_loss":0},{"cards_removed":["Rampage"],"damage_healed":0,"gold_gain":0,"player_choice":"Removed Attack","damage_taken":0,"max_hp_gain":0,"max_hp_loss":0,"event_name":"Falling","floor":38,"gold_loss":0},{"damage_healed":0,"gold_gain":0,"player_choice":"Gave Potion","damage_taken":0,"relics_obtained":["Boot"],"max_hp_gain":0,"max_hp_loss":0,"event_name":"WeMeetAgain","floor":42,"gold_loss":0}],"is_beta":false,"boss_relics":[{"not_picked":["Velvet Choker","Sozu"],"picked":"Empty Cage"},{"not_picked":["Calling Bell","Black Blood"],"picked":"Coffee Dripper"}],"items_purged_floors":[14,20,28],"is_endless":false,"potions_floor_spawned":[1,3,6,16,18,25,31,35,40,44,45],"ascension_level":1}