{"gold_per_floor":[110,110,124,199,211,211,229,229,229,254,269,283,283],"floor_reached":13,"playtime":475,"items_purged":[],"score":109,"play_id":"2ef96acf-081e-4aa8-8c5c-b6141046a7b8","local_time":"20190820222136","is_ascension_mode":true,"campfire_choices":[{"data":"True Grit","floor":6,"key":"SMITH"},{"data":"Pommel Strike","floor":8,"key":"SMITH"}],"neow_cost":"NONE","seed_source_timestamp":9447634429459,"circlet_count":0,"master_deck":["Strike_R","Strike_R","Strike_R","Strike_R","Strike_R","Defend_R","Defend_R","Defend_R","Defend_R","Bash","Pommel Strike+1","Body Slam+1","Flex","True Grit+1","Power Through","Ghostly Armor","Headbutt"],"relics":["Burning Blood","Pantograph","Kunai"],"potions_floor_usage":[13],"damage_taken":[{"damage":6,"enemies":"2 Louse","floor":1,"turns":3},{"damage":1,"enemies":"Cultist","floor":3,"turns":4},{"damage":6,"enemies":"Jaw Worm","floor":5,"turns":4},{"damage":10,"enemies":"3 Louse","floor":7,"turns":4},{"damage":43,"enemies":"Gremlin Nob","floor":10,"turns":5},{"damage":2,"enemies":"Looter","floor":11,"turns":3},{"damage":7,"enemies":"2 Fungi Beasts","floor":12,"turns":4},{"damage":33,"enemies":"Lagavulin","floor":13,"turns":10}],"seed_played":"1956444067612223165","potions_obtained":[{"floor":1,"key":"Explosive Potion"},{"floor":10,"key":"LiquidBronze"}],"is_trial":false,"path_per_floor":["M","?","M","?","M","R","M","R","T","E","M","M","E"],"character_chosen":"IRONCLAD","items_purchased":[],"campfire_rested":0,"item_purchase_floors":[],"current_hp_per_floor":[80,80,80,69,69,69,65,65,65,28,32,31,0],"gold":283,"neow_bonus":"THREE_CARDS","is_prod":false,"is_daily":false,"chose_seed":false,"campfire_upgraded":2,"win_rate":0,"timestamp":1566307296,"path_taken":["M","?","?","?","M","R","M","R","T","E","M","M","E"],"build_version":"2019-07-17","purchased_purges":0,"victory":false,"max_hp_per_floor":[80,80,80,80,80,80,80,80,80,80,80,80,80],"card_choices":[{"not_picked":["Clash","Flex"],"picked":"Pommel Strike","floor":0},{"not_picked":["Second Wind","Burning Pact"],"picked":"Body Slam","floor":1},{"not_picked":["Pummel","Sword Boomerang"],"picked":"Flex","floor":3},{"not_picked":["Evolve","Pommel Strike"],"picked":"True Grit","floor":5},{"not_picked":["Disarm","Evolve"],"picked":"Power Through","floor":7},{"not_picked":["Warcry","Flex"],"picked":"Ghostly Armor","floor":10},{"not_picked":["Warcry","Body Slam"],"picked":"Headbutt","floor":11},{"not_picked":["Flex","Bloodletting","Clash"],"picked":"SKIP","floor":12}],"player_experience":207252,"relics_obtained":[{"floor":9,"key":"Pantograph"},{"floor":10,"key":"Kunai"}],"event_choices":[{"damage_healed":0,"gold_gain":0,"player_choice":"Forge","damage_taken":0,"max_hp_gain":0,"max_hp_loss":0,"event_name":"Accursed Blacksmith","floor":2,"gold_loss":0,"cards_upgraded":["Body Slam"]},{"damage_healed":0,"gold_gain":75,"player_choice":"Gather Gold","damage_taken":11,"max_hp_gain":0,"max_hp_loss":0,"event_name":"World of Goop","floor":4,"gold_loss":0}],"is_beta":false,"boss_relics":[],"items_purged_floors":[],"is_endless":false,"potions_floor_spawned":[1,10],"killed_by":"Lagavulin","ascension_level":5}