{"gold_per_floor":[110,15,33,33,52,52,82,48,48,62,95,65,65,81,81,180,180,192,192,192,192,208,222,255,51,51,79,99,124,2,18,18,121,121,135,135,135,20,38,65,80,80,80,108,118,41,41,41,41,41],"floor_reached":51,"playtime":1515,"items_purged":[],"score":1198,"play_id":"d83d8199-1389-49e0-bb0a-4d4f56ebd9a0","local_time":"20190227172244","is_ascension_mode":true,"campfire_choices":[{"data":"Armaments","floor":6,"key":"SMITH"},{"data":"Juggernaut","floor":13,"key":"SMITH"},{"data":"Disarm","floor":15,"key":"SMITH"},{"floor":32,"key":"REST"},{"data":"Dual Wield","floor":42,"key":"SMITH"},{"floor":47,"key":"REST"},{"floor":49,"key":"REST"}],"neow_cost":"NONE","seed_source_timestamp":737662081514266,"circlet_count":0,"master_deck":["Bash","Cleave","Shrug It Off","Armaments+1","Disarm+1","Anger","Juggernaut+1","Corruption","Iron Wave","Iron Wave","Flame Barrier","Iron Wave","Immolate","Pommel Strike","Heavy Blade","Cleave","Berserk","Heavy Blade","Wild Strike","Berserk","Pommel Strike","Disarm","Shrug It Off","Body Slam","Shockwave","Bloodletting+1","Rupture+1","Iron Wave","Metallicize","Armaments","Dual Wield+1","Barricade","Infernal Blade+1","Panacea","Shrug It Off","Metallicize","Pummel+1","Shrug It Off+1","Exhume","Battle Trance"],"relics":["Burning Blood","Magic Flower","Mango","Sundial","Pandora\u0027s Box","PreservedInsect","Bronze Scales","ClockworkSouvenir","Mummified Hand","Red Skull","Self Forming Clay","Cursed Key","Omamori","Bottled Lightning","Juzu Bracelet"],"potions_floor_usage":[11,11,16,18,18,24,24,24,33,39,50,50],"damage_taken":[{"damage":9,"enemies":"Small Slimes","floor":1,"turns":4},{"damage":1,"enemies":"Cultist","floor":3,"turns":3},{"damage":0,"enemies":"Jaw Worm","floor":5,"turns":5},{"damage":22,"enemies":"Lagavulin","floor":7,"turns":8},{"damage":0,"enemies":"Exordium Wildlife","floor":10,"turns":4},{"damage":15,"enemies":"Gremlin Nob","floor":11,"turns":4},{"damage":12,"enemies":"Looter","floor":12,"turns":4},{"damage":6,"enemies":"Lots of Slimes","floor":14,"turns":4},{"damage":24,"enemies":"Slime Boss","floor":16,"turns":7},{"damage":22,"enemies":"3 Byrds","floor":18,"turns":5},{"damage":0,"enemies":"Chosen","floor":22,"turns":5},{"damage":24,"enemies":"Snake Plant","floor":23,"turns":5},{"damage":7,"enemies":"Gremlin Leader","floor":24,"turns":5},{"damage":24,"enemies":"Slavers","floor":27,"turns":3},{"damage":19,"enemies":"Sentry and Sphere","floor":28,"turns":4},{"damage":18,"enemies":"Gremlin Leader","floor":29,"turns":5},{"damage":0,"enemies":"Snecko","floor":31,"turns":2},{"damage":38,"enemies":"Automaton","floor":33,"turns":8},{"damage":3,"enemies":"Orb Walker","floor":35,"turns":2},{"damage":23,"enemies":"3 Darklings","floor":39,"turns":5},{"damage":12,"enemies":"Giant Head","floor":40,"turns":7},{"damage":31,"enemies":"Jaw Worm Horde","floor":41,"turns":3},{"damage":37,"enemies":"Nemesis","floor":44,"turns":6},{"damage":18,"enemies":"Transient","floor":45,"turns":5},{"damage":28,"enemies":"Time Eater","floor":50,"turns":13}],"seed_played":"176695043600058406","potions_obtained":[{"floor":3,"key":"SpeedPotion"},{"floor":4,"key":"SpeedPotion"},{"floor":4,"key":"Explosive Potion"},{"floor":7,"key":"FearPotion"},{"floor":11,"key":"Block Potion"},{"floor":14,"key":"Swift Potion"},{"floor":18,"key":"Weak Potion"},{"floor":22,"key":"FairyPotion"},{"floor":23,"key":"EntropicBrew"},{"floor":29,"key":"LiquidBronze"},{"floor":35,"key":"Swift Potion"},{"floor":44,"key":"Strength Potion"}],"is_trial":false,"path_per_floor":["M","$","M","?","M","R","E","$","T","M","E","M","R","M","R","B",null,"M","?","?","?","M","M","E","$","T","E","M","E","$","M","R","B",null,"M","?","?","$","M","E","M","R","T","E","M","$","R","?","R","B",null],"character_chosen":"IRONCLAD","items_purchased":["Shrug It Off","Armaments","Corruption","ClockworkSouvenir","Metallicize","Armaments","Shrug It Off","Metallicize","Regen Potion"],"campfire_rested":3,"item_purchase_floors":[2,2,8,25,30,30,38,38,46],"current_hp_per_floor":[69,69,74,74,80,80,64,64,78,87,81,78,78,81,81,66,87,74,55,55,55,64,49,51,51,51,36,26,17,17,26,55,26,81,87,87,87,87,73,70,48,48,48,20,11,11,40,65,94,99],"gold":41,"neow_bonus":"REMOVE_CARD","is_prod":false,"is_daily":false,"chose_seed":false,"campfire_upgraded":4,"win_rate":0,"timestamp":1551306164,"path_taken":["M","$","M","?","?","R","E","?","T","M","E","M","R","M","R","BOSS","M","?","?","?","?","M","E","?","T","E","M","E","$","M","R","BOSS","M","?","?","$","M","E","M","R","T","E","M","$","R","?","R","BOSS"],"build_version":"2019-01-23","purchased_purges":0,"victory":true,"max_hp_per_floor":[80,80,80,80,80,80,80,80,94,94,94,94,94,94,94,94,94,94,99,99,99,99,99,99,99,99,99,99,99,99,99,99,99,99,99,99,99,99,99,99,99,99,99,99,99,99,99,99,99,99],"card_choices":[{"not_picked":["Thunderclap","Flex"],"picked":"Cleave","floor":1},{"not_picked":["Perfected Strike","Anger"],"picked":"Disarm","floor":3},{"not_picked":["Burning Pact","Rampage"],"picked":"Anger","floor":5},{"not_picked":["Entrench","Dual Wield"],"picked":"Juggernaut","floor":7},{"not_picked":["Armaments","Pummel"],"picked":"Iron Wave","floor":10},{"not_picked":["Dropkick","Sword Boomerang"],"picked":"Iron Wave","floor":11},{"not_picked":["Twin Strike","Thunderclap"],"picked":"Flame Barrier","floor":12},{"not_picked":["Warcry","Thunderclap"],"picked":"Iron Wave","floor":14},{"not_picked":["Reaper","Impervious"],"picked":"Immolate","floor":16},{"not_picked":["Pommel Strike","Evolve+1"],"picked":"Disarm","floor":18},{"not_picked":["Thunderclap","Spot Weakness"],"picked":"Body Slam","floor":22},{"not_picked":["Carnage","Anger"],"picked":"Shockwave","floor":23},{"not_picked":["Infernal Blade","Searing Blow","Sword Boomerang+1"],"picked":"SKIP","floor":24},{"not_picked":["Twin Strike+1","Wild Strike"],"picked":"Bloodletting+1","floor":27},{"not_picked":["Havoc+1","Clash+1"],"picked":"Rupture+1","floor":28},{"not_picked":["Bloodletting","Reckless Charge"],"picked":"Iron Wave","floor":29},{"not_picked":["Bloodletting","Heavy Blade"],"picked":"Dual Wield","floor":31},{"not_picked":["Bludgeon","Immolate"],"picked":"Barricade","floor":33},{"not_picked":["Twin Strike+1","Havoc"],"picked":"Infernal Blade+1","floor":35},{"not_picked":["Panache","Dramatic Entrance"],"picked":"Panacea","floor":37},{"not_picked":["Headbutt","Thunderclap+1","Rampage+1"],"picked":"SKIP","floor":39},{"not_picked":["Flex+1","Sword Boomerang"],"picked":"Pummel+1","floor":40},{"not_picked":["Sentinel+1","True Grit"],"picked":"Shrug It Off+1","floor":41},{"not_picked":["Warcry+1","Flex"],"picked":"Exhume","floor":44},{"not_picked":["Wild Strike","Thunderclap"],"picked":"Battle Trance","floor":45}],"player_experience":146929,"relics_obtained":[{"floor":7,"key":"Magic Flower"},{"floor":9,"key":"Mango"},{"floor":11,"key":"Sundial"},{"floor":24,"key":"Bronze Scales"},{"floor":26,"key":"Mummified Hand"},{"floor":27,"key":"Red Skull"},{"floor":29,"key":"Self Forming Clay"},{"floor":40,"key":"Omamori"},{"floor":43,"key":"Bottled Lightning"},{"floor":44,"key":"Juzu Bracelet"}],"event_choices":[{"damage_healed":0,"gold_gain":0,"player_choice":"Got Potions","damage_taken":0,"max_hp_gain":0,"max_hp_loss":0,"event_name":"Lab","floor":4,"gold_loss":0},{"damage_healed":0,"gold_gain":0,"player_choice":"Shed Blood","damage_taken":24,"max_hp_gain":5,"max_hp_loss":0,"event_name":"Forgotten Altar","floor":19,"gold_loss":0},{"damage_healed":0,"gold_gain":0,"player_choice":"Read","damage_taken":0,"max_hp_gain":0,"max_hp_loss":0,"event_name":"The Library","floor":20,"gold_loss":0,"cards_obtained":["Shrug It Off"]},{"damage_healed":0,"gold_gain":0,"player_choice":"Gave Potion","damage_taken":0,"relics_obtained":["PreservedInsect"],"max_hp_gain":0,"max_hp_loss":0,"event_name":"WeMeetAgain","floor":21,"gold_loss":0},{"damage_healed":0,"gold_gain":0,"player_choice":"Ignored","damage_taken":0,"max_hp_gain":0,"max_hp_loss":0,"event_name":"Tomb of Lord Red Mask","floor":36,"gold_loss":0},{"damage_healed":0,"gold_gain":0,"player_choice":"Memory 1","damage_taken":0,"max_hp_gain":0,"max_hp_loss":0,"event_name":"SensoryStone","floor":37,"gold_loss":0},{"damage_healed":25,"gold_gain":0,"player_choice":"Writhe","damage_taken":0,"max_hp_gain":0,"max_hp_loss":0,"event_name":"Winding Halls","floor":48,"gold_loss":0,"cards_obtained":["Writhe"]}],"is_beta":false,"boss_relics":[{"not_picked":["Black Star","Tiny House"],"picked":"Pandora\u0027s Box"},{"not_picked":["Eternal Feather","Runic Dome"],"picked":"Cursed Key"}],"items_purged_floors":[],"is_endless":false,"potions_floor_spawned":[3,7,10,11,14,18,22,23,29,35,44],"ascension_level":9}