{"gold_per_floor":[114,28,28,39,58,58,83,83,83,183,213,227,243,15,15,111,111,91,91,111,26,44,44,61,61,61,88,103,122,72,88,88,88],"floor_reached":33,"playtime":9772,"items_purged":[],"score":259,"play_id":"78174515-b2b6-4e78-a68e-7eb8446de4d5","local_time":"20190625161110","is_ascension_mode":false,"campfire_choices":[{"data":"Perfected Strike","floor":6.0,"key":"SMITH"},{"data":"Rampage","floor":8.0,"key":"SMITH"},{"floor":15.0,"key":"REST"},{"data":"Armaments","floor":23,"key":"SMITH"},{"floor":32,"key":"REST"}],"neow_cost":"","seed_source_timestamp":0,"circlet_count":0,"master_deck":["Strike_R","Strike_R","Strike_R","Strike_R","Strike_R","Defend_R","Defend_R","Defend_R","Defend_R","Rampage+1","Perfected Strike+1","Iron Wave","Rampage","Fiend Fire","Armaments+1","Deep Breath","Feel No Pain","Double Tap","Fire Breathing+1","Armaments","Burning Pact+1","Decay","Writhe","Seeing Red+1","Burning Pact","Perfected Strike"],"special_seed":0,"relics":["Burning Blood","Calipers","Bag of Preparation","Mummified Hand","Centennial Puzzle","Cursed Key","Regal Pillow","Pear","PreservedInsect","Orichalcum"],"potions_floor_usage":[31,33,33,33],"damage_taken":[{"damage":6.0,"enemies":"Jaw Worm","floor":1.0,"turns":6.0},{"damage":6.0,"enemies":"Cultist","floor":4.0,"turns":3.0},{"damage":3.0,"enemies":"Small Slimes","floor":5.0,"turns":3.0},{"damage":21.0,"enemies":"Lagavulin","floor":7.0,"turns":6.0},{"damage":17.0,"enemies":"3 Sentries","floor":11.0,"turns":7.0},{"damage":12.0,"enemies":"Blue Slaver","floor":12.0,"turns":2.0},{"damage":11.0,"enemies":"Lots of Slimes","floor":13.0,"turns":7.0},{"damage":36.0,"enemies":"The Guardian","floor":16.0,"turns":10.0},{"damage":20,"enemies":"2 Thieves","floor":18,"turns":4},{"damage":10,"enemies":"Chosen","floor":20,"turns":2},{"damage":22,"enemies":"Centurion and Healer","floor":22,"turns":7},{"damage":24,"enemies":"Snake Plant","floor":24,"turns":4},{"damage":9,"enemies":"Chosen and Byrds","floor":28,"turns":6},{"damage":0,"enemies":"Sentry and Sphere","floor":29,"turns":4},{"damage":27,"enemies":"Centurion and Healer","floor":31,"turns":6},{"damage":71,"enemies":"Champ","floor":33,"turns":7}],"seed_played":"2121860262551833534","potions_obtained":[{"floor":4.0,"key":"PowerPotion"},{"floor":5.0,"key":"SkillPotion"},{"floor":16.0,"key":"Ancient Potion"},{"floor":22,"key":"SkillPotion"},{"floor":24,"key":"Ancient Potion"},{"floor":29,"key":"Energy Potion"},{"floor":31,"key":"FearPotion"}],"is_trial":false,"path_per_floor":["M","?","$","M","M","R","E","R","T","?","E","M","M","$","R","B",null,"M","?","M","?","M","R","M","?","T","T","M","M","?","M","R","B"],"character_chosen":"IRONCLAD","items_purchased":["Poison Potion","Energy Potion","Deep Breath","Feel No Pain"],"campfire_rested":2,"item_purchase_floors":[14,14,14,14],"current_hp_per_floor":[80,80,80,80,80,80,65,65,65,65,54,48,43,43,67,37,80,66,66,62,62,46,46,28,38,38,38,35,41,41,20,62,0],"gold":88,"neow_bonus":"","is_prod":false,"is_daily":false,"chose_seed":false,"campfire_upgraded":3,"win_rate":0.0,"timestamp":1561504270,"path_taken":["M","?","$","?","M","R","E","R","T","?","E","M","M","$","R","BOSS","M","?","?","?","M","R","M","?","T","?","?","M","?","M","R","BOSS"],"build_version":"2019-01-23","purchased_purges":0,"victory":false,"max_hp_per_floor":[80,80,80,80,80,80,80,80,80,80,80,80,80,80,80,80,80,80,80,80,80,80,80,80,90,90,90,90,90,90,90,90,90],"card_choices":[{"not_picked":["Sword Boomerang","Shrug It Off"],"picked":"Rampage","floor":1.0},{"not_picked":["Clothesline","Thunderclap"],"picked":"Perfected Strike","floor":4.0},{"not_picked":["Clothesline","Anger"],"picked":"Iron Wave","floor":5.0},{"not_picked":["Sword Boomerang","Hemokinesis"],"picked":"Rampage","floor":7.0},{"not_picked":["Carnage","Clothesline"],"picked":"Fiend Fire","floor":11.0},{"not_picked":["Clash","Warcry","Iron Wave"],"picked":"SKIP","floor":12.0},{"not_picked":["Sword Boomerang","Warcry"],"picked":"Armaments","floor":13.0},{"not_picked":["Berserk","Reaper"],"picked":"Double Tap","floor":16.0},{"not_picked":["True Grit","Warcry"],"picked":"Fire Breathing+1","floor":18},{"not_picked":["Clothesline","Thunderclap"],"picked":"Armaments","floor":20},{"not_picked":["Anger","Clothesline+1"],"picked":"Burning Pact+1","floor":22},{"not_picked":["Sword Boomerang","Clash","Feel No Pain"],"picked":"SKIP","floor":24},{"not_picked":["Entrench","Fire Breathing+1"],"picked":"Seeing Red+1","floor":28},{"not_picked":["Rampage","Flame Barrier"],"picked":"Burning Pact","floor":29},{"not_picked":["Reckless Charge+1","Double Tap"],"picked":"Perfected Strike","floor":31}],"player_experience":0,"relics_obtained":[{"floor":7.0,"key":"Bag of Preparation"},{"floor":9.0,"key":"Mummified Hand"},{"floor":11.0,"key":"Centennial Puzzle"},{"floor":26,"key":"PreservedInsect"},{"floor":27,"key":"Orichalcum"}],"event_choices":[{"damage_healed":0.0,"max_hp_gain":0.0,"max_hp_loss":0.0,"gold_gain":0.0,"event_name":"WeMeetAgain","player_choice":"Paid Gold","floor":2.0,"gold_loss":86.0,"damage_taken":0.0,"relics_obtained":["Calipers"]},{"damage_healed":0.0,"max_hp_gain":0.0,"max_hp_loss":0.0,"gold_gain":100.0,"event_name":"Golden Shrine","player_choice":"Pray","floor":10.0,"gold_loss":0.0,"damage_taken":0.0},{"cards_removed":["Bash"],"damage_healed":0,"gold_gain":0,"player_choice":"Offered Basic","damage_taken":0,"max_hp_gain":0,"max_hp_loss":0,"event_name":"Bonfire Elementals","floor":19,"gold_loss":0},{"damage_healed":0,"gold_gain":0,"player_choice":"Obtained Relic","damage_taken":0,"relics_obtained":["Regal Pillow"],"max_hp_gain":0,"max_hp_loss":0,"event_name":"Addict","floor":21,"gold_loss":85},{"damage_healed":0,"gold_gain":0,"player_choice":"Opened","damage_taken":0,"relics_obtained":["Pear"],"max_hp_gain":0,"max_hp_loss":0,"event_name":"The Mausoleum","floor":25,"gold_loss":0},{"damage_healed":0,"gold_gain":0,"player_choice":"Bet on Owner","damage_taken":0,"max_hp_gain":0,"max_hp_loss":0,"event_name":"The Joust","floor":30,"gold_loss":50}],"is_beta":false,"boss_relics":[{"not_picked":["Calling Bell","Ectoplasm"],"picked":"Cursed Key"}],"items_purged_floors":[],"is_endless":false,"potions_floor_spawned":[4,5,16,22,24,29,31],"killed_by":"Champ","ascension_level":0}