{"gold_per_floor":[111,121,140,140,158,158,183,183,483,483,72,102,102,102,102,181,181,198,123,133,133,183,183],"floor_reached":23,"playtime":496,"items_purged":["Stack"],"score":394,"play_id":"bac638da-0746-4444-8d5f-0ea977811a0b","local_time":"20190714033026","is_ascension_mode":true,"campfire_choices":[{"data":"1","floor":6,"key":"LIFT"},{"data":"2","floor":8,"key":"LIFT"},{"floor":10,"key":"REST"},{"data":"3","floor":15,"key":"LIFT"}],"neow_cost":"TEN_PERCENT_HP_LOSS","seed_source_timestamp":35167675963456,"circlet_count":0,"master_deck":["AscendersBane","Strike_B","Strike_B","Strike_B","Defend_B","Defend_B","Defend_B","Defend_B","Zap","Dualcast","Sweeping Beam","Barrage","Ball Lightning","Seek","Loop","Gash","Barrage","Rip and Tear","Conserve Battery"],"special_seed":0,"relics":["Cracked Core","Girya","Darkstone Periapt","Old Coin","Gambling Chip","The Courier","Cursed Key"],"potions_floor_usage":[18,23,23],"damage_taken":[{"damage":4.0,"enemies":"Small Slimes","floor":1.0,"turns":3.0},{"damage":1.0,"enemies":"Cultist","floor":2.0,"turns":3.0},{"damage":7.0,"enemies":"Jaw Worm","floor":3.0,"turns":3.0},{"damage":4.0,"enemies":"Blue Slaver","floor":5.0,"turns":5.0},{"damage":40,"enemies":"Lagavulin","floor":7,"turns":8},{"damage":8,"enemies":"Gremlin Nob","floor":12,"turns":3},{"damage":7,"enemies":"Slime Boss","floor":16,"turns":6},{"damage":2,"enemies":"3 Byrds","floor":18,"turns":3},{"damage":19,"enemies":"Shell Parasite","floor":20,"turns":3},{"damage":44,"enemies":"Slavers","floor":23,"turns":3}],"seed_played":"9221386716983586893","potions_obtained":[{"floor":3.0,"key":"Fruit Juice"},{"floor":12,"key":"Dexterity Potion"},{"floor":16,"key":"AttackPotion"},{"floor":18,"key":"SpeedPotion"}],"is_trial":false,"path_per_floor":["M","M","M","?","M","R","E","R","T","R","$","E","?","T","R","B",null,"M","?","M","?","?","E"],"character_chosen":"DEFECT","items_purchased":["Seek","Loop","Gash","Barrage"],"campfire_rested":1,"item_purchase_floors":[11,11,11,11],"current_hp_per_floor":[60,59,52,52,53,53,13,13,13,33,33,25,48,48,48,41,62,60,60,41,41,41,0],"gold":183,"neow_bonus":"ONE_RARE_RELIC","is_prod":false,"is_daily":false,"chose_seed":false,"campfire_upgraded":0,"win_rate":0,"timestamp":1563089426,"path_taken":["M","M","M","?","M","R","E","R","T","R","?","E","?","?","R","BOSS","M","?","M","?","?","E"],"build_version":"2019-07-05","purchased_purges":1,"victory":false,"max_hp_per_floor":[64,64,64,64,69,69,69,69,69,69,69,69,69,69,69,69,69,69,69,69,69,69,69],"card_choices":[{"not_picked":["Steam","Rebound","Hologram"],"picked":"SKIP","floor":1.0},{"not_picked":["FTL","Darkness"],"picked":"Sweeping Beam","floor":2.0},{"not_picked":["Static Discharge","Blizzard","Skim"],"picked":"SKIP","floor":3.0},{"not_picked":["Go for the Eyes","Turbo"],"picked":"Barrage","floor":5.0},{"not_picked":["Genetic Algorithm","Barrage"],"picked":"Ball Lightning","floor":7},{"not_picked":["Skim","BootSequence"],"picked":"Rip and Tear","floor":12},{"not_picked":["Turbo","Sweeping Beam","Leap"],"picked":"SKIP","floor":18},{"not_picked":["Ball Lightning","Reprogram"],"picked":"Conserve Battery","floor":20}],"player_experience":519049,"relics_obtained":[{"floor":7,"key":"Darkstone Periapt"},{"floor":9,"key":"Old Coin"},{"floor":12,"key":"Gambling Chip"},{"floor":14,"key":"The Courier"}],"event_choices":[{"damage_healed":0.0,"max_hp_gain":0.0,"max_hp_loss":0.0,"gold_gain":0.0,"event_name":"Match and Keep!","player_choice":"1 cards matched","floor":4.0,"gold_loss":0.0,"damage_taken":0.0,"cards_obtained":["Stack"]},{"damage_healed":23,"gold_gain":0,"player_choice":"Banana","damage_taken":0,"max_hp_gain":0,"max_hp_loss":0,"event_name":"Big Fish","floor":13,"gold_loss":0},{"cards_removed":["Strike_B"],"damage_healed":0,"gold_gain":0,"player_choice":"Gave Gold","damage_taken":0,"max_hp_gain":0,"max_hp_loss":0,"event_name":"Beggar","floor":19,"gold_loss":75},{"damage_healed":0,"gold_gain":0,"player_choice":"Ignored","damage_taken":0,"max_hp_gain":0,"max_hp_loss":0,"event_name":"Ghosts","floor":21,"gold_loss":0},{"damage_healed":0,"gold_gain":50,"player_choice":"Stole From Cult","damage_taken":0,"max_hp_gain":0,"max_hp_loss":0,"event_name":"Nest","floor":22,"gold_loss":0}],"is_beta":false,"boss_relics":[{"not_picked":["Velvet Choker","Fusion Hammer"],"picked":"Cursed Key"}],"items_purged_floors":[11],"is_endless":false,"potions_floor_spawned":[3,12,16,18],"killed_by":"Slavers","ascension_level":20}