{"gold_per_floor":[118,293,113,128,140,140,174,174,226,251,251,251,286,286],"floor_reached":14,"playtime":785,"items_purged":["Doubt"],"score":101,"play_id":"d58bf023-3ad3-468b-ad4f-61518de89d9d","local_time":"20190811165504","is_ascension_mode":true,"campfire_choices":[{"data":"Barricade","floor":6,"key":"SMITH"},{"data":"Bloodletting","floor":8,"key":"SMITH"}],"neow_cost":"NONE","seed_source_timestamp":23611881832767,"circlet_count":0,"master_deck":["Strike_R","Strike_R","Strike_R","Strike_R","Defend_R","Defend_R","Defend_R","Defend_R","Bash","Second Wind","Inflame","Bloodletting+1","Headbutt","Barricade+1","Armaments","Rage","Body Slam"],"relics":["Burning Blood","Regal Pillow","Bag of Preparation","Juzu Bracelet","Golden Idol","Odd Mushroom"],"potions_floor_usage":[10,13,14],"damage_taken":[{"damage":4,"enemies":"2 Louse","floor":1,"turns":3},{"damage":6,"enemies":"Jaw Worm","floor":4,"turns":5},{"damage":9,"enemies":"Cultist","floor":5,"turns":5},{"damage":32,"enemies":"3 Sentries","floor":7,"turns":14},{"damage":14,"enemies":"Lagavulin","floor":10,"turns":9},{"damage":22,"enemies":"The Mushroom Lair","floor":13,"turns":6},{"damage":22,"enemies":"Gremlin Nob","floor":14,"turns":5}],"seed_played":"7653811171564459738","potions_obtained":[{"floor":1,"key":"SpeedPotion"},{"floor":10,"key":"BloodPotion"},{"floor":13,"key":"Dexterity Potion"}],"is_trial":false,"path_per_floor":["M","?","$","M","M","R","E","R","T","E","?","?","?","E"],"character_chosen":"IRONCLAD","items_purchased":["Inflame","Bloodletting"],"campfire_rested":0,"item_purchase_floors":[3,3],"current_hp_per_floor":[80,80,80,80,77,77,51,51,51,43,23,23,27,5],"gold":286,"neow_bonus":"RANDOM_COMMON_RELIC","is_prod":false,"is_daily":false,"chose_seed":false,"campfire_upgraded":2,"win_rate":0,"timestamp":1565510104,"path_taken":["M","?","?","?","?","R","E","R","T","E","?","?","?","E"],"build_version":"2019-07-17","purchased_purges":1,"victory":false,"max_hp_per_floor":[80,80,80,80,80,80,80,80,80,80,80,80,80,80],"card_choices":[{"not_picked":["Body Slam","Warcry"],"picked":"Second Wind","floor":1},{"not_picked":["Body Slam","Disarm"],"picked":"Headbutt","floor":4},{"not_picked":["Havoc","Sword Boomerang"],"picked":"Barricade","floor":5},{"not_picked":["Havoc","Pommel Strike"],"picked":"Armaments","floor":7},{"not_picked":["Reckless Charge","Havoc"],"picked":"Rage","floor":10},{"not_picked":["Sword Boomerang","Sever Soul"],"picked":"Body Slam","floor":13}],"player_experience":65774,"relics_obtained":[{"floor":7,"key":"Bag of Preparation"},{"floor":10,"key":"Juzu Bracelet"},{"floor":13,"key":"Odd Mushroom"}],"event_choices":[{"damage_healed":0,"gold_gain":175,"player_choice":"AGREE","damage_taken":0,"max_hp_gain":0,"max_hp_loss":0,"event_name":"Liars Game","floor":2,"gold_loss":0,"cards_obtained":["Doubt"]},{"damage_healed":0,"gold_gain":0,"player_choice":"Take Damage","damage_taken":20,"relics_obtained":["Golden Idol"],"max_hp_gain":0,"max_hp_loss":0,"event_name":"Golden Idol","floor":11,"gold_loss":0},{"cards_removed":["Strike_R"],"damage_healed":0,"gold_gain":0,"player_choice":"Forget","damage_taken":0,"max_hp_gain":0,"max_hp_loss":0,"event_name":"Living Wall","floor":12,"gold_loss":0},{"damage_healed":0,"gold_gain":0,"player_choice":"Fought Mushrooms","damage_taken":0,"max_hp_gain":0,"max_hp_loss":0,"event_name":"Mushrooms","floor":13,"gold_loss":0}],"is_beta":false,"boss_relics":[],"items_purged_floors":[3],"is_endless":false,"potions_floor_spawned":[1,10,13],"killed_by":"Gremlin Nob","ascension_level":1}