{"gold_per_floor":[117,135,60,72,72,103,103,134,134,160,160,160,179,190,190,190],"floor_reached":16,"playtime":355,"items_purged":[],"score":209,"play_id":"6d26dfe7-1f89-43d6-9c25-e00ced91fa77","local_time":"20190506151802","is_ascension_mode":true,"campfire_choices":[{"data":"White Noise","floor":7,"key":"SMITH"},{"floor":12,"key":"REST"},{"data":"White Noise","floor":15,"key":"SMITH"}],"neow_cost":"NONE","seed_source_timestamp":2237331265666902,"circlet_count":0,"master_deck":["AscendersBane","Strike_B","Strike_B","Defend_B","Defend_B","Defend_B","Defend_B","Zap","Dualcast","White Noise+1","Streamline","Sweeping Beam","Consume","White Noise+1","Chill"],"relics":["Cracked Core","Blood Vial","Question Card","Strawberry","Centennial Puzzle","Omamori"],"potions_floor_usage":[8,16,16],"damage_taken":[{"damage":7,"enemies":"Jaw Worm","floor":1,"turns":3},{"damage":7,"enemies":"2 Louse","floor":2,"turns":2},{"damage":1,"enemies":"Cultist","floor":4,"turns":4},{"damage":32,"enemies":"Gremlin Nob","floor":6,"turns":4},{"damage":20,"enemies":"3 Sentries","floor":8,"turns":5},{"damage":12,"enemies":"3 Louse","floor":13,"turns":3},{"damage":1,"enemies":"Exordium Thugs","floor":14,"turns":4},{"damage":22,"enemies":"Hexaghost","floor":16,"turns":9}],"seed_played":"4470034725516034808","potions_obtained":[{"floor":4,"key":"PowerPotion"},{"floor":6,"key":"Swift Potion"},{"floor":8,"key":"FearPotion"}],"is_trial":false,"path_per_floor":["M","M","?","M","?","E","R","E","T","T","?","R","M","M","R","B"],"character_chosen":"DEFECT","items_purchased":[],"campfire_rested":1,"item_purchase_floors":[],"current_hp_per_floor":[57,50,50,49,71,39,39,21,28,28,10,33,23,24,24,4],"gold":190,"neow_bonus":"TRANSFORM_CARD","is_prod":false,"is_daily":false,"chose_seed":false,"campfire_upgraded":2,"win_rate":0,"timestamp":1557170282,"path_taken":["M","M","?","M","?","E","R","E","T","?","?","R","M","M","R","BOSS"],"build_version":"2019-01-23","purchased_purges":0,"victory":false,"max_hp_per_floor":[71,71,71,71,71,71,71,71,78,78,78,78,78,78,78,78],"card_choices":[{"not_picked":["Gash","Rebound"],"picked":"Streamline","floor":1},{"not_picked":["Hologram","Steam"],"picked":"Sweeping Beam","floor":2},{"not_picked":["Turbo","Blizzard","Barrage"],"picked":"SKIP","floor":4},{"not_picked":["Steam","Compile Driver","Aggregate"],"picked":"SKIP","floor":6},{"not_picked":["Stack","Aggregate"],"picked":"Consume","floor":8},{"not_picked":["Leap","Consume","Scrape"],"picked":"White Noise","floor":13},{"not_picked":["Beam Cell","Storm","Barrage"],"picked":"Chill","floor":14}],"player_experience":332261,"relics_obtained":[{"floor":6,"key":"Blood Vial"},{"floor":8,"key":"Question Card"},{"floor":9,"key":"Strawberry"},{"floor":10,"key":"Centennial Puzzle"}],"event_choices":[{"cards_removed":["Strike_B"],"damage_healed":0,"gold_gain":0,"player_choice":"Card Removal","damage_taken":0,"max_hp_gain":0,"max_hp_loss":0,"event_name":"The Cleric","floor":3,"gold_loss":75},{"damage_healed":23,"gold_gain":0,"player_choice":"Banana","damage_taken":0,"max_hp_gain":0,"max_hp_loss":0,"event_name":"Big Fish","floor":5,"gold_loss":0},{"damage_healed":0,"gold_gain":0,"player_choice":"Success","damage_taken":18,"relics_obtained":["Omamori"],"max_hp_gain":0,"max_hp_loss":0,"event_name":"Scrap Ooze","floor":11,"gold_loss":0}],"is_beta":false,"boss_relics":[],"items_purged_floors":[],"is_endless":false,"potions_floor_spawned":[4,6,8],"killed_by":"Hexaghost","ascension_level":18}