{"gold_per_floor":[117,117,136,146,166,166,201,214,214,214],"floor_reached":10,"playtime":380,"items_purged":[],"score":98,"play_id":"0667518d-92a4-4193-a053-5167fee7c9d1","local_time":"20190902035556","is_ascension_mode":true,"campfire_choices":[{"floor":6.0,"key":"REST"}],"neow_cost":"PERCENT_DAMAGE","seed_source_timestamp":535648460049317,"circlet_count":0,"master_deck":["Strike_R","Strike_R","Strike_R","Strike_R","Strike_R","Defend_R","Defend_R","Defend_R","Defend_R","Bash","Barricade","Entrench"],"special_seed":0,"relics":["Burning Blood","Red Skull","Ancient Tea Set","Sundial"],"potions_floor_usage":[7,8],"damage_taken":[{"damage":9.0,"enemies":"2 Louse","floor":1.0,"turns":6.0},{"damage":14.0,"enemies":"Jaw Worm","floor":3.0,"turns":3.0},{"damage":1.0,"enemies":"Cultist","floor":4.0,"turns":3.0},{"damage":22.0,"enemies":"Exordium Wildlife","floor":5.0,"turns":5.0},{"damage":20,"enemies":"Lagavulin","floor":7,"turns":4},{"damage":11,"enemies":"Blue Slaver","floor":8,"turns":4},{"damage":20,"enemies":"3 Sentries","floor":10,"turns":4}],"seed_played":"1367330812850154935","potions_obtained":[{"floor":3.0,"key":"Explosive Potion"},{"floor":5.0,"key":"SkillPotion"}],"is_trial":false,"path_per_floor":["M","?","M","M","M","R","E","M","T","E"],"character_chosen":"IRONCLAD","items_purchased":[],"campfire_rested":1,"item_purchase_floors":[],"current_hp_per_floor":[48,30,22,27,11,35,21,16,16,0],"gold":214,"neow_bonus":"THREE_RARE_CARDS","is_prod":false,"is_daily":false,"chose_seed":false,"campfire_upgraded":0,"win_rate":0,"timestamp":1567389356,"path_taken":["M","?","M","M","M","R","E","M","T","E"],"build_version":"2019-07-17","purchased_purges":0,"victory":false,"max_hp_per_floor":[80,80,80,80,80,80,80,80,80,80],"card_choices":[{"not_picked":["Impervious","Juggernaut"],"picked":"Barricade","floor":0.0},{"not_picked":["Sword Boomerang","Wild Strike","Perfected Strike"],"picked":"SKIP","floor":1.0},{"not_picked":["Flame Barrier","True Grit","Sever Soul"],"picked":"SKIP","floor":3.0},{"not_picked":["Warcry","Twin Strike","Sever Soul"],"picked":"SKIP","floor":4.0},{"not_picked":["Pommel Strike","Headbutt","Brutality"],"picked":"SKIP","floor":5.0},{"not_picked":["Heavy Blade","Wild Strike"],"picked":"Entrench","floor":7},{"not_picked":["Carnage","True Grit","Combust"],"picked":"SKIP","floor":8}],"player_experience":167825,"relics_obtained":[{"floor":7,"key":"Ancient Tea Set"},{"floor":9,"key":"Sundial"}],"event_choices":[{"damage_healed":0.0,"max_hp_gain":0.0,"max_hp_loss":0.0,"gold_gain":0.0,"event_name":"Scrap Ooze","player_choice":"Success","floor":2.0,"gold_loss":0.0,"damage_taken":18.0,"relics_obtained":["Red Skull"]}],"is_beta":false,"boss_relics":[],"items_purged_floors":[],"is_endless":false,"potions_floor_spawned":[3,5],"killed_by":"3 Sentries","ascension_level":8}