{"gold_per_floor":[116,116,127,146,156,156,190,190,190,190,220,220,73,90,90,164,164,174,174,174,224,244,244,263,263,288,303,303,303],"floor_reached":29,"playtime":1406,"items_purged":[],"score":466,"play_id":"ff943d67-fc13-4659-b1bf-4e01d5a5b1b5","local_time":"20190822151948","is_ascension_mode":true,"campfire_choices":[{"data":"Streamline","floor":6.0,"key":"SMITH"},{"data":"Beam Cell","floor":8.0,"key":"SMITH"},{"data":"Zap","floor":10.0,"key":"SMITH"},{"data":"Stack","floor":12.0,"key":"SMITH"},{"data":"Beam Cell","floor":15.0,"key":"SMITH"},{"data":"Buffer","floor":23.0,"key":"SMITH"},{"floor":25.0,"key":"RECALL"}],"neow_cost":"NONE","seed_source_timestamp":46120145054000,"circlet_count":0,"master_deck":["AscendersBane","Strike_B","Defend_B","Defend_B","Defend_B","Defend_B","Zap+1","Dualcast","Compile Driver","Beam Cell+1","Gash","Streamline+1","Self Repair","Stack+1","Gash","Beam Cell+1","Self Repair","Undo","Leap","Buffer+1","Compile Driver+1","Force Field","Writhe","Echo Form","Leap","Stack","Coolheaded+1","Sunder+1","Reinforced Body+1","Glacier","Tempest","Double Energy"],"special_seed":0,"relics":["Cracked Core","Juzu Bracelet","Question Card","Prayer Wheel","Nunchaku","Nuclear Battery","Lantern"],"potions_floor_usage":[27],"damage_taken":[{"damage":2.0,"enemies":"2 Louse","floor":1.0,"turns":4.0},{"damage":1.0,"enemies":"Cultist","floor":3.0,"turns":3.0},{"damage":2.0,"enemies":"Jaw Worm","floor":4.0,"turns":3.0},{"damage":5.0,"enemies":"2 Fungi Beasts","floor":5.0,"turns":3.0},{"damage":10.0,"enemies":"Lagavulin","floor":7.0,"turns":5.0},{"damage":11.0,"enemies":"Gremlin Nob","floor":11.0,"turns":3.0},{"damage":20.0,"enemies":"Exordium Thugs","floor":14.0,"turns":4.0},{"damage":36.0,"enemies":"Hexaghost","floor":16.0,"turns":11.0},{"damage":28.0,"enemies":"3 Byrds","floor":18.0,"turns":6.0},{"damage":19.0,"enemies":"Shell Parasite","floor":22.0,"turns":5.0},{"damage":0.0,"enemies":"Snecko","floor":24.0,"turns":9.0},{"damage":24,"enemies":"Snake Plant","floor":27,"turns":7},{"damage":65,"enemies":"Slavers","floor":29,"turns":5}],"seed_played":"-7158547037880580480","potions_obtained":[{"floor":5.0,"key":"Weak Potion"},{"floor":7.0,"key":"Strength Potion"},{"floor":11.0,"key":"Regen Potion"},{"floor":16.0,"key":"Strength Potion"},{"floor":22.0,"key":"SkillPotion"}],"is_trial":false,"path_per_floor":["M","?","M","M","M","R","E","R","T","R","E","R","$","M","R","B",null,"M","?","?","?","M","R","M","R","T","M","?","E"],"character_chosen":"DEFECT","items_purchased":["Gash","Beam Cell","Self Repair"],"campfire_rested":0,"item_purchase_floors":[13,13,13],"current_hp_per_floor":[62,62,61,59,54,54,44,44,44,44,40,40,40,27,27,20,58,44,44,44,44,39,39,67,67,67,57,57,0],"gold":303,"neow_bonus":"RANDOM_COMMON_RELIC","is_prod":false,"is_daily":false,"chose_seed":false,"campfire_upgraded":6,"win_rate":0,"timestamp":1566512388,"path_taken":["M","?","M","M","M","R","E","R","T","R","E","R","$","M","R","BOSS","M","?","?","?","M","R","M","R","T","M","?","E"],"build_version":"2019-08-15","purchased_purges":0,"victory":false,"max_hp_per_floor":[71,71,71,71,71,71,71,71,71,71,71,71,71,71,71,71,71,71,71,71,71,71,71,71,71,71,71,71,71],"card_choices":[{"not_picked":["Steam","Stack"],"picked":"Compile Driver","floor":1.0},{"not_picked":["Steam","Amplify"],"picked":"Beam Cell","floor":3.0},{"not_picked":["Compile Driver","Conserve Battery"],"picked":"Gash","floor":4.0},{"not_picked":["Force Field","Double Energy"],"picked":"Streamline","floor":5.0},{"not_picked":["Conserve Battery","Thunder Strike"],"picked":"Self Repair","floor":7.0},{"not_picked":["Sweeping Beam","Compile Driver","Hyperbeam"],"picked":"Stack","floor":11.0},{"not_picked":["Darkness","Fusion","Rebound"],"picked":"Undo","floor":14.0},{"not_picked":["Rebound","Storm","Hologram"],"picked":"Leap","floor":14.0},{"not_picked":["Seek","Reboot","Multi-Cast"],"picked":"Buffer","floor":16.0},{"not_picked":["Leap","Conserve Battery","Barrage"],"picked":"Compile Driver+1","floor":18.0},{"not_picked":["Sweeping Beam","Compile Driver","Barrage"],"picked":"Force Field","floor":18.0},{"not_picked":["Streamline","Turbo","FTL"],"picked":"Leap","floor":22.0},{"not_picked":["Multi-Cast","Rebound","Beam Cell"],"picked":"Stack","floor":22.0},{"not_picked":["Blizzard","BootSequence","Recycle"],"picked":"Coolheaded+1","floor":24.0},{"not_picked":["Darkness","Leap","Steam Power+1"],"picked":"Sunder+1","floor":24.0},{"not_picked":["Sweeping Beam","Aggregate","Lockon"],"picked":"Reinforced Body+1","floor":27},{"not_picked":["Coolheaded","Gash","FTL"],"picked":"Glacier","floor":27}],"player_experience":3034831,"relics_obtained":[{"floor":7.0,"key":"Question Card"},{"floor":9.0,"key":"Prayer Wheel"},{"floor":11.0,"key":"Nunchaku"}],"event_choices":[{"cards_removed":["Strike_B"],"damage_healed":0.0,"max_hp_gain":0.0,"max_hp_loss":0.0,"gold_gain":0.0,"event_name":"Purifier","player_choice":"Purged","floor":2.0,"gold_loss":0.0,"damage_taken":0.0},{"damage_healed":0.0,"max_hp_gain":0.0,"max_hp_loss":0.0,"gold_gain":0.0,"event_name":"The Mausoleum","player_choice":"Opened","floor":19.0,"gold_loss":0.0,"damage_taken":0.0,"relics_obtained":["Lantern"],"cards_obtained":["Writhe"]},{"damage_healed":0.0,"max_hp_gain":0.0,"max_hp_loss":0.0,"gold_gain":0.0,"event_name":"The Library","player_choice":"Read","floor":20.0,"gold_loss":0.0,"damage_taken":0.0,"cards_obtained":["Echo Form"]},{"damage_healed":0.0,"max_hp_gain":0.0,"max_hp_loss":0.0,"gold_gain":50.0,"event_name":"Nest","player_choice":"Stole From Cult","floor":21.0,"gold_loss":0.0,"damage_taken":0.0},{"damage_healed":0,"gold_gain":0,"cards_transformed":["Strike_B","Strike_B"],"player_choice":"Became Test Subject","damage_taken":0,"max_hp_gain":0,"max_hp_loss":0,"event_name":"Drug Dealer","floor":28,"gold_loss":0,"cards_obtained":["Tempest","Double Energy"]}],"is_beta":true,"boss_relics":[{"not_picked":["Philosopher\u0027s Stone","Coffee Dripper"],"picked":"Nuclear Battery"}],"items_purged_floors":[],"is_endless":false,"potions_floor_spawned":[5,7,11,16,22],"killed_by":"Slavers","ascension_level":20}