{"gold_per_floor":[115,25,25,37,37,37,37,53,53,63,81,81,81,93,93,167,167,185,205,8,8,8,8,8,8,8,8,26,40,111,161,161,233,233,252,270,270,286,300,300,316,343,343,343,354,367,385,420,420,420,420,420,420,32,63,63],"floor_reached":56,"playtime":5831,"items_purged":["Writhe"],"score":1902,"play_id":"7e2f328d-b13b-4c0e-9c57-8198d0e2a291","local_time":"20190316052700","is_ascension_mode":true,"campfire_choices":[{"data":"Zap","floor":6.0,"key":"SMITH"},{"floor":12.0,"key":"RECALL"},{"data":"Hologram","floor":15.0,"key":"SMITH"},{"data":"Buffer","floor":23.0,"key":"SMITH"},{"data":"Hologram","floor":25.0,"key":"SMITH"},{"data":"Capacitor","floor":27.0,"key":"SMITH"},{"data":"Hologram","floor":32.0,"key":"SMITH"},{"data":"Defragment","floor":40.0,"key":"SMITH"},{"data":"Hologram","floor":44.0,"key":"SMITH"},{"data":"Turbo","floor":49.0,"key":"SMITH"},{"data":"Cold Snap","floor":53.0,"key":"SMITH"}],"neow_cost":"NONE","seed_source_timestamp":215974238100093,"circlet_count":0,"master_deck":["AscendersBane","Defend_B+1","Defend_B+1","Defend_B+1","Defend_B+1","Zap+1","Dualcast","Echo Form","Gash+1","Bandage Up+1","Cold Snap+1","Capacitor+1","Steam","Reprogram","Hologram+1","Buffer+1","Reboot+1","Beam Cell+1","Electrodynamics+1","Hologram+1","Self Repair","Cold Snap+1","Leap+1","Steam Power+1","Conserve Battery+1","Hologram+1","Echo Form","Hologram+1","Defragment+1","Compile Driver+1","Compile Driver","Conserve Battery+1","Capacitor","Echo Form","Turbo+1","Darkness+1","Glacier+1","Loop","Go for the Eyes"],"special_seed":0,"relics":["Cracked Core","Pen Nib","Kunai","Cables","Astrolabe","Anchor","Prayer Wheel","Symbiotic Virus","Busted Crown","Oddly Smooth Stone","Pear","Bottled Tornado","Bronze Scales","Whetstone"],"potions_floor_usage":[56,56],"damage_taken":[{"damage":1.0,"enemies":"Cultist","floor":1.0,"turns":3.0},{"damage":15.0,"enemies":"2 Louse","floor":4.0,"turns":4.0},{"damage":5.0,"enemies":"Small Slimes","floor":8.0,"turns":3.0},{"damage":7.0,"enemies":"Looter","floor":10.0,"turns":3.0},{"damage":1.0,"enemies":"Lots of Slimes","floor":11.0,"turns":5.0},{"damage":3.0,"enemies":"Exordium Wildlife","floor":14.0,"turns":5.0},{"damage":18.0,"enemies":"Hexaghost","floor":16.0,"turns":10.0},{"damage":12.0,"enemies":"2 Thieves","floor":18.0,"turns":3.0},{"damage":12.0,"enemies":"Shell Parasite","floor":19.0,"turns":7.0},{"damage":0.0,"enemies":"Cultist and Chosen","floor":28.0,"turns":5.0},{"damage":4.0,"enemies":"Centurion and Healer","floor":29.0,"turns":7.0},{"damage":45.0,"enemies":"Automaton","floor":33.0,"turns":11.0},{"damage":0.0,"enemies":"Orb Walker","floor":35.0,"turns":3.0},{"damage":0.0,"enemies":"3 Shapes","floor":36.0,"turns":6.0},{"damage":17.0,"enemies":"Maw","floor":38.0,"turns":9.0},{"damage":0.0,"enemies":"4 Shapes","floor":39.0,"turns":3.0},{"damage":10.0,"enemies":"Jaw Worm Horde","floor":41.0,"turns":4.0},{"damage":27.0,"enemies":"Nemesis","floor":42.0,"turns":9.0},{"damage":19.0,"enemies":"Spire Growth","floor":45.0,"turns":8.0},{"damage":50.0,"enemies":"Writhing Mass","floor":46.0,"turns":7.0},{"damage":9.0,"enemies":"4 Shapes","floor":47.0,"turns":8.0},{"damage":0.0,"enemies":"Giant Head","floor":48.0,"turns":10.0},{"damage":30.0,"enemies":"Time Eater","floor":50.0,"turns":15.0},{"damage":47.0,"enemies":"Awakened One","floor":51.0,"turns":24.0},{"damage":36.0,"enemies":"Shield and Spear","floor":55.0,"turns":9.0},{"damage":66,"enemies":"The Heart","floor":56,"turns":6}],"seed_played":"9177470338368746525","potions_obtained":[{"floor":4.0,"key":"Regen Potion"},{"floor":11.0,"key":"EssenceOfSteel"},{"floor":18.0,"key":"FearPotion"},{"floor":19.0,"key":"GamblersBrew"},{"floor":33.0,"key":"Block Potion"},{"floor":35.0,"key":"FocusPotion"},{"floor":47.0,"key":"Explosive Potion"},{"floor":48.0,"key":"Strength Potion"}],"is_trial":false,"path_per_floor":["M","$","?","M","?","R","?","M","T","M","M","R","T","M","R","B",null,"M","M","$","?","?","R","$","R","T","R","M","M","T","?","R","B",null,"M","M","?","M","M","R","M","E","T","R","M","M","M","E","R","B","B",null,"R","$","E","B"],"character_chosen":"DEFECT","items_purchased":["Bandage Up","Anchor","Cold Snap","Bronze Scales","Loop","Go for the Eyes"],"campfire_rested":0,"item_purchase_floors":[2,20,20,54,54,54],"current_hp_per_floor":[63,63,63,60,39,39,39,40,40,39,44,44,44,53,53,41,64,58,58,58,58,58,58,58,58,58,58,71,71,71,71,71,45,65,71,71,71,71,71,71,71,70,80,80,81,50,61,81,81,75,47,73,73,73,57,0],"gold":63,"neow_bonus":"TRANSFORM_CARD","is_prod":false,"is_daily":false,"chose_seed":false,"campfire_upgraded":10,"win_rate":0,"timestamp":1552739220,"path_taken":["M","?","?","?","?","R","?","?","T","M","M","R","?","M","R","BOSS","M","M","$","?","?","R","?","R","T","R","M","?","?","?","R","BOSS","M","M","?","M","M","R","M","E","T","R","M","M","M","E","R","BOSS","BOSS","R","$","E","BOSS"],"build_version":"2019-03-15","purchased_purges":1,"victory":false,"max_hp_per_floor":[71,71,71,71,71,71,71,71,71,71,71,71,71,71,71,71,71,71,71,71,71,71,71,71,71,71,71,71,71,71,71,71,71,71,71,71,71,71,71,71,71,71,81,81,81,81,81,81,81,81,81,81,81,81,81,81],"card_choices":[{"not_picked":["Leap","Compile Driver"],"picked":"Gash","floor":1.0},{"not_picked":["Compile Driver","Hello World"],"picked":"Cold Snap","floor":4.0},{"not_picked":["Hello World","Chill"],"picked":"Capacitor","floor":8.0},{"not_picked":["Static Discharge","Darkness"],"picked":"Steam","floor":10.0},{"not_picked":["Aggregate","Auto Shields"],"picked":"Reprogram","floor":11.0},{"not_picked":["Streamline","Redo"],"picked":"Hologram","floor":14.0},{"not_picked":["Rainbow","Multi-Cast"],"picked":"Buffer","floor":16.0},{"not_picked":["Compile Driver","Gash"],"picked":"Hologram","floor":18.0},{"not_picked":["Undo","Steam Power"],"picked":"Self Repair","floor":19.0},{"not_picked":["Conserve Battery","Darkness+1"],"picked":"Leap+1","floor":28.0},{"not_picked":["Tempest","Redo"],"picked":"Steam Power+1","floor":28.0},{"not_picked":["Sweeping Beam","Hello World"],"picked":"Conserve Battery+1","floor":29.0},{"not_picked":["Streamline","Rip and Tear"],"picked":"Hologram","floor":29.0},{"not_picked":["Amplify","Buffer"],"picked":"Echo Form","floor":33.0},{"not_picked":["Barrage"],"picked":"SKIP","floor":35.0},{"not_picked":["Streamline"],"picked":"SKIP","floor":35.0},{"not_picked":[],"picked":"Hologram","floor":36.0},{"not_picked":[],"picked":"Defragment","floor":36.0},{"not_picked":[],"picked":"Compile Driver","floor":38.0},{"not_picked":[],"picked":"Compile Driver","floor":38.0},{"not_picked":["Redo"],"picked":"SKIP","floor":39.0},{"not_picked":["Skim"],"picked":"SKIP","floor":39.0},{"not_picked":[],"picked":"Conserve Battery+1","floor":41.0},{"not_picked":[],"picked":"Capacitor","floor":41.0},{"not_picked":[],"picked":"Echo Form","floor":42.0},{"not_picked":[],"picked":"Turbo","floor":45.0},{"not_picked":["Auto Shields"],"picked":"SKIP","floor":45.0},{"not_picked":[],"picked":"Darkness+1","floor":46.0},{"not_picked":["Go for the Eyes"],"picked":"SKIP","floor":46.0},{"not_picked":[],"picked":"Glacier+1","floor":47.0},{"not_picked":["Conserve Battery"],"picked":"SKIP","floor":47.0},{"not_picked":["Electrodynamics"],"picked":"SKIP","floor":48.0},{"not_picked":["Redo"],"picked":"SKIP","floor":55.0}],"player_experience":2793707,"relics_obtained":[{"floor":9.0,"key":"Kunai"},{"floor":13.0,"key":"Cables"},{"floor":30.0,"key":"Symbiotic Virus"},{"floor":42.0,"key":"Oddly Smooth Stone"},{"floor":43.0,"key":"Pear"},{"floor":48.0,"key":"Bottled Tornado"},{"floor":55.0,"key":"Whetstone"}],"event_choices":[{"damage_healed":0.0,"max_hp_gain":0.0,"max_hp_loss":0.0,"gold_gain":0.0,"event_name":"Upgrade Shrine","player_choice":"Upgraded","floor":3.0,"gold_loss":0.0,"damage_taken":0.0,"cards_upgraded":["Bandage Up"]},{"damage_healed":0.0,"max_hp_gain":0.0,"max_hp_loss":0.0,"gold_gain":0.0,"event_name":"Shining Light","player_choice":"Entered Light","floor":5.0,"gold_loss":0.0,"damage_taken":21.0,"cards_upgraded":["Cold Snap","Defend_B"]},{"damage_healed":0.0,"max_hp_gain":0.0,"max_hp_loss":0.0,"gold_gain":0.0,"event_name":"WeMeetAgain","player_choice":"Gave Potion","floor":7.0,"gold_loss":0.0,"damage_taken":0.0,"relics_obtained":["Pen Nib"]},{"damage_healed":0.0,"max_hp_gain":0.0,"max_hp_loss":0.0,"gold_gain":0.0,"event_name":"Back to Basics","player_choice":"Simplicity","floor":21.0,"gold_loss":0.0,"damage_taken":0.0,"cards_upgraded":["Defend_B","Defend_B","Defend_B"]},{"damage_healed":0.0,"max_hp_gain":0.0,"max_hp_loss":0.0,"gold_gain":0.0,"event_name":"The Mausoleum","player_choice":"Opened","floor":22.0,"gold_loss":0.0,"damage_taken":0.0,"relics_obtained":["Prayer Wheel"],"cards_obtained":["Writhe"]},{"damage_healed":0.0,"max_hp_gain":0.0,"max_hp_loss":0.0,"gold_gain":50.0,"event_name":"Nest","player_choice":"Stole From Cult","floor":31.0,"gold_loss":0.0,"damage_taken":0.0},{"damage_healed":0.0,"max_hp_gain":0.0,"max_hp_loss":0.0,"gold_gain":0.0,"event_name":"SensoryStone","player_choice":"Memory 1","floor":37.0,"gold_loss":0.0,"damage_taken":0.0}],"is_beta":true,"boss_relics":[{"not_picked":["Velvet Choker","Tiny House"],"picked":"Astrolabe"},{"not_picked":["Black Star","Philosopher\u0027s Stone"],"picked":"Busted Crown"}],"items_purged_floors":[54],"is_endless":false,"potions_floor_spawned":[4,11,18,19,33,35,36,47,48],"killed_by":"The Heart","ascension_level":20}