{"gold_per_floor":[360,360,0,16,26,26,26,101,101,101,111,138,138,157,157,228,228,247,247,260,276,11,11,11],"floor_reached":24,"playtime":882,"items_purged":["Strike_B"],"score":392,"play_id":"8bf0de97-d92b-4b9c-930a-0200fd5c3d68","local_time":"20190820182010","is_ascension_mode":true,"campfire_choices":[{"data":"Zap","floor":6,"key":"SMITH"},{"data":"Self Repair","floor":10,"key":"SMITH"},{"data":"Doom and Gloom","floor":13,"key":"SMITH"},{"data":"Turbo","floor":15,"key":"SMITH"},{"floor":23,"key":"REST"}],"neow_cost":"CURSE","seed_source_timestamp":444586774864822,"circlet_count":0,"master_deck":["AscendersBane","Strike_B","Strike_B","Strike_B","Defend_B","Defend_B","Defend_B","Defend_B","Zap+1","Dualcast+1","Conserve Battery","All For One","Self Repair+1","Turbo+1","Ball Lightning","Coolheaded","Doom and Gloom+1","Coolheaded","Buffer","Recycle+1","Hologram+1","Stack+1","Apotheosis"],"relics":["Cracked Core","Anchor","Pantograph","Ginger","Inserter","Smiling Mask"],"potions_floor_usage":[12,16,18,24],"damage_taken":[{"damage":3,"enemies":"2 Louse","floor":1,"turns":2},{"damage":5,"enemies":"Cultist","floor":4,"turns":4},{"damage":9,"enemies":"Jaw Worm","floor":5,"turns":4},{"damage":0,"enemies":"Lots of Slimes","floor":11,"turns":3},{"damage":8,"enemies":"Gremlin Nob","floor":12,"turns":3},{"damage":4,"enemies":"Red Slaver","floor":14,"turns":2},{"damage":64,"enemies":"Slime Boss","floor":16,"turns":12},{"damage":19,"enemies":"2 Thieves","floor":18,"turns":5},{"damage":46,"enemies":"Chosen","floor":20,"turns":7},{"damage":25,"enemies":"Snecko","floor":21,"turns":7},{"damage":38,"enemies":"Book of Stabbing","floor":24,"turns":6}],"seed_played":"-1574648206074104144","potions_obtained":[{"floor":1,"key":"Regen Potion"},{"floor":4,"key":"Fire Potion"},{"floor":12,"key":"Block Potion"},{"floor":16,"key":"Energy Potion"},{"floor":21,"key":"Weak Potion"}],"is_trial":false,"path_per_floor":["M","?","$","M","M","R","?","?","T","R","M","E","R","M","R","B",null,"M","?","M","M","$","R","E"],"character_chosen":"DEFECT","items_purchased":["Anchor","All For One","Self Repair","Apotheosis"],"campfire_rested":1,"item_purchase_floors":[3,3,3,22],"current_hp_per_floor":[61,61,61,63,61,61,61,50,50,50,60,62,62,58,58,17,58,63,63,27,12,12,33,0],"gold":11,"neow_bonus":"TWO_FIFTY_GOLD","is_prod":false,"is_daily":false,"chose_seed":false,"campfire_upgraded":4,"win_rate":0,"timestamp":1566350410,"path_taken":["M","?","$","?","M","R","?","?","T","R","M","E","R","M","R","BOSS","M","?","?","M","?","R","E"],"build_version":"2019-08-15","purchased_purges":1,"victory":false,"max_hp_per_floor":[71,71,71,71,71,71,71,71,71,71,71,71,71,71,71,71,71,71,71,71,71,71,71,71],"card_choices":[{"not_picked":["Compile Driver","Go for the Eyes"],"picked":"Conserve Battery","floor":1},{"not_picked":["Tempest","Scrape"],"picked":"Turbo","floor":4},{"not_picked":["Coolheaded","Static Discharge"],"picked":"Ball Lightning","floor":5},{"not_picked":["Heatsinks","Conserve Battery"],"picked":"Coolheaded","floor":11},{"not_picked":["Turbo","Double Energy"],"picked":"Doom and Gloom","floor":12},{"not_picked":["Conserve Battery","Stack"],"picked":"Coolheaded","floor":14},{"not_picked":["Hyperbeam","Rainbow"],"picked":"Buffer","floor":16},{"not_picked":["Coolheaded","Compile Driver"],"picked":"Recycle+1","floor":18},{"not_picked":["Streamline","Rebound"],"picked":"Hologram+1","floor":20},{"not_picked":["Lockon","Leap"],"picked":"Stack+1","floor":21}],"player_experience":3016903,"relics_obtained":[{"floor":9,"key":"Pantograph"},{"floor":12,"key":"Ginger"}],"event_choices":[{"cards_removed":["Regret"],"damage_healed":0,"gold_gain":0,"player_choice":"Purged","damage_taken":0,"max_hp_gain":0,"max_hp_loss":0,"event_name":"Purifier","floor":2,"gold_loss":0},{"damage_healed":0,"gold_gain":0,"player_choice":"Grow","damage_taken":0,"max_hp_gain":0,"max_hp_loss":0,"event_name":"Living Wall","floor":7,"gold_loss":0,"cards_upgraded":["Dualcast"]},{"damage_healed":0,"gold_gain":75,"player_choice":"Gather Gold","damage_taken":11,"max_hp_gain":0,"max_hp_loss":0,"event_name":"World of Goop","floor":8,"gold_loss":0},{"damage_healed":0,"gold_gain":0,"player_choice":"Gave Potion","damage_taken":0,"relics_obtained":["Smiling Mask"],"max_hp_gain":0,"max_hp_loss":0,"event_name":"WeMeetAgain","floor":19,"gold_loss":0}],"is_beta":true,"boss_relics":[{"not_picked":["Philosopher\u0027s Stone","Coffee Dripper"],"picked":"Inserter"}],"items_purged_floors":[22],"is_endless":false,"potions_floor_spawned":[1,4,12,16,21],"killed_by":"Book of Stabbing","ascension_level":20}