{"gold_per_floor":[119,139,159,171,187,221,221,221,303,318,75,95,95,109,109,109],"floor_reached":16,"playtime":1043,"items_purged":[],"score":106,"play_id":"47c1c77e-2fa2-4332-be2e-5bbdff99a2f0","local_time":"20190827125826","is_ascension_mode":false,"campfire_choices":[{"floor":8,"key":"REST"},{"floor":13,"key":"REST"},{"floor":15,"key":"REST"}],"neow_cost":"NONE","seed_source_timestamp":318328025925692,"circlet_count":0,"master_deck":["Strike_R","Strike_R","Strike_R","Strike_R","Strike_R","Defend_R","Defend_R","Defend_R","Defend_R","Bash","Burning Pact","Headbutt","Dropkick","Headbutt","Dark Embrace","Shockwave","Pain","Warcry","Second Wind","Dropkick","Shrug It Off"],"relics":["Cursed Key","Centennial Puzzle","Membership Card"],"potions_floor_usage":[4,6,16,16],"damage_taken":[{"damage":0,"enemies":"Cultist","floor":1,"turns":2},{"damage":1,"enemies":"2 Louse","floor":2,"turns":4},{"damage":6,"enemies":"Jaw Worm","floor":3,"turns":3},{"damage":3,"enemies":"Red Slaver","floor":4,"turns":2},{"damage":10,"enemies":"Looter","floor":5,"turns":2},{"damage":71,"enemies":"3 Sentries","floor":6,"turns":11},{"damage":10,"enemies":"2 Fungi Beasts","floor":10,"turns":3},{"damage":7,"enemies":"Blue Slaver","floor":12,"turns":3},{"damage":9,"enemies":"Exordium Wildlife","floor":14,"turns":3},{"damage":55,"enemies":"The Guardian","floor":16,"turns":7}],"seed_played":"-1217736381939448848","potions_obtained":[{"floor":3,"key":"FearPotion"},{"floor":4,"key":"BloodPotion"},{"floor":6,"key":"LiquidBronze"},{"floor":14,"key":"EssenceOfSteel"}],"is_trial":false,"path_per_floor":["M","M","M","M","M","E","?","R","T","M","$","M","R","M","R","B"],"character_chosen":"IRONCLAD","items_purchased":["Membership Card","Second Wind"],"campfire_rested":3,"item_purchase_floors":[11,11],"current_hp_per_floor":[80,79,73,70,60,9,9,33,33,23,23,16,40,31,55,0],"gold":109,"neow_bonus":"BOSS_RELIC","is_prod":false,"is_daily":false,"chose_seed":false,"campfire_upgraded":0,"win_rate":0,"timestamp":1566903506,"path_taken":["M","M","M","M","M","E","?","R","T","M","$","M","R","M","R","BOSS"],"build_version":"2019-06-28","purchased_purges":0,"victory":false,"max_hp_per_floor":[80,80,80,80,80,80,80,80,80,80,80,80,80,80,80,80],"card_choices":[{"not_picked":["True Grit","Shrug It Off"],"picked":"Burning Pact","floor":1},{"not_picked":["Clothesline","Shrug It Off"],"picked":"Headbutt","floor":2},{"not_picked":["True Grit","Perfected Strike"],"picked":"Dropkick","floor":3},{"not_picked":["Infernal Blade","Bloodletting"],"picked":"Headbutt","floor":4},{"not_picked":["Anger","Perfected Strike"],"picked":"Dark Embrace","floor":5},{"not_picked":["Cleave","Wild Strike"],"picked":"Shockwave","floor":6},{"not_picked":["Spot Weakness","Thunderclap"],"picked":"Warcry","floor":10},{"not_picked":["Combust","Sword Boomerang"],"picked":"Dropkick","floor":12},{"not_picked":["Sword Boomerang","Searing Blow"],"picked":"Shrug It Off","floor":14}],"player_experience":98986,"relics_obtained":[{"floor":6,"key":"Centennial Puzzle"}],"event_choices":[{"damage_healed":0,"gold_gain":0,"player_choice":"Ignored","damage_taken":0,"max_hp_gain":0,"max_hp_loss":0,"event_name":"Shining Light","floor":7,"gold_loss":0}],"is_beta":true,"boss_relics":[],"items_purged_floors":[],"is_endless":false,"potions_floor_spawned":[3,4,6,14],"killed_by":"The Guardian","ascension_level":0}