{"gold_per_floor":[119,44,319,338,38,38,67,67,67,67,88,127,127,143,143,236,236,259,274,290,306,306],"floor_reached":22,"playtime":496,"items_purged":["Regret"],"score":431,"play_id":"9edcd54b-6df4-493e-bf05-3d3d6de87862","local_time":"20190523114610","is_ascension_mode":true,"campfire_choices":[{"data":"Zap","floor":6,"key":"SMITH"},{"data":"Streamline","floor":8,"key":"SMITH"},{"data":"White Noise","floor":13,"key":"SMITH"},{"data":"Cold Snap","floor":15,"key":"SMITH"}],"neow_cost":"NONE","seed_source_timestamp":1096567221136719,"circlet_count":0,"master_deck":["AscendersBane","Strike_B","Strike_B","Strike_B","Defend_B","Defend_B","Defend_B","Defend_B","Zap+1","Dualcast","Streamline+1","Ball Lightning","White Noise+1","Leap","Cold Snap+1","Creative AI","Storm","Defragment","Hologram","Static Discharge+1"],"relics":["Cracked Core","NeowsBlessing","Oddly Smooth Stone","Meat on the Bone","Question Card","Golden Idol","Letter Opener","Black Star"],"potions_floor_usage":[16,18,20,22],"damage_taken":[{"damage":0,"enemies":"Cultist","floor":1,"turns":1},{"damage":0,"enemies":"2 Louse","floor":4,"turns":1},{"damage":0,"enemies":"Gremlin Nob","floor":7,"turns":1},{"damage":2,"enemies":"Small Slimes","floor":11,"turns":3},{"damage":16,"enemies":"Lagavulin","floor":12,"turns":7},{"damage":7,"enemies":"Blue Slaver","floor":14,"turns":3},{"damage":12,"enemies":"Hexaghost","floor":16,"turns":9},{"damage":19,"enemies":"Chosen","floor":18,"turns":5},{"damage":38,"enemies":"2 Thieves","floor":19,"turns":5},{"damage":7,"enemies":"Snecko","floor":20,"turns":4},{"damage":19,"enemies":"Chosen and Byrds","floor":21,"turns":5},{"damage":21,"enemies":"3 Cultists","floor":22,"turns":4}],"seed_played":"-4792123512703344662","potions_obtained":[{"floor":7,"key":"Energy Potion"},{"floor":16,"key":"FocusPotion"},{"floor":19,"key":"GamblersBrew"},{"floor":20,"key":"SpeedPotion"}],"is_trial":false,"path_per_floor":["M","?","?","M","$","R","E","R","T","?","M","E","R","M","R","B",null,"M","M","M","M","M"],"character_chosen":"DEFECT","items_purchased":["Oddly Smooth Stone","Explosive Potion"],"campfire_rested":0,"item_purchase_floors":[5,5],"current_hp_per_floor":[64,64,64,64,64,64,64,64,64,40,38,34,34,39,39,39,63,44,18,23,16,0],"gold":306,"neow_bonus":"THREE_ENEMY_KILL","is_prod":false,"is_daily":false,"chose_seed":false,"campfire_upgraded":4,"win_rate":0,"timestamp":1558626370,"path_taken":["M","?","?","?","$","R","E","R","T","?","M","E","R","M","R","BOSS","M","M","M","M","M"],"build_version":"2019-01-23","purchased_purges":1,"victory":false,"max_hp_per_floor":[71,71,71,71,71,71,71,71,71,71,71,71,71,71,71,71,71,71,71,71,71,71],"card_choices":[{"not_picked":["Stack","Turbo"],"picked":"Streamline","floor":1},{"not_picked":["Tempest","Streamline"],"picked":"Ball Lightning","floor":4},{"not_picked":["Stack","Ball Lightning","Beam Cell"],"picked":"SKIP","floor":7},{"not_picked":["Hyperbeam","Turbo","Leap"],"picked":"White Noise","floor":11},{"not_picked":["Skim","Buffer","Scrape"],"picked":"Leap","floor":12},{"not_picked":["Rebound","Compile Driver","BootSequence"],"picked":"Cold Snap","floor":14},{"not_picked":["All For One","Meteor Strike","Reboot"],"picked":"Creative AI","floor":16},{"not_picked":["Reprogram","Ball Lightning","Go for the Eyes"],"picked":"Storm","floor":18},{"not_picked":["Redo","Ball Lightning","Steam Power"],"picked":"Defragment","floor":19},{"not_picked":["Redo","Hyperbeam","Gash"],"picked":"Hologram","floor":20},{"not_picked":["Cold Snap+1","Rip and Tear","Darkness"],"picked":"Static Discharge+1","floor":21}],"player_experience":405732,"relics_obtained":[{"floor":7,"key":"Meat on the Bone"},{"floor":9,"key":"Question Card"},{"floor":12,"key":"Letter Opener"}],"event_choices":[{"cards_removed":["Strike_B"],"damage_healed":0,"gold_gain":0,"player_choice":"Card Removal","damage_taken":0,"max_hp_gain":0,"max_hp_loss":0,"event_name":"The Cleric","floor":2,"gold_loss":75},{"damage_healed":0,"gold_gain":275,"player_choice":"Desecrate","damage_taken":0,"max_hp_gain":0,"max_hp_loss":0,"event_name":"Golden Shrine","floor":3,"gold_loss":0,"cards_obtained":["Regret"]},{"damage_healed":0,"gold_gain":0,"player_choice":"Take Damage","damage_taken":24,"relics_obtained":["Golden Idol"],"max_hp_gain":0,"max_hp_loss":0,"event_name":"Golden Idol","floor":10,"gold_loss":0}],"is_beta":false,"boss_relics":[{"not_picked":["FrozenCore","Fusion Hammer"],"picked":"Black Star"}],"items_purged_floors":[5],"is_endless":false,"potions_floor_spawned":[7,12,16,19,20],"killed_by":"3 Cultists","ascension_level":19}