{"gold_per_floor":[20,36,36,52,62,97,97,22,22,22,38,49,124,105,105,105],"floor_reached":16,"playtime":781,"items_purged":["Strike_R"],"score":104,"play_id":"1ad3c98e-19e8-4fd6-9e50-d3ea527b4a7c","local_time":"20190811024809","is_ascension_mode":false,"campfire_choices":[{"data":"Headbutt","floor":15,"key":"SMITH"}],"neow_cost":"NO_GOLD","seed_source_timestamp":62109442528979,"circlet_count":0,"master_deck":["Strike_R","Strike_R","Defend_R","Defend_R+1","Defend_R","Defend_R","Bash","Seeing Red+1","Headbutt+1","Rupture","Intimidate","Sentinel"],"relics":["Burning Blood","Red Skull","Sundial","War Paint","Pantograph"],"potions_floor_usage":[6,16,16],"damage_taken":[{"damage":10,"enemies":"Small Slimes","floor":1,"turns":5},{"damage":6,"enemies":"Jaw Worm","floor":2,"turns":7},{"damage":6,"enemies":"2 Louse","floor":4,"turns":4},{"damage":34,"enemies":"Gremlin Gang","floor":5,"turns":6},{"damage":22,"enemies":"Gremlin Nob","floor":6,"turns":4},{"damage":20,"enemies":"Large Slime","floor":11,"turns":8},{"damage":2,"enemies":"Blue Slaver","floor":12,"turns":5},{"damage":2,"enemies":"Exordium Thugs","floor":14,"turns":4},{"damage":57,"enemies":"Slime Boss","floor":16,"turns":10}],"seed_played":"-4120863238707023660","potions_obtained":[{"floor":1,"key":"Ancient Potion"},{"floor":5,"key":"Poison Potion"},{"floor":6,"key":"Dexterity Potion"},{"floor":14,"key":"Regen Potion"}],"is_trial":false,"path_per_floor":["M","M","?","M","M","E","T","$","T","?","M","M","?","M","R","B"],"character_chosen":"IRONCLAD","items_purchased":[],"campfire_rested":0,"item_purchase_floors":[],"current_hp_per_floor":[76,76,58,58,30,14,14,14,14,40,26,30,19,23,23,6],"gold":105,"neow_bonus":"REMOVE_TWO","is_prod":false,"is_daily":false,"chose_seed":false,"campfire_upgraded":1,"win_rate":0.0,"timestamp":1565459289,"path_taken":["M","M","?","M","M","E","?","$","T","?","?","M","?","M","R","BOSS"],"build_version":"2019-07-17","purchased_purges":1,"victory":false,"max_hp_per_floor":[80,80,80,80,80,80,80,80,80,80,80,80,80,80,80,80],"card_choices":[{"not_picked":["Perfected Strike","Shockwave"],"picked":"Seeing Red","floor":1},{"not_picked":["Searing Blow","Perfected Strike","Pummel"],"picked":"SKIP","floor":2},{"not_picked":["Flex","Clothesline"],"picked":"Headbutt","floor":4},{"not_picked":["Exhume","Havoc"],"picked":"Rupture","floor":5},{"not_picked":["Perfected Strike","Body Slam"],"picked":"Intimidate","floor":6},{"not_picked":["Searing Blow","Power Through","Clothesline"],"picked":"SKIP","floor":11},{"not_picked":["True Grit","Wild Strike"],"picked":"Sentinel","floor":12},{"not_picked":["Anger","Sword Boomerang","Demon Form"],"picked":"SKIP","floor":14}],"player_experience":34785,"relics_obtained":[{"floor":6,"key":"Sundial"},{"floor":7,"key":"War Paint"},{"floor":9,"key":"Pantograph"}],"event_choices":[{"damage_healed":0,"gold_gain":0,"player_choice":"Success","damage_taken":18,"relics_obtained":["Red Skull"],"max_hp_gain":0,"max_hp_loss":0,"event_name":"Scrap Ooze","floor":3,"gold_loss":0},{"damage_healed":26,"gold_gain":0,"player_choice":"Banana","damage_taken":0,"max_hp_gain":0,"max_hp_loss":0,"event_name":"Big Fish","floor":10,"gold_loss":0},{"damage_healed":0,"gold_gain":75,"player_choice":"Gather Gold","damage_taken":11,"max_hp_gain":0,"max_hp_loss":0,"event_name":"World of Goop","floor":13,"gold_loss":0}],"is_beta":false,"boss_relics":[],"items_purged_floors":[8],"is_endless":false,"potions_floor_spawned":[1,5,6,14],"killed_by":"Slime Boss","ascension_level":0}