{"gold_per_floor":[116,57,74,74,85,97,161,173,185,96,96,246,246,264,264,264],"floor_reached":16,"playtime":488,"items_purged":["Strike_B"],"score":180,"play_id":"507f03d5-192f-444d-904e-7bc2fd070644","local_time":"20181016204718","is_ascension_mode":true,"campfire_choices":[{"data":"Chaos","floor":8,"key":"SMITH"},{"floor":11,"key":"REST"},{"data":"Beam Cell","floor":13,"key":"SMITH"},{"data":"Zap","floor":15,"key":"SMITH"}],"neow_cost":"NONE","seed_source_timestamp":534119428798841,"circlet_count":0,"master_deck":["Strike_B","Strike_B","Defend_B","Defend_B","Defend_B","Defend_B","Zap+1","Dualcast","AscendersBane","Sweeping Beam","Coolheaded","Chaos+1","Gash","Beam Cell+1","Reinforced Body","Gash","Doubt","Leap"],"relics":["Cracked Core","Art of War","GremlinMask","MawBank","Symbiotic Virus"],"potions_floor_usage":[16],"damage_taken":[{"damage":0,"enemies":"Cultist","floor":1,"turns":3},{"damage":0,"enemies":"Small Slimes","floor":3,"turns":2},{"damage":0,"enemies":"2 Louse","floor":5,"turns":4},{"damage":15,"enemies":"Red Slaver","floor":6,"turns":4},{"damage":40,"enemies":"Gremlin Nob","floor":7,"turns":4},{"damage":8,"enemies":"Lots of Slimes","floor":14,"turns":4},{"damage":26,"enemies":"The Guardian","floor":16,"turns":6}],"seed_played":"3203806225653904483","potions_obtained":[{"floor":3,"key":"Block Potion"},{"floor":6,"key":"PowerPotion"}],"is_trial":false,"path_per_floor":["M","?","M","?","M","M","?","R","T","$","R","?","R","M","R"],"character_chosen":"DEFECT","items_purchased":["Gash"],"campfire_rested":1,"item_purchase_floors":[10],"current_hp_per_floor":[64,64,64,64,64,49,9,9,9,9,30,30,30,22,22,0],"gold":264,"neow_bonus":"TRANSFORM_CARD","is_prod":false,"is_daily":false,"chose_seed":false,"campfire_upgraded":3,"win_rate":0,"timestamp":1539748038,"path_taken":["M","?","?","?","M","M","?","R","T","$","R","?","R","M","R","BOSS"],"build_version":"2018-10-15v2","purchased_purges":1,"victory":false,"max_hp_per_floor":[71,71,71,71,71,71,71,71,71,71,71,71,71,71,71,71],"card_choices":[{"not_picked":["Turbo","Fusion"],"picked":"Coolheaded","floor":1},{"not_picked":["Undo","Steam Power"],"picked":"Chaos","floor":3},{"not_picked":["Turbo","Static Discharge"],"picked":"Gash","floor":5},{"not_picked":["Steam","Rip and Tear"],"picked":"Beam Cell","floor":6},{"not_picked":["Turbo","Streamline"],"picked":"Reinforced Body","floor":7},{"not_picked":["Fusion","Consume"],"picked":"Leap","floor":14}],"player_experience":2560820,"relics_obtained":[{"floor":7,"key":"MawBank"},{"floor":9,"key":"Symbiotic Virus"}],"event_choices":[{"event_name":"WeMeetAgain","player_choice":"Gold","floor":2,"damage_taken":0},{"event_name":"FaceTrader","player_choice":"Trade","floor":4,"damage_taken":0},{"event_name":"Dead Adventurer","player_choice":"Searched \u00272\u0027 times","floor":7,"damage_taken":0},{"event_name":"Liars Game","player_choice":"agreed","floor":12,"damage_taken":0}],"is_beta":true,"boss_relics":[],"items_purged_floors":[10],"is_endless":false,"potions_floor_spawned":[3,6,7,14],"killed_by":"The Guardian","ascension_level":20}