{"gold_per_floor":[118,68,68,20,44,70,36,62,62,79,97,121,136,168,168,265,265,278,278,294,304,48,48,58,58,139,214,247,247,274,293,293,390,390,407,407,60,75,88,88,188,188,188,206,206,5,5,18,18,18],"floor_reached":50,"playtime":2705,"items_purged":["Writhe","Clothesline"],"score":658,"play_id":"05fc07f1-ac83-4d21-ba5b-f380c162da77","local_time":"20190818030043","is_ascension_mode":true,"campfire_choices":[{"data":"True Grit","floor":15,"key":"SMITH"},{"data":"Metamorphosis","floor":23,"key":"SMITH"},{"data":"Corruption","floor":25,"key":"SMITH"},{"data":"Demon Form","floor":29,"key":"SMITH"},{"data":"Armaments","floor":32,"key":"SMITH"},{"data":"Pommel Strike","floor":40,"key":"SMITH"},{"data":"Seeing Red","floor":42,"key":"SMITH"},{"floor":47,"key":"REST"},{"floor":49,"key":"REST"}],"neow_cost":"NONE","seed_source_timestamp":57090449554157,"circlet_count":0,"master_deck":["Bash+1","Shrug It Off","Armaments+1","Immolate","Ghostly Armor","Inflame","True Grit+1","Second Wind","Seeing Red+1","Rampage","Demon Form+1","Juggernaut","Shrug It Off","Havoc","Disarm","Shockwave","Flex","Infernal Blade","Corruption+1","Battle Trance","Metamorphosis+1","Brutality","Exhume","Metamorphosis+1","Pommel Strike+1","Warcry+1","Heavy Blade","Secret Technique","Madness","Panache","Metallicize"],"relics":["Burning Blood","NeowsBlessing","Pen Nib","Blood Vial","Blue Candle","Ornamental Fan","Whetstone","Meat on the Bone","Pandora\u0027s Box","Omamori","Mercury Hourglass","FossilizedHelix","Oddly Smooth Stone","Mark of Pain","Membership Card","Kunai","Calipers","Darkstone Periapt","Nunchaku"],"potions_floor_usage":[16,16,20,21,30,30,33,50,50],"damage_taken":[{"damage":0,"enemies":"2 Louse","floor":1,"turns":2},{"damage":0,"enemies":"Lagavulin","floor":6,"turns":1},{"damage":0,"enemies":"Gremlin Nob","floor":8,"turns":1},{"damage":0,"enemies":"Small Slimes","floor":10,"turns":3},{"damage":5,"enemies":"Jaw Worm","floor":11,"turns":2},{"damage":8,"enemies":"Exordium Thugs","floor":13,"turns":6},{"damage":27,"enemies":"3 Sentries","floor":14,"turns":10},{"damage":23,"enemies":"The Guardian","floor":16,"turns":12},{"damage":24,"enemies":"2 Thieves","floor":18,"turns":3},{"damage":43,"enemies":"Spheric Guardian","floor":20,"turns":6},{"damage":4,"enemies":"3 Cultists","floor":21,"turns":4},{"damage":22,"enemies":"Shelled Parasite and Fungi","floor":24,"turns":4},{"damage":27,"enemies":"Book of Stabbing","floor":28,"turns":4},{"damage":17,"enemies":"Slavers","floor":30,"turns":4},{"damage":12,"enemies":"Snecko","floor":31,"turns":4},{"damage":22,"enemies":"Champ","floor":33,"turns":6},{"damage":11,"enemies":"3 Darklings","floor":35,"turns":4},{"damage":20,"enemies":"3 Shapes","floor":38,"turns":4},{"damage":2,"enemies":"Maw","floor":39,"turns":6},{"damage":3,"enemies":"Mind Bloom Boss Battle","floor":41,"turns":5},{"damage":64,"enemies":"Jaw Worm Horde","floor":44,"turns":5},{"damage":25,"enemies":"Writhing Mass","floor":48,"turns":5},{"damage":76,"enemies":"Time Eater","floor":50,"turns":9}],"seed_played":"-804434547892258548","potions_obtained":[{"floor":6,"key":"BloodPotion"},{"floor":13,"key":"Strength Potion"},{"floor":14,"key":"EssenceOfSteel"},{"floor":16,"key":"Fire Potion"},{"floor":18,"key":"PowerPotion"},{"floor":21,"key":"Explosive Potion"},{"floor":30,"key":"Strength Potion"},{"floor":33,"key":"SneckoOil"},{"floor":35,"key":"SteroidPotion"},{"floor":39,"key":"LiquidBronze"},{"floor":41,"key":"Swift Potion"}],"is_trial":false,"path_per_floor":["M","?","?","$","T","E","$","E","T","M","M","T","M","E","R","B",null,"M","?","M","M","$","R","M","R","T","?","E","R","E","M","R","B",null,"M","?","$","M","M","R","?","R","T","M","?","$","R","M","R","B"],"character_chosen":"IRONCLAD","items_purchased":["Armaments","Ghostly Armor","Metamorphosis","Membership Card","Kunai","Pommel Strike","Nunchaku"],"campfire_rested":2,"item_purchase_floors":[4,7,22,37,37,37,46],"current_hp_per_floor":[80,80,85,85,85,85,85,85,85,85,85,85,83,64,64,49,85,67,67,53,57,57,57,55,55,55,47,40,40,43,51,51,49,85,80,80,80,68,74,74,79,79,79,35,25,25,50,45,70,0],"gold":18,"neow_bonus":"THREE_ENEMY_KILL","is_prod":false,"is_daily":false,"chose_seed":false,"campfire_upgraded":7,"win_rate":0,"timestamp":1566064843,"path_taken":["M","?","?","$","?","E","$","E","T","M","?","?","M","E","R","BOSS","M","?","M","M","$","R","M","R","T","?","E","R","E","M","R","BOSS","M","?","$","M","?","R","?","R","T","M","?","$","R","M","R","BOSS"],"build_version":"2019-07-17","purchased_purges":2,"victory":false,"max_hp_per_floor":[80,80,85,85,85,85,85,85,85,85,85,85,85,85,85,85,85,85,85,85,85,85,85,85,85,85,85,85,85,85,85,85,85,85,85,85,85,85,85,85,85,85,85,85,85,85,85,85,85,85],"card_choices":[{"not_picked":["Whirlwind","Evolve"],"picked":"Shrug It Off","floor":1},{"not_picked":["Carnage","Barricade"],"picked":"Immolate","floor":6},{"not_picked":["Thunderclap","Anger"],"picked":"Inflame","floor":8},{"not_picked":["Pommel Strike","Body Slam"],"picked":"True Grit","floor":10},{"not_picked":["Rupture","Flex"],"picked":"Second Wind","floor":11},{"not_picked":["Flex","Body Slam"],"picked":"Seeing Red","floor":13},{"not_picked":["Twin Strike","Perfected Strike"],"picked":"Rampage","floor":14},{"not_picked":["Brutality","Dark Embrace"],"picked":"Demon Form","floor":16},{"not_picked":["Shrug It Off+1","Anger"],"picked":"Corruption","floor":18},{"not_picked":["Thunderclap","Clothesline+1"],"picked":"Battle Trance","floor":20},{"not_picked":["Bloodletting","Intimidate","Dropkick"],"picked":"SKIP","floor":21},{"not_picked":["Clothesline","Disarm"],"picked":"Brutality","floor":24},{"not_picked":["Thunderclap","Body Slam","Perfected Strike+1"],"picked":"SKIP","floor":28},{"not_picked":["Rupture+1","Combust","Pommel Strike"],"picked":"SKIP","floor":30},{"not_picked":["Sword Boomerang","Infernal Blade","Anger"],"picked":"SKIP","floor":31},{"not_picked":["Brutality","Offering"],"picked":"Exhume","floor":33},{"not_picked":["Cleave+1","Pummel+1","Body Slam"],"picked":"SKIP","floor":35},{"not_picked":["Intimidate","Clash"],"picked":"Warcry+1","floor":38},{"not_picked":["Twin Strike+1","Ghostly Armor+1","Shockwave"],"picked":"SKIP","floor":39},{"not_picked":["Inflame+1","Headbutt"],"picked":"Heavy Blade","floor":44},{"not_picked":["Discovery","Mind Blast"],"picked":"Secret Technique","floor":45},{"not_picked":["Enlightenment","Deep Breath"],"picked":"Madness","floor":45},{"not_picked":["Dark Shackles","Impatience"],"picked":"Panache","floor":45},{"not_picked":["Thunderclap+1","Perfected Strike+1"],"picked":"Metallicize","floor":48}],"player_experience":165071,"relics_obtained":[{"floor":5,"key":"Pen Nib"},{"floor":6,"key":"Blood Vial"},{"floor":8,"key":"Blue Candle"},{"floor":9,"key":"Ornamental Fan"},{"floor":12,"key":"Whetstone"},{"floor":14,"key":"Meat on the Bone"},{"floor":26,"key":"Mercury Hourglass"},{"floor":28,"key":"FossilizedHelix"},{"floor":30,"key":"Oddly Smooth Stone"},{"floor":41,"key":"Calipers"},{"floor":43,"key":"Darkstone Periapt"}],"event_choices":[{"cards_removed":["Strike_R"],"damage_healed":0,"gold_gain":0,"player_choice":"Card Removal","damage_taken":0,"max_hp_gain":0,"max_hp_loss":0,"event_name":"The Cleric","floor":2,"gold_loss":50},{"damage_healed":0,"gold_gain":0,"player_choice":"Donut","damage_taken":0,"max_hp_gain":5,"max_hp_loss":0,"event_name":"Big Fish","floor":3,"gold_loss":0},{"damage_healed":0,"gold_gain":0,"player_choice":"Opened","damage_taken":0,"relics_obtained":["Omamori"],"max_hp_gain":0,"max_hp_loss":0,"event_name":"The Mausoleum","floor":19,"gold_loss":0,"cards_obtained":["Writhe"]},{"damage_healed":0,"gold_gain":75,"player_choice":"Touch","damage_taken":8,"max_hp_gain":0,"max_hp_loss":0,"event_name":"FaceTrader","floor":27,"gold_loss":0},{"damage_healed":0,"gold_gain":0,"player_choice":"Copied","damage_taken":0,"max_hp_gain":0,"max_hp_loss":0,"event_name":"Duplicator","floor":36,"gold_loss":0,"cards_obtained":["Metamorphosis"]},{"damage_healed":0,"gold_gain":0,"player_choice":"Fight","damage_taken":0,"max_hp_gain":0,"max_hp_loss":0,"event_name":"MindBloom","floor":41,"gold_loss":0},{"damage_healed":0,"gold_gain":0,"player_choice":"Memory 3","damage_taken":10,"max_hp_gain":0,"max_hp_loss":0,"event_name":"SensoryStone","floor":45,"gold_loss":0}],"is_beta":false,"boss_relics":[{"not_picked":["Tiny House","Busted Crown"],"picked":"Pandora\u0027s Box"},{"not_picked":["Orrery","Astrolabe"],"picked":"Mark of Pain"}],"items_purged_floors":[22,46],"is_endless":false,"potions_floor_spawned":[6,13,14,16,18,21,30,33,35,39,41],"killed_by":"Time Eater","ascension_level":4}