{"gold_per_floor":[115,125,141,141,161,161,179,179,179,179,196,196,230,250,250,329,329,349,349,55,55,72,72,98,114,114,133,145,145,145,157,157,231,231,246,156,156,173,173,173,184,184,211,211,238,238,238,9,9,9,9],"floor_reached":52,"playtime":6486,"items_purged":[],"score":1779,"play_id":"36690a62-faac-46fc-a64f-57dea6d29d9e","local_time":"20181013020827","is_ascension_mode":true,"campfire_choices":[{"data":"Zap","floor":6,"key":"SMITH"},{"data":"Dualcast","floor":10,"key":"SMITH"},{"data":"Sweeping Beam","floor":12,"key":"SMITH"},{"data":"Blizzard","floor":15,"key":"SMITH"},{"data":"Defragment","floor":23,"key":"SMITH"},{"floor":29,"key":"REST"},{"floor":32,"key":"REST"},{"data":"Defragment","floor":40,"key":"SMITH"},{"data":"Defragment","floor":42,"key":"SMITH"},{"data":"Capacitor","floor":44,"key":"SMITH"},{"floor":46,"key":"REST"},{"floor":49,"key":"REST"}],"neow_cost":"NONE","seed_source_timestamp":201741259035017,"circlet_count":0,"master_deck":["Defend_B","Defend_B","Defend_B","Defend_B+1","Zap+1","Dualcast+1","AscendersBane","Chill+1","Hello World","Cold Snap","Sweeping Beam+1","Ball Lightning","Sweeping Beam","Leap","Blizzard+1","Cold Snap","Biased Cognition","Defragment+1","Barrage","Compile Driver","Defragment+1","Leap","Rebound+1","Go for the Eyes+1","Cold Snap","Sweeping Beam+1","Capacitor+1","Defragment+1","Electrodynamics","Seek","Defragment+1","Madness","Madness"],"special_seed":0,"relics":["Cracked Core","Mercury Hourglass","Dream Catcher","Nuclear Battery","DataDisk","Incense Burner","PreservedInsect","Busted Crown","Bag of Marbles","Boot","Runic Capacitor"],"potions_floor_usage":[13,16,24,50,51],"damage_taken":[{"damage":3.0,"enemies":"2 Louse","floor":1.0,"turns":3.0},{"damage":1.0,"enemies":"Small Slimes","floor":2.0,"turns":5.0},{"damage":2.0,"enemies":"Cultist","floor":3.0,"turns":4.0},{"damage":4,"enemies":"3 Louse","floor":5,"turns":4},{"damage":2,"enemies":"Lots of Slimes","floor":7,"turns":4},{"damage":0,"enemies":"Blue Slaver","floor":11,"turns":3},{"damage":0,"enemies":"Gremlin Nob","floor":13,"turns":3},{"damage":0,"enemies":"3 Louse","floor":14,"turns":3},{"damage":23,"enemies":"Hexaghost","floor":16,"turns":10},{"damage":0,"enemies":"Spheric Guardian","floor":18,"turns":4},{"damage":2,"enemies":"3 Byrds","floor":22,"turns":4},{"damage":16,"enemies":"Slavers","floor":24,"turns":5},{"damage":1,"enemies":"Snecko","floor":25,"turns":6},{"damage":0,"enemies":"Centurion and Healer","floor":27,"turns":8},{"damage":9,"enemies":"Snake Plant","floor":28,"turns":4},{"damage":0,"enemies":"Snecko","floor":31,"turns":6},{"damage":3,"enemies":"Automaton","floor":33,"turns":9},{"damage":5,"enemies":"Orb Walker","floor":35,"turns":3},{"damage":2,"enemies":"3 Shapes","floor":38,"turns":3},{"damage":0,"enemies":"Sphere and 2 Shapes","floor":41,"turns":4},{"damage":21,"enemies":"2 Orb Walkers","floor":45,"turns":5},{"damage":43,"enemies":"Time Eater","floor":50,"turns":10},{"damage":9,"enemies":"Donu and Deca","floor":51,"turns":7}],"seed_played":"6169409967866506967","potions_obtained":[{"floor":1.0,"key":"EssenceOfSteel"},{"floor":2.0,"key":"Weak Potion"},{"floor":16,"key":"Weak Potion"},{"floor":22,"key":"GamblersBrew"},{"floor":25,"key":"AttackPotion"},{"floor":27,"key":"Ancient Potion"},{"floor":35,"key":"PowerPotion"}],"is_trial":false,"path_per_floor":["M","M","M","?","M","R","M","?","T","R","M","R","E","M","R","B",null,"M","?","$","?","M","R","E","M","T","M","M","R","?","M","R","B",null,"M","$","?","M","?","R","M","R","T","R","E","R","?","$","R","B","B"],"character_chosen":"DEFECT","items_purchased":["DataDisk","Defragment","Leap","Defragment","Runic Capacitor"],"campfire_rested":4,"item_purchase_floors":[20,20,20,36,48],"current_hp_per_floor":[61,60,58,37,33,33,31,31,31,31,31,31,31,31,31,8,55,55,55,55,55,53,53,37,36,36,36,27,48,48,48,69,66,70,65,65,52,50,50,50,50,50,50,50,29,50,50,50,71,28,19],"gold":9,"neow_bonus":"TRANSFORM_CARD","is_prod":false,"is_daily":false,"chose_seed":false,"campfire_upgraded":8,"win_rate":0,"timestamp":1539421707,"path_taken":["M","M","M","?","?","R","M","?","T","R","M","R","E","?","R","BOSS","M","?","$","?","M","R","E","M","T","M","M","R","?","M","R","BOSS","M","$","?","M","?","R","M","R","T","R","E","R","?","?","R","BOSS","BOSS"],"build_version":"2018-10-11","purchased_purges":0,"victory":true,"max_hp_per_floor":[71,71,71,71,71,71,71,71,71,71,71,71,71,71,71,71,71,71,71,71,71,71,71,71,71,71,71,71,71,71,71,71,71,71,71,71,71,71,71,71,71,71,71,71,71,71,71,71,71,71,71],"card_choices":[{"not_picked":["Darkness","Blizzard"],"picked":"Hello World","floor":1.0},{"not_picked":["Aggregate","Recycle"],"picked":"Cold Snap","floor":2.0},{"not_picked":["Barrage","Go for the Eyes"],"picked":"Sweeping Beam","floor":3.0},{"not_picked":["Stack","Sweeping Beam"],"picked":"Ball Lightning","floor":5},{"not_picked":["Rebound","Doom and Gloom"],"picked":"Sweeping Beam","floor":7},{"not_picked":["Static Discharge","Tempest"],"picked":"Leap","floor":11},{"not_picked":["Rebound","Tempest"],"picked":"Blizzard","floor":13},{"not_picked":["Steam","Rip and Tear"],"picked":"Cold Snap","floor":14},{"not_picked":["Meteor Strike","Hyperbeam"],"picked":"Biased Cognition","floor":16},{"not_picked":["Melter","Barrage"],"picked":"Defragment","floor":18},{"not_picked":["Static Discharge","Conserve Battery"],"picked":"Rebound+1","floor":22},{"not_picked":["Chaos","Loop"],"picked":"Go for the Eyes+1","floor":24},{"not_picked":["Tempest","Redo"],"picked":"Cold Snap","floor":25},{"not_picked":["Hello World","Steam Power"],"picked":"Sweeping Beam+1","floor":27},{"not_picked":["Core Surge","White Noise"],"picked":"Capacitor","floor":28},{"not_picked":["Steam","Conserve Battery","Leap"],"picked":"SKIP","floor":31},{"not_picked":["Compile Driver+1","Cold Snap"],"picked":"Electrodynamics","floor":32},{"not_picked":["Buffer","All For One"],"picked":"Seek","floor":33},{"not_picked":["Sunder"],"picked":"SKIP","floor":35},{"not_picked":["Darkness+1"],"picked":"SKIP","floor":38},{"not_picked":["Coolheaded"],"picked":"SKIP","floor":41},{"not_picked":["Hello World+1"],"picked":"SKIP","floor":45}],"player_experience":2528590,"relics_obtained":[{"floor":9,"key":"Mercury Hourglass"},{"floor":13,"key":"Dream Catcher"},{"floor":24,"key":"Incense Burner"},{"floor":26,"key":"PreservedInsect"},{"floor":43,"key":"Bag of Marbles"},{"floor":45,"key":"Boot"}],"event_choices":[{"event_name":"Shining Light","player_choice":"Entered Light","floor":4.0,"damage_taken":0.0},{"event_name":"Purifier","player_choice":"One Purge","floor":8,"damage_taken":0},{"event_name":"Drug Dealer","player_choice":"Became Test Subject","floor":19,"damage_taken":0},{"event_name":"Beggar","player_choice":"Ignored","floor":21,"damage_taken":0},{"event_name":"Duplicator","player_choice":"One dupe","floor":30,"damage_taken":0},{"event_name":"Winding Halls","player_choice":"Embrace Madness","floor":37,"damage_taken":0},{"event_name":"SensoryStone","player_choice":"Memory 1","floor":39,"damage_taken":0},{"event_name":"Mysterious Sphere","player_choice":"Ignore","floor":47,"damage_taken":0}],"is_beta":true,"boss_relics":[{"not_picked":["Lizard Tail","Eternal Feather"],"picked":"Nuclear Battery"},{"not_picked":["White Beast Statue","Runic Pyramid"],"picked":"Busted Crown"}],"items_purged_floors":[],"is_endless":false,"potions_floor_spawned":[1,2,11,16,22,25,27,33,35,45],"ascension_level":20}