{"gold_per_floor":[111,36,36,50,63,63,95,95,120,120,140,159,190,202,202,304,304,319,333,333,2,20,20],"floor_reached":23,"playtime":1535,"items_purged":["Strike_R"],"score":228,"play_id":"aa40e3f3-a2b8-4411-9e1c-50c196e7d6b2","local_time":"20190827214300","is_ascension_mode":false,"campfire_choices":[{"data":"Fiend Fire","floor":6,"key":"SMITH"},{"data":"Uppercut","floor":8,"key":"SMITH"},{"data":"Combust","floor":15,"key":"SMITH"}],"neow_cost":"NONE","seed_source_timestamp":349403631502128,"circlet_count":0,"master_deck":["Defend_R","Defend_R","Defend_R","Defend_R","Bash","Fiend Fire+1","Battle Trance","Limit Break","Pommel Strike","Uppercut","Uppercut+1","Battle Trance","Flex","Exhume","Combust+1","Impervious","Pain","Shame","Regret","Shrug It Off","Infernal Blade","Bite","Bite","Bite","Bite","Bite","Inflame","Ghostly Armor"],"relics":["Burning Blood","Strawberry","Happy Flower","Nunchaku","Calling Bell","Potion Belt","Pantograph","Bird Faced Urn","Kunai"],"potions_floor_usage":[16,16,18,22,23],"damage_taken":[{"damage":0,"enemies":"Cultist","floor":1,"turns":2},{"damage":2,"enemies":"2 Louse","floor":4,"turns":4},{"damage":6,"enemies":"Jaw Worm","floor":5,"turns":2},{"damage":11,"enemies":"3 Sentries","floor":7,"turns":11},{"damage":2,"enemies":"2 Fungi Beasts","floor":11,"turns":3},{"damage":0,"enemies":"Looter","floor":12,"turns":1},{"damage":21,"enemies":"Lagavulin","floor":13,"turns":5},{"damage":0,"enemies":"Large Slime","floor":14,"turns":3},{"damage":31,"enemies":"Hexaghost","floor":16,"turns":8},{"damage":6,"enemies":"Chosen","floor":18,"turns":3},{"damage":22,"enemies":"Shell Parasite","floor":19,"turns":6},{"damage":78,"enemies":"Centurion and Healer","floor":22,"turns":8},{"damage":16,"enemies":"Snake Plant","floor":23,"turns":2}],"seed_played":"-2571287137777362496","potions_obtained":[{"floor":11,"key":"PowerPotion"},{"floor":13,"key":"LiquidBronze"},{"floor":14,"key":"Regen Potion"},{"floor":16,"key":"SteroidPotion"},{"floor":22,"key":"SkillPotion"}],"is_trial":false,"path_per_floor":["M","$","?","M","M","R","E","R","T","?","M","M","E","M","R","B",null,"M","M","?","$","M","M"],"character_chosen":"IRONCLAD","items_purchased":["Kunai","Inflame"],"campfire_rested":0,"item_purchase_floors":[21,21],"current_hp_per_floor":[80,80,80,80,80,80,82,82,82,82,86,87,72,78,78,53,87,87,71,60,60,13,0],"gold":20,"neow_bonus":"ONE_RANDOM_RARE_CARD","is_prod":false,"is_daily":false,"chose_seed":false,"campfire_upgraded":3,"win_rate":0,"timestamp":1566934980,"path_taken":["M","$","?","M","?","R","E","R","T","?","M","?","E","M","R","BOSS","M","M","?","$","M","M"],"build_version":"2019-06-28","purchased_purges":1,"victory":false,"max_hp_per_floor":[80,80,80,80,80,80,87,87,87,87,87,87,87,87,87,87,87,87,87,60,60,60,60],"card_choices":[{"not_picked":["Pommel Strike","Dropkick"],"picked":"Battle Trance","floor":1},{"not_picked":["Twin Strike","Rampage"],"picked":"Pommel Strike","floor":4},{"not_picked":["Cleave","Armaments"],"picked":"Uppercut","floor":5},{"not_picked":["Dropkick","Pommel Strike"],"picked":"Uppercut","floor":7},{"not_picked":["Uppercut","Rage"],"picked":"Battle Trance","floor":11},{"not_picked":["Sword Boomerang","Uppercut"],"picked":"Flex","floor":12},{"not_picked":["Rage","Pommel Strike"],"picked":"Exhume","floor":13},{"not_picked":["Twin Strike","Armaments"],"picked":"Combust","floor":14},{"not_picked":["Double Tap","Exhume"],"picked":"Impervious","floor":16},{"not_picked":["Whirlwind","Thunderclap"],"picked":"Shrug It Off","floor":18},{"not_picked":["Sword Boomerang","Clothesline"],"picked":"Infernal Blade","floor":19},{"not_picked":["Clothesline+1","Perfected Strike"],"picked":"Ghostly Armor","floor":22}],"player_experience":112384,"relics_obtained":[{"floor":7,"key":"Strawberry"},{"floor":9,"key":"Happy Flower"},{"floor":13,"key":"Nunchaku"},{"floor":17,"key":"Potion Belt"},{"floor":17,"key":"Pantograph"},{"floor":17,"key":"Bird Faced Urn"}],"event_choices":[{"damage_healed":0,"gold_gain":0,"cards_transformed":["Strike_R"],"player_choice":"Transformed","damage_taken":0,"max_hp_gain":0,"max_hp_loss":0,"event_name":"Transmorgrifier","floor":3,"gold_loss":0,"cards_obtained":["Limit Break"]},{"cards_removed":["Strike_R"],"damage_healed":0,"gold_gain":0,"player_choice":"Offered Basic","damage_taken":0,"max_hp_gain":0,"max_hp_loss":0,"event_name":"Bonfire Elementals","floor":10,"gold_loss":0},{"damage_healed":0,"gold_gain":0,"player_choice":"Became a vampire","damage_taken":0,"max_hp_gain":0,"max_hp_loss":27,"event_name":"Vampires","floor":20,"gold_loss":0,"cards_obtained":["Bite","Bite","Bite","Bite","Bite"]}],"is_beta":true,"boss_relics":[{"not_picked":["Lizard Tail","Eternal Feather"],"picked":"Calling Bell"}],"items_purged_floors":[2],"is_endless":false,"potions_floor_spawned":[11,13,14,16,22],"killed_by":"Snake Plant","ascension_level":0}