{"gold_per_floor":[117,117,129,129,141,168,182,207,207,226,226,82,82,98,98,194,194,209,0,0,15,15],"floor_reached":22,"playtime":1299,"items_purged":["Strike_R"],"score":245,"play_id":"8cba4e0f-c7f3-4bca-ba60-95985c0587bd","local_time":"20190826203841","is_ascension_mode":true,"campfire_choices":[{"data":"Armaments","floor":13,"key":"SMITH"},{"floor":15,"key":"REST"}],"neow_cost":"NONE","seed_source_timestamp":10143422671643,"circlet_count":0,"master_deck":["Strike_R","Strike_R","Strike_R","Defend_R","Defend_R","Defend_R","Defend_R","Bash","Dropkick","Dropkick","Armaments+1","Dropkick","Whirlwind","Burning Pact","True Grit","Burning Pact","Spot Weakness","Feed","Second Wind"],"relics":["Black Blood","Pantograph","Juzu Bracelet","Shuriken","Matryoshka"],"potions_floor_usage":[6,8,22],"damage_taken":[{"damage":7,"enemies":"2 Louse","floor":1,"turns":4},{"damage":4,"enemies":"Small Slimes","floor":3,"turns":4},{"damage":0,"enemies":"Cultist","floor":5,"turns":3},{"damage":45,"enemies":"3 Sentries","floor":6,"turns":9},{"damage":36,"enemies":"Gremlin Gang","floor":7,"turns":7},{"damage":10,"enemies":"Gremlin Nob","floor":8,"turns":4},{"damage":4,"enemies":"3 Louse","floor":10,"turns":3},{"damage":27,"enemies":"Exordium Wildlife","floor":14,"turns":11},{"damage":61,"enemies":"The Guardian","floor":16,"turns":17},{"damage":6,"enemies":"3 Byrds","floor":18,"turns":6},{"damage":60,"enemies":"Chosen","floor":21,"turns":8},{"damage":29,"enemies":"Snecko","floor":22,"turns":6}],"seed_played":"-7132345159700902663","potions_obtained":[{"floor":1,"key":"LiquidBronze"},{"floor":3,"key":"FearPotion"},{"floor":5,"key":"Ancient Potion"},{"floor":14,"key":"FairyPotion"},{"floor":18,"key":"SneckoOil"}],"is_trial":false,"path_per_floor":["M","?","M","?","M","E","M","E","T","M","?","$","R","M","R","B",null,"M","?","?","M","M"],"character_chosen":"IRONCLAD","items_purchased":["Burning Pact"],"campfire_rested":1,"item_purchase_floors":[12],"current_hp_per_floor":[79,72,74,74,80,41,11,7,7,9,35,35,35,14,38,8,62,69,69,69,19,0],"gold":15,"neow_bonus":"THREE_CARDS","is_prod":false,"is_daily":false,"chose_seed":false,"campfire_upgraded":1,"win_rate":0,"timestamp":1566819521,"path_taken":["M","?","M","?","?","E","M","E","T","M","?","$","R","M","R","BOSS","M","?","?","M","M"],"build_version":"2019-07-17","purchased_purges":1,"victory":false,"max_hp_per_floor":[80,80,80,80,80,80,80,80,80,80,80,80,80,80,80,80,80,83,83,83,83,83],"card_choices":[{"not_picked":["Sever Soul","Sentinel"],"picked":"Dropkick","floor":0},{"not_picked":["Twin Strike","Infernal Blade"],"picked":"Dropkick","floor":1},{"not_picked":["Clothesline","Combust"],"picked":"Armaments","floor":3},{"not_picked":["Wild Strike","Body Slam"],"picked":"Dropkick","floor":5},{"not_picked":["Iron Wave","Pummel"],"picked":"Whirlwind","floor":6},{"not_picked":["Headbutt","Feed","Anger"],"picked":"SKIP","floor":7},{"not_picked":["Immolate","Seeing Red"],"picked":"Burning Pact","floor":8},{"not_picked":["Whirlwind","Havoc"],"picked":"True Grit","floor":10},{"not_picked":["Wild Strike","Power Through"],"picked":"Spot Weakness","floor":14},{"not_picked":["Brutality","Double Tap"],"picked":"Feed","floor":16},{"not_picked":["Rupture+1","Cleave"],"picked":"Second Wind","floor":18},{"not_picked":["Thunderclap","Wild Strike+1","Burning Pact"],"picked":"SKIP","floor":21}],"player_experience":236267,"relics_obtained":[{"floor":6,"key":"Juzu Bracelet"},{"floor":8,"key":"Shuriken"},{"floor":9,"key":"Matryoshka"}],"event_choices":[{"damage_healed":0,"gold_gain":0,"player_choice":"Success","damage_taken":7,"relics_obtained":["Pantograph"],"max_hp_gain":0,"max_hp_loss":0,"event_name":"Scrap Ooze","floor":2,"gold_loss":0},{"cards_removed":["Strike_R"],"damage_healed":0,"gold_gain":0,"player_choice":"Purged","damage_taken":0,"max_hp_gain":0,"max_hp_loss":0,"event_name":"Purifier","floor":4,"gold_loss":0},{"damage_healed":26,"gold_gain":0,"player_choice":"Banana","damage_taken":0,"max_hp_gain":0,"max_hp_loss":0,"event_name":"Big Fish","floor":11,"gold_loss":0},{"damage_healed":0,"gold_gain":0,"player_choice":"Paid Fearfully","damage_taken":0,"max_hp_gain":0,"max_hp_loss":0,"event_name":"Masked Bandits","floor":19,"gold_loss":209},{"damage_healed":0,"gold_gain":0,"player_choice":"Ignored","damage_taken":0,"max_hp_gain":0,"max_hp_loss":0,"event_name":"The Mausoleum","floor":20,"gold_loss":0}],"is_beta":false,"boss_relics":[{"not_picked":["Lizard Tail","Coffee Dripper"],"picked":"Black Blood"}],"items_purged_floors":[12],"is_endless":false,"potions_floor_spawned":[1,3,5,14,18],"killed_by":"Snecko","ascension_level":5}