{"gold_per_floor":[14,31,51,326,85,85,85,85,108,108,33,67,67,13,13,90,140,158,172,172],"floor_reached":20,"playtime":503,"items_purged":["Regret"],"score":365,"play_id":"e81d4c62-4626-49c4-bbb6-36b3e27844d0","local_time":"20190729181820","is_ascension_mode":true,"campfire_choices":[{"data":"Sunder","floor":6,"key":"SMITH"},{"data":"Zap","floor":8,"key":"SMITH"},{"floor":10,"key":"RECALL"},{"data":"Sweeping Beam","floor":13,"key":"SMITH"},{"data":"Hologram","floor":15,"key":"SMITH"}],"neow_cost":"NO_GOLD","seed_source_timestamp":256418456729556,"circlet_count":0,"master_deck":["AscendersBane","Strike_B+1","Strike_B+1","Strike_B","Defend_B","Defend_B","Defend_B","Defend_B+1","Zap+1","Dualcast","Sunder+1","White Noise","Ball Lightning","Machine Learning","Sweeping Beam+1","Hologram+1","Echo Form+1","Defragment+1","Chill","Capacitor+1"],"relics":["Cracked Core","Frozen Egg 2","Tiny House"],"potions_floor_usage":[12,16,19],"damage_taken":[{"damage":7,"enemies":"Cultist","floor":1,"turns":4},{"damage":7,"enemies":"2 Louse","floor":2,"turns":3},{"damage":0,"enemies":"Small Slimes","floor":3,"turns":2},{"damage":10,"enemies":"3 Sentries","floor":12,"turns":4},{"damage":23,"enemies":"Slime Boss","floor":16,"turns":7},{"damage":12,"enemies":"Chosen","floor":18,"turns":3},{"damage":28,"enemies":"2 Thieves","floor":19,"turns":3},{"damage":34,"enemies":"Snake Plant","floor":20,"turns":2}],"seed_played":"-869495406714917647","potions_obtained":[{"floor":1,"key":"Fire Potion"},{"floor":2,"key":"SteroidPotion"},{"floor":16,"key":"LiquidBronze"},{"floor":17,"key":"Energy Potion"}],"is_trial":false,"path_per_floor":["M","M","M","?","$","R","?","R","T","R","?","E","R","$","R","B",null,"M","M","M"],"character_chosen":"DEFECT","items_purchased":["Machine Learning","Hologram"],"campfire_rested":0,"item_purchase_floors":[5,14],"current_hp_per_floor":[71,64,64,64,64,64,38,38,38,38,38,28,28,28,28,5,70,58,30,0],"gold":172,"neow_bonus":"TWENTY_PERCENT_HP_BONUS","is_prod":false,"is_daily":false,"chose_seed":false,"campfire_upgraded":4,"win_rate":0,"timestamp":1564449500,"path_taken":["M","M","M","?","?","R","?","R","T","R","?","E","R","?","R","BOSS","M","?","M"],"build_version":"2019-07-18","purchased_purges":1,"victory":false,"max_hp_per_floor":[85,85,85,85,85,85,85,85,85,85,85,85,85,85,85,85,90,90,90,90],"card_choices":[{"not_picked":["Loop","Sweeping Beam"],"picked":"Sunder","floor":1},{"not_picked":["Consume","Rip and Tear"],"picked":"White Noise","floor":2},{"not_picked":["Go for the Eyes","Turbo"],"picked":"Ball Lightning","floor":3},{"not_picked":["Fusion","Undo"],"picked":"Sweeping Beam","floor":12},{"not_picked":["Fission","Biased Cognition+1"],"picked":"Echo Form+1","floor":16},{"not_picked":["Reinforced Body","Fusion"],"picked":"Defragment+1","floor":17},{"not_picked":["Fusion","Undo"],"picked":"Chill","floor":18},{"not_picked":["Steam Power","Streamline"],"picked":"Capacitor+1","floor":19}],"player_experience":2836491,"relics_obtained":[{"floor":12,"key":"Frozen Egg 2"}],"event_choices":[{"damage_healed":0,"gold_gain":275,"player_choice":"Desecrate","damage_taken":0,"max_hp_gain":0,"max_hp_loss":0,"event_name":"Golden Shrine","floor":4,"gold_loss":0,"cards_obtained":["Regret"]},{"damage_healed":0,"gold_gain":0,"player_choice":"Entered Light","damage_taken":26,"max_hp_gain":0,"max_hp_loss":0,"event_name":"Shining Light","floor":7,"gold_loss":0,"cards_upgraded":["Strike_B","Defend_B"]},{"cards_removed":["Strike_B"],"damage_healed":0,"gold_gain":0,"player_choice":"Card Removal","damage_taken":0,"max_hp_gain":0,"max_hp_loss":0,"event_name":"The Cleric","floor":11,"gold_loss":75}],"is_beta":true,"boss_relics":[{"not_picked":["Pandora\u0027s Box","Orrery"],"picked":"Tiny House"}],"items_purged_floors":[5],"is_endless":false,"potions_floor_spawned":[1,2,16],"killed_by":"Snake Plant","ascension_level":20}