{"gold_per_floor":[110,120,131,145,157,157,236,236,236,251,251,251,251,23,23,96,96,110,129,404,418,343,343,368,368,395,395,71,71,71,95,95,169,169,179,1178,1178,1178,461,461,516,516,516,532,532,21,32,60,60,60,60,60,60,60,94,94],"floor_reached":56,"playtime":4956,"items_purged":["Regret","Normality"],"score":1812,"play_id":"89bad5e0-5990-4c4c-8851-8f54d2a78050","local_time":"20190901002421","is_ascension_mode":true,"campfire_choices":[{"data":"Beam Cell","floor":6.0,"key":"SMITH"},{"data":"Sunder","floor":8.0,"key":"SMITH"},{"floor":13.0,"key":"REST"},{"data":"Ball Lightning","floor":15.0,"key":"SMITH"},{"floor":23.0,"key":"REST"},{"floor":27.0,"key":"REST"},{"data":"Biased Cognition","floor":32.0,"key":"SMITH"},{"data":"Defragment","floor":40.0,"key":"SMITH"},{"floor":42.0,"key":"REST"},{"floor":45.0,"key":"RECALL"},{"floor":49.0,"key":"REST"},{"floor":53.0,"key":"REST"}],"neow_cost":"NONE","seed_source_timestamp":667901220169672,"circlet_count":0,"master_deck":["AscendersBane","Strike_B","Strike_B+1","Strike_B+1","Defend_B","Defend_B","Defend_B","Defend_B","Zap","Dualcast","Finesse+1","Sunder+1","White Noise","Cold Snap+1","Steam","Beam Cell+1","Ball Lightning+1","Biased Cognition+1","Hologram+1","Stack+1","Coolheaded+1","Cold Snap","Jack Of All Trades+1","Writhe","Seek+1","White Noise+1","Normality","Master of Strategy+1","Master of Strategy+1","Deep Breath+1","Defragment+1","Chill+1","Chrysalis+1","Fusion+1","Compile Driver+1","Reinforced Body+1","Seek+1","Master of Strategy+1","Recycle+1","Force Field+1","White Noise+1"],"special_seed":0,"relics":["Cracked Core","Pear","Toxic Egg 2","ClockworkSouvenir","Inserter","Kunai","Vajra","OrangePellets","Blue Candle","Nuclear Battery","Bronze Scales","Turnip","Whetstone","Strawberry","Regal Pillow","Ice Cream"],"potions_floor_usage":[55],"damage_taken":[{"damage":0.0,"enemies":"Cultist","floor":1.0,"turns":4.0},{"damage":2.0,"enemies":"Jaw Worm","floor":2.0,"turns":3.0},{"damage":0.0,"enemies":"Small Slimes","floor":3.0,"turns":4.0},{"damage":1.0,"enemies":"3 Louse","floor":4.0,"turns":2.0},{"damage":9.0,"enemies":"Large Slime","floor":5.0,"turns":5.0},{"damage":9.0,"enemies":"2 Fungi Beasts","floor":10.0,"turns":3.0},{"damage":21.0,"enemies":"Slime Boss","floor":16.0,"turns":5.0},{"damage":27.0,"enemies":"2 Thieves","floor":18.0,"turns":3.0},{"damage":18.0,"enemies":"Chosen","floor":19.0,"turns":4.0},{"damage":16.0,"enemies":"Sentry and Sphere","floor":21.0,"turns":4.0},{"damage":21.0,"enemies":"Book of Stabbing","floor":24.0,"turns":7.0},{"damage":0.0,"enemies":"Centurion and Healer","floor":25.0,"turns":2.0},{"damage":16.0,"enemies":"Champ","floor":33.0,"turns":16.0},{"damage":0.0,"enemies":"3 Shapes","floor":35.0,"turns":8.0},{"damage":8.0,"enemies":"2 Orb Walkers","floor":41.0,"turns":9.0},{"damage":4.0,"enemies":"Orb Walker","floor":44.0,"turns":4.0},{"damage":0.0,"enemies":"4 Shapes","floor":47.0,"turns":6.0},{"damage":31.0,"enemies":"Nemesis","floor":48.0,"turns":7.0},{"damage":27.0,"enemies":"Awakened One","floor":50.0,"turns":15.0},{"damage":23.0,"enemies":"Time Eater","floor":51.0,"turns":7.0},{"damage":77,"enemies":"Shield and Spear","floor":55,"turns":6},{"damage":11,"enemies":"The Heart","floor":56,"turns":3}],"seed_played":"3317667389020239791","potions_obtained":[{"floor":2.0,"key":"Fire Potion"},{"floor":10.0,"key":"SmokeBomb"},{"floor":16.0,"key":"EssenceOfSteel"},{"floor":33.0,"key":"AttackPotion"},{"floor":35.0,"key":"Block Potion"},{"floor":41.0,"key":"FearPotion"},{"floor":48.0,"key":"Explosive Potion"}],"is_trial":false,"path_per_floor":["M","M","M","M","M","R","?","R","T","M","?","T","R","$","R","B",null,"M","M","?","M","$","R","E","M","T","R","$","?","?","T","R","B",null,"M","?","?","?","$","R","?","R","T","M","R","$","M","E","R","B","B",null,"R","$","E","B"],"character_chosen":"DEFECT","items_purchased":["ClockworkSouvenir","OrangePellets","Jack Of All Trades+1","Bronze Scales","Defragment","Chill+1","Chrysalis+1","Fusion+1","Seek+1","Master of Strategy+1","Strawberry"],"campfire_rested":6,"item_purchase_floors":[14,28,28,39,39,39,39,39,46,46,46],"current_hp_per_floor":[64,62,62,61,52,52,52,52,62,53,29,29,53,53,53,32,69,42,24,24,8,8,32,11,11,11,35,35,35,35,35,35,19,66,66,66,66,56,56,56,48,72,72,68,68,75,75,44,85,58,35,75,88,88,11,0],"gold":94,"neow_bonus":"RANDOM_COLORLESS","is_prod":false,"is_daily":false,"chose_seed":false,"campfire_upgraded":5,"win_rate":0,"timestamp":1567322661,"path_taken":["M","M","?","M","M","R","?","R","T","M","?","?","R","$","R","BOSS","M","M","?","M","?","R","E","M","T","R","$","?","?","?","R","BOSS","M","?","?","?","$","R","?","R","T","M","R","?","M","E","R","BOSS","BOSS","R","$","E","BOSS"],"build_version":"2019-08-26","purchased_purges":2,"victory":false,"max_hp_per_floor":[71,71,71,71,71,71,71,71,81,81,81,81,81,81,81,81,81,81,81,81,81,81,81,81,81,81,81,81,81,81,81,81,81,81,81,81,81,81,81,81,81,81,81,81,81,88,88,88,88,88,88,88,88,88,88,88],"card_choices":[{"not_picked":["Coolheaded","Conserve Battery"],"picked":"Sunder","floor":1.0},{"not_picked":["Skim","Scrape"],"picked":"White Noise","floor":2.0},{"not_picked":["Chaos","Compile Driver"],"picked":"Cold Snap","floor":3.0},{"not_picked":["Stack","Beam Cell"],"picked":"Steam","floor":4.0},{"not_picked":["Barrage","Steam"],"picked":"Beam Cell","floor":5.0},{"not_picked":["Barrage","Multi-Cast"],"picked":"Ball Lightning","floor":10.0},{"not_picked":["Multi-Cast+1","Thunder Strike"],"picked":"Biased Cognition","floor":16.0},{"not_picked":["Beam Cell","Cold Snap"],"picked":"Hologram+1","floor":18.0},{"not_picked":["Tempest+1","Melter"],"picked":"Stack+1","floor":19.0},{"not_picked":["Compile Driver","Self Repair"],"picked":"Coolheaded+1","floor":21.0},{"not_picked":["Heatsinks","Gash"],"picked":"Cold Snap","floor":24.0},{"not_picked":["Amplify+1","Core Surge"],"picked":"Seek+1","floor":33.0},{"not_picked":["Skim+1","Conserve Battery+1"],"picked":"White Noise+1","floor":35.0},{"not_picked":["Panacea+1","Panache"],"picked":"Master of Strategy+1","floor":38.0},{"not_picked":["Dramatic Entrance","Panacea+1"],"picked":"Master of Strategy+1","floor":38.0},{"not_picked":["Transmutation+1","The Bomb+1"],"picked":"Deep Breath+1","floor":38.0},{"not_picked":["Lockon+1","Melter+1"],"picked":"Compile Driver+1","floor":41.0},{"not_picked":["Heatsinks+1","Capacitor"],"picked":"Reinforced Body+1","floor":44.0},{"not_picked":["FTL","Streamline+1"],"picked":"Recycle+1","floor":47.0},{"not_picked":["Streamline+1","Genetic Algorithm+1"],"picked":"Force Field+1","floor":48.0},{"not_picked":["Conserve Battery+1","Hello World+1"],"picked":"White Noise+1","floor":55}],"player_experience":3074014,"relics_obtained":[{"floor":9.0,"key":"Pear"},{"floor":12.0,"key":"Toxic Egg 2"},{"floor":24.0,"key":"Kunai"},{"floor":26.0,"key":"Vajra"},{"floor":41.0,"key":"Turnip"},{"floor":43.0,"key":"Whetstone"},{"floor":48.0,"key":"Regal Pillow"},{"floor":55,"key":"Ice Cream"}],"event_choices":[{"damage_healed":0.0,"max_hp_gain":0.0,"max_hp_loss":0.0,"gold_gain":79.0,"event_name":"Golden Wing","player_choice":"Gained Gold","floor":7.0,"gold_loss":0.0,"damage_taken":0.0},{"damage_healed":0.0,"max_hp_gain":0.0,"max_hp_loss":0.0,"gold_gain":0.0,"event_name":"Shining Light","player_choice":"Entered Light","floor":11.0,"gold_loss":0.0,"damage_taken":24.0,"cards_upgraded":["Finesse","Cold Snap"]},{"damage_healed":0.0,"max_hp_gain":0.0,"max_hp_loss":0.0,"gold_gain":275.0,"event_name":"Golden Shrine","player_choice":"Desecrate","floor":20.0,"gold_loss":0.0,"damage_taken":0.0,"cards_obtained":["Regret"]},{"damage_healed":0.0,"max_hp_gain":0.0,"max_hp_loss":0.0,"gold_gain":0.0,"event_name":"The Mausoleum","player_choice":"Opened","floor":29.0,"gold_loss":0.0,"damage_taken":0.0,"relics_obtained":["Blue Candle"],"cards_obtained":["Writhe"]},{"damage_healed":0.0,"max_hp_gain":0.0,"max_hp_loss":0.0,"gold_gain":0.0,"event_name":"Vampires","player_choice":"Ignored","floor":30.0,"gold_loss":0.0,"damage_taken":0.0},{"damage_healed":0.0,"max_hp_gain":0.0,"max_hp_loss":0.0,"gold_gain":999.0,"event_name":"MindBloom","player_choice":"Gold","floor":36.0,"gold_loss":0.0,"damage_taken":0.0,"cards_obtained":["Normality","Normality"]},{"cards_removed":["Strike_B"],"damage_healed":0.0,"max_hp_gain":0.0,"max_hp_loss":0.0,"gold_gain":0.0,"event_name":"Falling","player_choice":"Removed Attack","floor":37.0,"gold_loss":0.0,"damage_taken":0.0},{"damage_healed":0.0,"max_hp_gain":0.0,"max_hp_loss":0.0,"gold_gain":0.0,"event_name":"SensoryStone","player_choice":"Memory 3","floor":38.0,"gold_loss":0.0,"damage_taken":10.0},{"damage_healed":0.0,"max_hp_gain":0.0,"max_hp_loss":0.0,"gold_gain":0.0,"event_name":"Mysterious Sphere","player_choice":"Fight","floor":41.0,"gold_loss":0.0,"damage_taken":0.0}],"is_beta":true,"boss_relics":[{"not_picked":["Snecko Eye","Fusion Hammer"],"picked":"Inserter"},{"not_picked":["White Beast Statue","Pandora\u0027s Box"],"picked":"Nuclear Battery"}],"items_purged_floors":[22,39],"is_endless":false,"potions_floor_spawned":[2,10,16,25,33,35,41,48],"killed_by":"The Heart","ascension_level":20}