{"gold_per_floor":[119,119,40,56,56,84,100,127,127,127,160,10,20,34,34,129,129,139,149,166,20,20,20,40,40,40,50,61,1,1,31,31,131,131,141,154,166,166,177,177],"floor_reached":40,"playtime":1345,"items_purged":["Doubt"],"score":674,"play_id":"93df5362-ceb0-42fa-b89d-84dd08a397dd","local_time":"20190211165033","is_ascension_mode":true,"campfire_choices":[{"data":"Neutralize","floor":10,"key":"SMITH"},{"data":"Catalyst","floor":15,"key":"SMITH"},{"data":"Catalyst","floor":23,"key":"SMITH"},{"data":"Burst","floor":25,"key":"SMITH"},{"data":"Deadly Poison","floor":30,"key":"SMITH"},{"data":"Footwork","floor":32,"key":"SMITH"}],"neow_cost":"NONE","seed_source_timestamp":437464426929288,"circlet_count":0,"master_deck":["Defend_G","Defend_G","Defend_G","Defend_G","Defend_G","Strike_G","Strike_G","Strike_G","Strike_G","Strike_G","Survivor","Neutralize+1","Caltrops","All Out Attack","Deadly Poison+1","Blade Dance","PiercingWail","Catalyst+1","Cloak And Dagger","Burst+1","Adrenaline","Catalyst+1","Dagger Spray+1","Leg Sweep+1","Footwork+1","After Image","Poisoned Stab","Noxious Fumes","Backstab+1"],"relics":["Ring of the Snake","NeowsBlessing","Meat on the Bone","Potion Belt","Boot","Mango","Snake Skull","Cursed Key","Oddly Smooth Stone","Nloth\u0027s Gift","The Courier","Pear","Eternal Feather","FaceOfCleric"],"potions_floor_usage":[8,11,16,16,18,19,28,33,37,39,40],"damage_taken":[{"damage":0,"enemies":"2 Louse","floor":1,"turns":1},{"damage":0,"enemies":"Small Slimes","floor":4,"turns":1},{"damage":0,"enemies":"Gremlin Nob","floor":6,"turns":1},{"damage":0,"enemies":"Jaw Worm","floor":7,"turns":3},{"damage":25,"enemies":"3 Sentries","floor":8,"turns":7},{"damage":19,"enemies":"Gremlin Nob","floor":11,"turns":4},{"damage":1,"enemies":"2 Fungi Beasts","floor":13,"turns":3},{"damage":7,"enemies":"Lots of Slimes","floor":14,"turns":2},{"damage":28,"enemies":"Slime Boss","floor":16,"turns":14},{"damage":23,"enemies":"2 Thieves","floor":18,"turns":5},{"damage":14,"enemies":"Shell Parasite","floor":19,"turns":4},{"damage":9,"enemies":"Centurion and Healer","floor":20,"turns":9},{"damage":15,"enemies":"Snake Plant","floor":24,"turns":3},{"damage":4,"enemies":"Shelled Parasite and Fungi","floor":27,"turns":4},{"damage":13,"enemies":"Snecko","floor":28,"turns":5},{"damage":12,"enemies":"Book of Stabbing","floor":31,"turns":6},{"damage":47,"enemies":"Automaton","floor":33,"turns":11},{"damage":29,"enemies":"3 Darklings","floor":35,"turns":6},{"damage":10,"enemies":"Orb Walker","floor":36,"turns":6},{"damage":25,"enemies":"Spire Growth","floor":37,"turns":6},{"damage":18,"enemies":"Jaw Worm Horde","floor":39,"turns":6},{"damage":80,"enemies":"Giant Head","floor":40,"turns":8}],"seed_played":"-8500929911094880236","potions_obtained":[{"floor":1,"key":"Dexterity Potion"},{"floor":6,"key":"SneckoOil"},{"floor":7,"key":"SkillPotion"},{"floor":8,"key":"Strength Potion"},{"floor":13,"key":"FearPotion"},{"floor":18,"key":"Regen Potion"},{"floor":24,"key":"Ancient Potion"},{"floor":28,"key":"Explosive Potion"},{"floor":35,"key":"SteroidPotion"},{"floor":36,"key":"SpeedPotion"},{"floor":37,"key":"Regen Potion"}],"is_trial":false,"path_per_floor":["M","?","$","M","?","E","M","E","T","R","E","$","M","M","R","B",null,"M","M","M","$","?","R","M","R","T","M","M","$","R","E","R","B",null,"M","M","M","?","M","E"],"character_chosen":"THE_SILENT","items_purchased":["All Out Attack","Snake Skull","Oddly Smooth Stone"],"campfire_rested":0,"item_purchase_floors":[3,12,21],"current_hp_per_floor":[63,56,56,56,61,61,61,48,48,48,55,55,54,47,47,31,75,52,52,55,55,55,55,52,52,52,48,47,47,47,57,57,22,80,51,53,40,40,50,0],"gold":177,"neow_bonus":"THREE_ENEMY_KILL","is_prod":false,"is_daily":false,"chose_seed":false,"campfire_upgraded":6,"win_rate":0,"timestamp":1549921833,"path_taken":["M","?","$","M","?","E","M","E","T","R","E","?","M","M","R","BOSS","M","M","M","$","?","R","M","R","T","M","M","$","R","E","R","BOSS","M","?","M","?","M","E"],"build_version":"2019-01-23","purchased_purges":1,"victory":false,"max_hp_per_floor":[70,70,70,70,75,75,75,75,75,75,89,89,89,89,89,89,89,89,89,89,89,89,89,89,89,89,89,89,89,89,99,99,99,99,99,99,99,99,100,100],"card_choices":[{"not_picked":["Bane","All Out Attack"],"picked":"Caltrops","floor":1},{"not_picked":["Outmaneuver","Eviscerate","Backflip"],"picked":"SKIP","floor":4},{"not_picked":["Prepared","Terror"],"picked":"Deadly Poison","floor":6},{"not_picked":["Dagger Throw","Reflex"],"picked":"Blade Dance","floor":7},{"not_picked":["Cloak And Dagger","Acrobatics"],"picked":"PiercingWail","floor":8},{"not_picked":["Slice","Infinite Blades"],"picked":"Catalyst","floor":11},{"not_picked":["Dagger Throw","Deflect"],"picked":"Cloak And Dagger","floor":13},{"not_picked":["Backflip","Underhanded Strike"],"picked":"Burst","floor":14},{"not_picked":["Glass Knife","Corpse Explosion"],"picked":"Adrenaline","floor":16},{"not_picked":["Cloak And Dagger","Flying Knee"],"picked":"Catalyst","floor":18},{"not_picked":["Dagger Throw","Acrobatics","Setup"],"picked":"SKIP","floor":19},{"not_picked":["Dagger Throw","Outmaneuver","Accuracy"],"picked":"SKIP","floor":20},{"not_picked":["Cloak And Dagger","Deflect"],"picked":"Dagger Spray+1","floor":24},{"not_picked":["Acrobatics","Prepared","Bane+1"],"picked":"SKIP","floor":27},{"not_picked":["Deadly Poison+1","Escape Plan"],"picked":"Leg Sweep+1","floor":28},{"not_picked":["Envenom","Die Die Die"],"picked":"Footwork","floor":31},{"not_picked":["Corpse Explosion","Wraith Form v2"],"picked":"After Image","floor":33},{"not_picked":["Dagger Throw","Skewer+1","Concentrate"],"picked":"SKIP","floor":35},{"not_picked":["Slice+1","Underhanded Strike"],"picked":"Poisoned Stab","floor":36},{"not_picked":["Underhanded Strike+1","Slice"],"picked":"Noxious Fumes","floor":37},{"not_picked":["Sucker Punch","Skewer"],"picked":"Backstab+1","floor":39}],"player_experience":54640,"relics_obtained":[{"floor":6,"key":"Meat on the Bone"},{"floor":8,"key":"Potion Belt"},{"floor":9,"key":"Boot"},{"floor":11,"key":"Mango"},{"floor":26,"key":"The Courier"},{"floor":31,"key":"Pear"}],"event_choices":[{"damage_healed":0,"gold_gain":0,"player_choice":"Success","damage_taken":7,"relics_obtained":["Dream Catcher"],"max_hp_gain":0,"max_hp_loss":0,"event_name":"Scrap Ooze","floor":2,"gold_loss":0},{"damage_healed":0,"gold_gain":0,"player_choice":"Donut","damage_taken":0,"max_hp_gain":5,"max_hp_loss":0,"event_name":"Big Fish","floor":5,"gold_loss":0},{"damage_healed":0,"gold_gain":0,"player_choice":"Traded Relic","damage_taken":0,"relics_obtained":["Nloth\u0027s Gift"],"max_hp_gain":0,"max_hp_loss":0,"event_name":"N\u0027loth","floor":22,"relics_lost":["Dream Catcher"],"gold_loss":0},{"damage_healed":0,"gold_gain":0,"player_choice":"Trade","damage_taken":0,"relics_obtained":["FaceOfCleric"],"max_hp_gain":0,"max_hp_loss":0,"event_name":"FaceTrader","floor":38,"gold_loss":0}],"is_beta":false,"boss_relics":[{"not_picked":["Snecko Eye","Fusion Hammer"],"picked":"Cursed Key"},{"not_picked":["HoveringKite","Lizard Tail"],"picked":"Eternal Feather"}],"items_purged_floors":[29],"is_endless":false,"potions_floor_spawned":[1,6,7,8,13,18,24,28,35,36,37],"killed_by":"Giant Head","ascension_level":6}