{"gold_per_floor":[114,114,129,79,79,79,107,119,119,119,136,136,136,311,311,415,415,429,344,344,358,204,235,235,247,247,264,264,295,15,33,33,137,137,148,148,195,0,16,16,27,27,80,80,80,80,91,103,103,103],"floor_reached":50,"playtime":2900,"items_purged":["Decay"],"score":528,"play_id":"f513e9cd-af5e-4706-a015-2c5cf99ae640","local_time":"20190810124343","is_ascension_mode":false,"campfire_choices":[{"data":"Pommel Strike","floor":6,"key":"SMITH"},{"data":"Bloodletting","floor":10,"key":"SMITH"},{"data":"Fire Breathing","floor":12,"key":"SMITH"},{"floor":15,"key":"REST"},{"floor":28,"key":"REST"},{"floor":32,"key":"REST"},{"data":"Bloodletting","floor":40,"key":"SMITH"},{"data":"Offering","floor":42,"key":"SMITH"},{"data":"Berserk","floor":45,"key":"SMITH"},{"data":"Madness","floor":49,"key":"SMITH"}],"neow_cost":"NONE","seed_source_timestamp":9322228312650,"circlet_count":0,"master_deck":["Defend_R","Defend_R+1","Defend_R","Pommel Strike+1","Rampage+1","Fire Breathing+1","Bloodletting+1","Headbutt","Berserk+1","Rupture+1","Headbutt+1","Rampage+1","Bloodletting+1","Bludgeon+1","Cleave+1","Bludgeon+1","Shrug It Off+1","Thunderclap+1","Pommel Strike+1","Shrug It Off","Offering+1","Warcry+1","Panache","Shrug It Off","Madness+1","Madness","Offering","Battle Trance+1"],"relics":["Burning Blood","Champion Belt","Mercury Hourglass","Molten Egg 2","Astrolabe","Question Card","Gremlin Horn","Lantern","Matryoshka","Mango","Pen Nib","Eternal Feather","Prayer Wheel","Red Mask","PreservedInsect","Happy Flower"],"potions_floor_usage":[21,23,29,33,33,50,50,50],"damage_taken":[{"damage":1,"enemies":"Jaw Worm","floor":1,"turns":6},{"damage":2,"enemies":"2 Louse","floor":3,"turns":3},{"damage":29,"enemies":"Gremlin Nob","floor":7,"turns":5},{"damage":0,"enemies":"Small Slimes","floor":8,"turns":4},{"damage":10,"enemies":"3 Louse","floor":11,"turns":2},{"damage":45,"enemies":"The Guardian","floor":16,"turns":8},{"damage":20,"enemies":"Shell Parasite","floor":18,"turns":4},{"damage":29,"enemies":"Spheric Guardian","floor":21,"turns":4},{"damage":6,"enemies":"Gremlin Leader","floor":23,"turns":5},{"damage":10,"enemies":"Snecko","floor":25,"turns":3},{"damage":14,"enemies":"Shelled Parasite and Fungi","floor":27,"turns":3},{"damage":41,"enemies":"Book of Stabbing","floor":29,"turns":5},{"damage":3,"enemies":"Chosen and Byrds","floor":31,"turns":4},{"damage":77,"enemies":"Automaton","floor":33,"turns":7},{"damage":9,"enemies":"3 Darklings","floor":35,"turns":2},{"damage":24,"enemies":"2 Orb Walkers","floor":37,"turns":3},{"damage":3,"enemies":"3 Shapes","floor":39,"turns":2},{"damage":11,"enemies":"3 Darklings","floor":41,"turns":5},{"damage":9,"enemies":"4 Shapes","floor":47,"turns":2},{"damage":23,"enemies":"Sphere and 2 Shapes","floor":48,"turns":3},{"damage":77,"enemies":"Awakened One","floor":50,"turns":7}],"seed_played":"-7758498008614933999","potions_obtained":[{"floor":3,"key":"Ancient Potion"},{"floor":16,"key":"PowerPotion"},{"floor":18,"key":"Poison Potion"},{"floor":27,"key":"SkillPotion"},{"floor":31,"key":"SkillPotion"},{"floor":39,"key":"AttackPotion"},{"floor":41,"key":"Fire Potion"},{"floor":47,"key":"Explosive Potion"}],"is_trial":false,"path_per_floor":["M","?","M","?","?","R","E","M","T","R","M","R","?","?","R","B",null,"M","?","T","M","$","E","?","M","T","M","R","E","$","M","R","B",null,"M","?","?","?","M","R","M","R","T","?","R","?","M","M","R","B"],"character_chosen":"IRONCLAD","items_purchased":["Bloodletting","Shrug It Off","Pen Nib","Regen Potion"],"campfire_rested":3,"item_purchase_floors":[22,30,30,30],"current_hp_per_floor":[80,80,80,80,64,64,41,47,47,47,43,43,31,31,55,16,80,66,66,66,43,43,43,43,39,39,31,55,34,34,37,65,9,94,91,91,73,73,76,91,86,94,94,94,94,82,79,62,77,0],"gold":103,"neow_bonus":"REMOVE_CARD","is_prod":false,"is_daily":false,"chose_seed":false,"campfire_upgraded":7,"win_rate":0.0,"timestamp":1565408623,"path_taken":["M","?","M","?","?","R","E","M","T","R","M","R","?","?","R","BOSS","M","?","?","M","$","E","?","M","T","M","R","E","$","M","R","BOSS","M","?","?","?","M","R","M","R","T","?","R","?","M","?","R","BOSS"],"build_version":"2019-07-17","purchased_purges":1,"victory":false,"max_hp_per_floor":[80,80,80,80,80,80,80,80,80,80,80,80,80,80,80,80,80,80,80,80,80,80,80,80,80,80,80,80,94,94,94,94,94,94,94,94,94,94,94,94,94,94,94,94,94,94,94,94,94,94],"card_choices":[{"not_picked":["Clothesline","Heavy Blade"],"picked":"Pommel Strike","floor":1},{"not_picked":["Iron Wave","Anger"],"picked":"Rampage","floor":3},{"not_picked":["Twin Strike","Dual Wield"],"picked":"Fire Breathing","floor":7},{"not_picked":["Warcry","Wild Strike"],"picked":"Bloodletting","floor":8},{"not_picked":["Armaments","Twin Strike"],"picked":"Headbutt","floor":11},{"not_picked":["Dark Embrace","Bludgeon+1"],"picked":"Berserk","floor":16},{"not_picked":["Body Slam+1","Clash+1"],"picked":"Headbutt+1","floor":18},{"not_picked":["Reckless Charge+1","True Grit+1","Cleave+1"],"picked":"Rampage+1","floor":21},{"not_picked":["Shockwave","Cleave+1","Sword Boomerang+1"],"picked":"Bludgeon+1","floor":23},{"not_picked":["Sword Boomerang+1","Anger+1","Cleave+1"],"picked":"Shrug It Off+1","floor":25},{"not_picked":["Carnage+1","Anger+1","Burning Pact"],"picked":"Thunderclap+1","floor":27},{"not_picked":["Infernal Blade","Wild Strike+1","Carnage+1"],"picked":"Pommel Strike+1","floor":29},{"not_picked":["Twin Strike+1","Clash+1","Flex","Rampage+1"],"picked":"SKIP","floor":31},{"not_picked":["Impervious","Dark Embrace","Juggernaut"],"picked":"Offering","floor":33},{"not_picked":["Armaments","Pommel Strike+1","Spot Weakness"],"picked":"Warcry+1","floor":35},{"not_picked":["Sadistic Nature","Jack Of All Trades","Deep Breath"],"picked":"Panache","floor":36},{"not_picked":["Infernal Blade","True Grit","Bloodletting+1"],"picked":"Shrug It Off","floor":39},{"not_picked":["Shrug It Off","Perfected Strike+1","Cleave+1","Clothesline+1"],"picked":"SKIP","floor":39},{"not_picked":["Thunderclap+1","Berserk","Shrug It Off+1","Anger+1"],"picked":"SKIP","floor":41},{"not_picked":["Body Slam+1","Metallicize+1","Heavy Blade+1","Flex+1"],"picked":"SKIP","floor":41},{"not_picked":["Rage","Perfected Strike+1","Headbutt+1"],"picked":"Offering","floor":47},{"not_picked":["Wild Strike+1","Thunderclap+1","Body Slam+1","Armaments"],"picked":"SKIP","floor":47},{"not_picked":["Intimidate","Hemokinesis+1","Headbutt+1"],"picked":"Battle Trance+1","floor":48},{"not_picked":["Feel No Pain","Clash+1","Wild Strike+1","Body Slam+1"],"picked":"SKIP","floor":48}],"player_experience":27974,"relics_obtained":[{"floor":7,"key":"Champion Belt"},{"floor":9,"key":"Mercury Hourglass"},{"floor":20,"key":"Gremlin Horn"},{"floor":23,"key":"Lantern"},{"floor":26,"key":"Matryoshka"},{"floor":29,"key":"Mango"},{"floor":37,"key":"Prayer Wheel"},{"floor":43,"key":"PreservedInsect"},{"floor":43,"key":"Happy Flower"}],"event_choices":[{"cards_removed":["Strike_R"],"damage_healed":0,"gold_gain":0,"player_choice":"Forget","damage_taken":0,"max_hp_gain":0,"max_hp_loss":0,"event_name":"Living Wall","floor":2,"gold_loss":0},{"cards_removed":["Strike_R"],"damage_healed":0,"gold_gain":0,"player_choice":"Card Removal","damage_taken":0,"max_hp_gain":0,"max_hp_loss":0,"event_name":"The Cleric","floor":4,"gold_loss":50},{"damage_healed":0,"gold_gain":0,"player_choice":"Entered Light","damage_taken":16,"max_hp_gain":0,"max_hp_loss":0,"event_name":"Shining Light","floor":5,"gold_loss":0,"cards_upgraded":["Rampage","Defend_R"]},{"damage_healed":0,"gold_gain":0,"player_choice":"Success","damage_taken":12,"relics_obtained":["Molten Egg 2"],"max_hp_gain":0,"max_hp_loss":0,"event_name":"Scrap Ooze","floor":13,"gold_loss":0},{"damage_healed":0,"gold_gain":175,"player_choice":"AGREE","damage_taken":0,"max_hp_gain":0,"max_hp_loss":0,"event_name":"Liars Game","floor":14,"gold_loss":0,"cards_obtained":["Doubt"]},{"damage_healed":0,"gold_gain":0,"player_choice":"Obtained Relic","damage_taken":0,"relics_obtained":["Question Card"],"max_hp_gain":0,"max_hp_loss":0,"event_name":"Addict","floor":19,"gold_loss":85},{"damage_healed":0,"gold_gain":0,"cards_transformed":["Bash","Defend_R"],"player_choice":"Became Test Subject","damage_taken":0,"max_hp_gain":0,"max_hp_loss":0,"event_name":"Drug Dealer","floor":24,"gold_loss":0,"cards_obtained":["Cleave","Bludgeon"]},{"damage_healed":0,"gold_gain":0,"player_choice":"Memory 1","damage_taken":0,"max_hp_gain":0,"max_hp_loss":0,"event_name":"SensoryStone","floor":36,"gold_loss":0},{"damage_healed":0,"gold_gain":0,"player_choice":"Fight","damage_taken":0,"max_hp_gain":0,"max_hp_loss":0,"event_name":"Mysterious Sphere","floor":37,"gold_loss":0},{"damage_healed":0,"gold_gain":0,"player_choice":"Paid","damage_taken":0,"relics_obtained":["Red Mask"],"max_hp_gain":0,"max_hp_loss":0,"event_name":"Tomb of Lord Red Mask","floor":38,"gold_loss":195},{"cards_removed":["Dropkick"],"damage_healed":0,"gold_gain":0,"player_choice":"Removed Attack","damage_taken":0,"max_hp_gain":0,"max_hp_loss":0,"event_name":"Falling","floor":44,"gold_loss":0},{"damage_healed":0,"gold_gain":0,"player_choice":"Embrace Madness","damage_taken":12,"max_hp_gain":0,"max_hp_loss":0,"event_name":"Winding Halls","floor":46,"gold_loss":0,"cards_obtained":["Madness","Madness"]}],"is_beta":false,"boss_relics":[{"not_picked":["Philosopher\u0027s Stone","Ectoplasm"],"picked":"Astrolabe"},{"not_picked":["Fusion Hammer","Snecko Eye"],"picked":"Eternal Feather"}],"items_purged_floors":[22],"is_endless":false,"potions_floor_spawned":[3,16,18,27,31,39,41,47,48],"killed_by":"Awakened One","ascension_level":0}