{"gold_per_floor":[115,115,134,152,227,253,253,285,285,298,326,326,406,419,419,419],"floor_reached":16,"playtime":343,"items_purged":[],"score":215,"play_id":"1659656a-5bf9-451e-920d-aa32c1a01387","local_time":"20190529222107","is_ascension_mode":true,"campfire_choices":[{"data":"Coolheaded","floor":7,"key":"SMITH"},{"data":"Blizzard","floor":12,"key":"SMITH"},{"data":"Barrage","floor":15,"key":"SMITH"}],"neow_cost":"NONE","seed_source_timestamp":1653239885232388,"circlet_count":0,"master_deck":["AscendersBane","Strike_B","Strike_B","Strike_B","Strike_B","Defend_B","Defend_B","Defend_B","Defend_B","Zap+1","Dualcast","Coolheaded+1","Glacier","Ball Lightning","Barrage+1","Blizzard+1","Genetic Algorithm"],"relics":["Cracked Core","NeowsBlessing","Anchor","Nunchaku","Meat on the Bone","Odd Mushroom","Gremlin Horn"],"potions_floor_usage":[8,8,16],"damage_taken":[{"damage":0,"enemies":"2 Louse","floor":1,"turns":1},{"damage":0,"enemies":"Cultist","floor":3,"turns":1},{"damage":0,"enemies":"Small Slimes","floor":4,"turns":1},{"damage":18,"enemies":"Lagavulin","floor":6,"turns":7},{"damage":16,"enemies":"Gremlin Nob","floor":8,"turns":4},{"damage":0,"enemies":"Blue Slaver","floor":10,"turns":3},{"damage":4,"enemies":"The Mushroom Lair","floor":11,"turns":4},{"damage":12,"enemies":"3 Louse","floor":14,"turns":3},{"damage":43,"enemies":"Slime Boss","floor":16,"turns":10}],"seed_played":"-3724576614119700186","potions_obtained":[{"floor":3,"key":"Dexterity Potion"},{"floor":4,"key":"AttackPotion"},{"floor":10,"key":"FearPotion"},{"floor":11,"key":"FearPotion"}],"is_trial":false,"path_per_floor":["M","?","M","M","?","E","R","E","T","M","?","R","T","M","R","B"],"character_chosen":"DEFECT","items_purchased":[],"campfire_rested":0,"item_purchase_floors":[],"current_hp_per_floor":[64,64,64,64,53,35,35,19,19,31,39,39,39,39,39,0],"gold":419,"neow_bonus":"THREE_ENEMY_KILL","is_prod":false,"is_daily":false,"chose_seed":false,"campfire_upgraded":3,"win_rate":0,"timestamp":1559182867,"path_taken":["M","?","?","M","?","E","R","E","T","M","?","R","?","?","R","BOSS"],"build_version":"2019-01-23","purchased_purges":0,"victory":false,"max_hp_per_floor":[71,71,71,71,71,71,71,71,71,71,71,71,71,71,71,71],"card_choices":[{"not_picked":["Stack","Rebound"],"picked":"Coolheaded","floor":1},{"not_picked":["Steam","Sunder"],"picked":"Glacier","floor":3},{"not_picked":["Creative AI","Gash"],"picked":"Ball Lightning","floor":4},{"not_picked":["Fusion","Leap","Rebound"],"picked":"SKIP","floor":6},{"not_picked":["Aggregate","Skim"],"picked":"Barrage","floor":8},{"not_picked":["Stack","Steam","Leap"],"picked":"SKIP","floor":10},{"not_picked":["Sweeping Beam","Turbo"],"picked":"Blizzard","floor":11},{"not_picked":["Undo","Go for the Eyes"],"picked":"Genetic Algorithm","floor":14}],"player_experience":417320,"relics_obtained":[{"floor":6,"key":"Anchor"},{"floor":8,"key":"Nunchaku"},{"floor":9,"key":"Meat on the Bone"},{"floor":11,"key":"Odd Mushroom"},{"floor":13,"key":"Gremlin Horn"}],"event_choices":[{"damage_healed":0,"gold_gain":0,"player_choice":"Upgraded","damage_taken":0,"max_hp_gain":0,"max_hp_loss":0,"event_name":"Upgrade Shrine","floor":2,"gold_loss":0,"cards_upgraded":["Zap"]},{"damage_healed":0,"gold_gain":75,"player_choice":"Gather Gold","damage_taken":11,"max_hp_gain":0,"max_hp_loss":0,"event_name":"World of Goop","floor":5,"gold_loss":0},{"damage_healed":0,"gold_gain":0,"player_choice":"Fought Mushrooms","damage_taken":0,"max_hp_gain":0,"max_hp_loss":0,"event_name":"Mushrooms","floor":11,"gold_loss":0}],"is_beta":false,"boss_relics":[],"items_purged_floors":[],"is_endless":false,"potions_floor_spawned":[3,4,10,11],"killed_by":"Slime Boss","ascension_level":19}