{"gold_per_floor":[110,110,129,129,144,171,171,171,222,222],"floor_reached":10,"playtime":277,"items_purged":[],"score":132,"play_id":"921a7925-51d0-46c6-8f52-81bcdd824da4","local_time":"20190827214606","is_ascension_mode":true,"campfire_choices":[{"data":"Bash","floor":8,"key":"SMITH"}],"neow_cost":"NONE","seed_source_timestamp":949031036286608,"circlet_count":0,"master_deck":["AscendersBane","Strike_R","Strike_R","Strike_R+1","Strike_R","Strike_R","Defend_R","Defend_R","Defend_R+1","Defend_R","Bash+1","Clothesline","Shrug It Off","Rage"],"special_seed":0,"relics":["Burning Blood","Omamori","Golden Idol","Ancient Tea Set"],"potions_floor_usage":[6,10],"damage_taken":[{"damage":2.0,"enemies":"Jaw Worm","floor":1.0,"turns":5.0},{"damage":5.0,"enemies":"Small Slimes","floor":3.0,"turns":4.0},{"damage":8.0,"enemies":"Cultist","floor":5.0,"turns":4.0},{"damage":35,"enemies":"3 Sentries","floor":6,"turns":14},{"damage":6,"enemies":"Gremlin Nob","floor":10,"turns":3}],"seed_played":"6149568345237011223","potions_obtained":[{"floor":3.0,"key":"Dexterity Potion"},{"floor":5.0,"key":"SneckoOil"}],"is_trial":false,"path_per_floor":["M","?","M","?","M","E","?","R","T","E"],"character_chosen":"IRONCLAD","items_purchased":[],"campfire_rested":0,"item_purchase_floors":[],"current_hp_per_floor":[79,54,55,55,53,24,24,24,24,18],"gold":222,"neow_bonus":"TEN_PERCENT_HP_BONUS","is_prod":false,"is_daily":false,"chose_seed":false,"campfire_upgraded":1,"win_rate":0,"timestamp":1566956766,"path_taken":["M","?","M","?","M","E","?","R","T","E"],"build_version":"2019-07-17","purchased_purges":0,"victory":false,"max_hp_per_floor":[82,82,82,82,82,82,74,74,74,74],"card_choices":[{"not_picked":["Ghostly Armor","Clash"],"picked":"Clothesline","floor":1.0},{"not_picked":["Wild Strike","Body Slam","Fire Breathing"],"picked":"SKIP","floor":3.0},{"not_picked":["Body Slam","True Grit"],"picked":"Shrug It Off","floor":5.0},{"not_picked":["Perfected Strike","Wild Strike"],"picked":"Rage","floor":6}],"player_experience":609873,"relics_obtained":[{"floor":6,"key":"Omamori"},{"floor":9,"key":"Ancient Tea Set"}],"event_choices":[{"damage_healed":0.0,"max_hp_gain":0.0,"max_hp_loss":0.0,"gold_gain":0.0,"event_name":"Shining Light","player_choice":"Entered Light","floor":2.0,"gold_loss":0.0,"damage_taken":25.0,"cards_upgraded":["Defend_R","Strike_R"]},{"damage_healed":0.0,"max_hp_gain":0.0,"max_hp_loss":0.0,"gold_gain":0.0,"event_name":"Liars Game","player_choice":"Ignored","floor":4.0,"gold_loss":0.0,"damage_taken":0.0},{"damage_healed":0,"gold_gain":0,"player_choice":"Lose Max HP","damage_taken":0,"relics_obtained":["Golden Idol"],"max_hp_gain":0,"max_hp_loss":8,"event_name":"Golden Idol","floor":7,"gold_loss":0}],"is_beta":false,"boss_relics":[],"items_purged_floors":[],"is_endless":false,"potions_floor_spawned":[3,5],"killed_by":"Gremlin Nob","ascension_level":20}