{"gold_per_floor":[115,135,155,80,96,96,113,113,113,129,204,204,235,235],"floor_reached":14,"playtime":392,"items_purged":[],"score":184,"play_id":"44196a02-758c-4585-8543-ca54b6b63c92","local_time":"20190822153334","is_ascension_mode":true,"campfire_choices":[{"data":"Loop","floor":6.0,"key":"SMITH"},{"data":"Defragment","floor":8.0,"key":"SMITH"},{"floor":12.0,"key":"REST"}],"neow_cost":"NONE","seed_source_timestamp":48112634399800,"circlet_count":0,"master_deck":["AscendersBane","Strike_B","Strike_B","Strike_B","Defend_B","Defend_B","Defend_B","Defend_B","Zap","Dualcast","Hologram","Coolheaded","Loop+1","Reboot","Defragment+1","Doom and Gloom","Conserve Battery"],"special_seed":0,"relics":["Cracked Core","The Courier","Pen Nib"],"potions_floor_usage":[],"damage_taken":[{"damage":7.0,"enemies":"Small Slimes","floor":1.0,"turns":3.0},{"damage":2.0,"enemies":"Jaw Worm","floor":2.0,"turns":3.0},{"damage":0.0,"enemies":"Cultist","floor":3.0,"turns":3.0},{"damage":11.0,"enemies":"Exordium Wildlife","floor":5.0,"turns":5.0},{"damage":8.0,"enemies":"Blue Slaver","floor":7.0,"turns":6.0},{"damage":14.0,"enemies":"3 Louse","floor":10.0,"turns":5.0},{"damage":29.0,"enemies":"Lagavulin","floor":13.0,"turns":6.0},{"damage":15,"enemies":"Gremlin Gang","floor":14,"turns":1}],"seed_played":"6215120438833626368","potions_obtained":[{"floor":1.0,"key":"PowerPotion"},{"floor":2.0,"key":"PowerPotion"}],"is_trial":false,"path_per_floor":["M","M","M","?","M","R","M","R","T","M","?","R","E","M"],"character_chosen":"DEFECT","items_purchased":[],"campfire_rested":1,"item_purchase_floors":[],"current_hp_per_floor":[64,62,62,62,51,51,43,43,43,29,18,41,12,0],"gold":235,"neow_bonus":"TEN_PERCENT_HP_BONUS","is_prod":false,"is_daily":false,"chose_seed":false,"campfire_upgraded":2,"win_rate":0,"timestamp":1566513214,"path_taken":["M","M","M","?","M","R","M","R","T","M","?","R","E","M"],"build_version":"2019-08-15","purchased_purges":0,"victory":false,"max_hp_per_floor":[78,78,78,78,78,78,78,78,78,78,78,78,78,78],"card_choices":[{"not_picked":["Fusion","Stack"],"picked":"Hologram","floor":1.0},{"not_picked":["Doom and Gloom","Reinforced Body"],"picked":"Coolheaded","floor":2.0},{"not_picked":["Gash","Skim"],"picked":"Loop","floor":3.0},{"not_picked":["Rebound","Storm"],"picked":"Reboot","floor":5.0},{"not_picked":["Sweeping Beam","Streamline"],"picked":"Defragment","floor":7.0},{"not_picked":["Steam","Scrape"],"picked":"Doom and Gloom","floor":10.0},{"not_picked":["Go for the Eyes","Sweeping Beam"],"picked":"Conserve Battery","floor":13.0}],"player_experience":3036513,"relics_obtained":[{"floor":9.0,"key":"The Courier"},{"floor":13.0,"key":"Pen Nib"}],"event_choices":[{"cards_removed":["Strike_B"],"damage_healed":0.0,"max_hp_gain":0.0,"max_hp_loss":0.0,"gold_gain":0.0,"event_name":"The Cleric","player_choice":"Card Removal","floor":4.0,"gold_loss":75.0,"damage_taken":0.0},{"damage_healed":0.0,"max_hp_gain":0.0,"max_hp_loss":0.0,"gold_gain":75.0,"event_name":"World of Goop","player_choice":"Gather Gold","floor":11.0,"gold_loss":0.0,"damage_taken":11.0}],"is_beta":true,"boss_relics":[],"items_purged_floors":[],"is_endless":false,"potions_floor_spawned":[1,2,3],"killed_by":"Gremlin Gang","ascension_level":20}