{"gold_per_floor":[119,137,154,165,20,20,76,76,76,88,125,137,149,181,193,295,307,340,352,364,376,388,400,443,470,482,494,526,551,563],"floor_reached":30,"playtime":653,"items_purged":[],"score":549,"play_id":"4f580731-0dbb-450f-8407-110e7841a895","local_time":"20190405130216","is_ascension_mode":true,"campfire_choices":[{"data":"Echo Form","floor":6,"key":"SMITH"},{"floor":10,"key":"REST"},{"data":"Static Discharge","floor":15,"key":"SMITH"},{"data":"Electrodynamics","floor":23,"key":"SMITH"},{"floor":27,"key":"REST"}],"neow_cost":"NONE","seed_source_timestamp":1969751821233077,"circlet_count":0,"master_deck":["AscendersBane","Defend_B","Defend_B","Defend_B","Defend_B","Zap+1","Echo Form+1","Sweeping Beam+1","Ball Lightning+1","Cold Snap","Conserve Battery","Echo Form","Static Discharge+1","Electrodynamics+1","Conserve Battery","Bite","Bite","Bite","Bite","Core Surge","Sadistic Nature","Injury","White Noise","Leap+1","Writhe"],"relics":["Cracked Core","Whetstone","Tiny Chest","MawBank","Mercury Hourglass","Golden Idol","Cursed Key","Bottled Tornado","Blood Vial","Sundial"],"potions_floor_usage":[7,11,24,29],"damage_taken":[{"damage":8,"enemies":"Jaw Worm","floor":1,"turns":4},{"damage":10,"enemies":"Small Slimes","floor":2,"turns":3},{"damage":1,"enemies":"Cultist","floor":3,"turns":3},{"damage":13,"enemies":"Blue Slaver","floor":4,"turns":3},{"damage":13,"enemies":"3 Sentries","floor":7,"turns":7},{"damage":16,"enemies":"Gremlin Nob","floor":11,"turns":3},{"damage":2,"enemies":"2 Fungi Beasts","floor":14,"turns":3},{"damage":0,"enemies":"Hexaghost","floor":16,"turns":9},{"damage":9,"enemies":"Chosen","floor":18,"turns":5},{"damage":26,"enemies":"Book of Stabbing","floor":24,"turns":5},{"damage":14,"enemies":"Shell Parasite","floor":25,"turns":3},{"damage":6,"enemies":"Sentry and Sphere","floor":28,"turns":3},{"damage":33,"enemies":"Shelled Parasite and Fungi","floor":29,"turns":2},{"damage":22,"enemies":"Colosseum Slavers","floor":30,"turns":1}],"seed_played":"3617722446902626484","potions_obtained":[{"floor":1,"key":"Swift Potion"},{"floor":4,"key":"SkillPotion"},{"floor":7,"key":"FocusPotion"},{"floor":11,"key":"Block Potion"},{"floor":25,"key":"Strength Potion"}],"is_trial":false,"path_per_floor":["M","M","M","M","$","R","E","?","T","R","E","$","?","M","R","B",null,"M","?","?","$","T","R","E","M","T","R","M","M","?"],"character_chosen":"DEFECT","items_purchased":["Whetstone"],"campfire_rested":2,"item_purchase_floors":[5],"current_hp_per_floor":[56,46,45,32,32,32,19,19,19,40,24,24,24,22,22,22,55,46,46,46,46,46,46,28,24,24,37,35,8,0],"gold":563,"neow_bonus":"ONE_RANDOM_RARE_CARD","is_prod":false,"is_daily":false,"chose_seed":false,"campfire_upgraded":3,"win_rate":0,"timestamp":1554483736,"path_taken":["M","M","M","M","$","R","E","?","T","R","E","?","?","M","R","BOSS","M","?","?","?","?","R","E","M","T","R","M","?","?"],"build_version":"2019-01-23","purchased_purges":0,"victory":false,"max_hp_per_floor":[71,71,71,71,71,71,71,71,71,71,71,71,66,66,66,66,66,66,46,46,46,46,46,46,46,46,46,46,46,46],"card_choices":[{"not_picked":["Compile Driver","Hologram"],"picked":"Sweeping Beam","floor":1},{"not_picked":["Sweeping Beam","Doom and Gloom"],"picked":"Ball Lightning","floor":2},{"not_picked":["Heatsinks","Undo"],"picked":"Cold Snap","floor":3},{"not_picked":["Beam Cell","Steam"],"picked":"Conserve Battery","floor":4},{"not_picked":["Double Energy","Steam Power"],"picked":"Echo Form","floor":7},{"not_picked":["Tempest","Barrage","Steam"],"picked":"SKIP","floor":11},{"not_picked":["Conserve Battery","Auto Shields"],"picked":"Static Discharge","floor":14},{"not_picked":["Rainbow","Reboot"],"picked":"Electrodynamics","floor":16},{"not_picked":["Redo","Gash"],"picked":"Conserve Battery","floor":18},{"not_picked":["Ball Lightning","FTL"],"picked":"White Noise","floor":24},{"not_picked":["Rainbow","Reinforced Body"],"picked":"Leap+1","floor":25},{"not_picked":["Gash","Aggregate","Hologram"],"picked":"SKIP","floor":28},{"not_picked":["Rebound","Turbo","Sweeping Beam"],"picked":"SKIP","floor":29}],"player_experience":237995,"relics_obtained":[{"floor":7,"key":"Tiny Chest"},{"floor":9,"key":"MawBank"},{"floor":11,"key":"Mercury Hourglass"},{"floor":22,"key":"Bottled Tornado"},{"floor":24,"key":"Blood Vial"},{"floor":26,"key":"Sundial"}],"event_choices":[{"damage_healed":0,"gold_gain":0,"player_choice":"Grow","damage_taken":0,"max_hp_gain":0,"max_hp_loss":0,"event_name":"Living Wall","floor":8,"gold_loss":0,"cards_upgraded":["Zap"]},{"damage_healed":0,"gold_gain":0,"player_choice":"Lose Max HP","damage_taken":0,"relics_obtained":["Golden Idol"],"max_hp_gain":0,"max_hp_loss":5,"event_name":"Golden Idol","floor":13,"gold_loss":0},{"damage_healed":0,"gold_gain":0,"player_choice":"Became a vampire","damage_taken":0,"max_hp_gain":0,"max_hp_loss":20,"event_name":"Vampires","floor":19,"gold_loss":0,"cards_obtained":["Bite","Bite","Bite","Bite","Bite"]},{"damage_healed":0,"gold_gain":0,"cards_transformed":["Dualcast","Bite"],"player_choice":"Became Test Subject","damage_taken":0,"max_hp_gain":0,"max_hp_loss":0,"event_name":"Drug Dealer","floor":20,"gold_loss":0,"cards_obtained":["Core Surge","Sadistic Nature"]},{"damage_healed":0,"gold_gain":0,"player_choice":"Fight","damage_taken":0,"max_hp_gain":0,"max_hp_loss":0,"event_name":"Colosseum","floor":30,"gold_loss":0}],"is_beta":false,"boss_relics":[{"not_picked":["FrozenCore","Calling Bell"],"picked":"Cursed Key"}],"items_purged_floors":[],"is_endless":false,"potions_floor_spawned":[1,4,7,11,18,25,28],"killed_by":"Colosseum Slavers","ascension_level":14}