{"gold_per_floor":[109,209,228,240,259,285,302,302,354,354,73,73,102,116,116,221,221,235,160,173,16,115,115],"floor_reached":23,"playtime":2145,"items_purged":["Strike_R"],"score":251,"play_id":"9283401a-c2f8-4050-850e-67053ad11169","local_time":"20190824101413","is_ascension_mode":true,"campfire_choices":[{"data":"Armaments","floor":8,"key":"SMITH"},{"data":"Feel No Pain","floor":10,"key":"SMITH"},{"floor":12,"key":"REST"},{"data":"Bash","floor":15,"key":"SMITH"}],"neow_cost":"NONE","seed_source_timestamp":5474200926549,"circlet_count":0,"master_deck":["Strike_R","Strike_R","Strike_R","Defend_R","Defend_R","Defend_R","Defend_R","Bash+1","Disarm","Dark Embrace","Feel No Pain+1","Burning Pact","Double Tap","Armaments+1","Dropkick","Disarm","Double Tap","Pommel Strike","Offering","Impervious","True Grit","Burning Pact","Dual Wield+1","Warcry"],"relics":["Burning Blood","Shuriken","Pen Nib","Ornamental Fan","Orrery","Regal Pillow"],"potions_floor_usage":[5,6,14,16,20,23,23,23],"damage_taken":[{"damage":13,"enemies":"Jaw Worm","floor":1,"turns":4},{"damage":5,"enemies":"Cultist","floor":3,"turns":5},{"damage":4,"enemies":"Small Slimes","floor":4,"turns":4},{"damage":10,"enemies":"Blue Slaver","floor":5,"turns":6},{"damage":23,"enemies":"3 Sentries","floor":6,"turns":12},{"damage":28,"enemies":"2 Fungi Beasts","floor":7,"turns":6},{"damage":27,"enemies":"Lagavulin","floor":13,"turns":7},{"damage":5,"enemies":"Red Slaver","floor":14,"turns":5},{"damage":15,"enemies":"Slime Boss","floor":16,"turns":9},{"damage":39,"enemies":"Shell Parasite","floor":18,"turns":10},{"damage":19,"enemies":"3 Byrds","floor":20,"turns":5},{"damage":22,"enemies":"Book of Stabbing","floor":23,"turns":4}],"seed_played":"-26034045384967532","potions_obtained":[{"floor":0,"key":"LiquidBronze"},{"floor":0,"key":"Explosive Potion"},{"floor":0,"key":"PowerPotion"},{"floor":6,"key":"Energy Potion"},{"floor":16,"key":"LiquidBronze"},{"floor":18,"key":"SpeedPotion"},{"floor":20,"key":"Strength Potion"}],"is_trial":false,"path_per_floor":["M","?","M","M","M","E","M","R","T","R","$","R","E","M","R","B",null,"M","?","M","$","?","E"],"character_chosen":"IRONCLAD","items_purchased":["Dropkick","Disarm","Fire Potion","Regal Pillow"],"campfire_rested":1,"item_purchase_floors":[11,11,11,21],"current_hp_per_floor":[73,73,74,76,72,55,33,33,33,33,33,57,36,37,37,28,67,34,34,21,21,21,0],"gold":115,"neow_bonus":"THREE_SMALL_POTIONS","is_prod":false,"is_daily":false,"chose_seed":false,"campfire_upgraded":3,"win_rate":0,"timestamp":1566609253,"path_taken":["M","?","M","M","M","E","M","R","T","R","$","R","E","?","R","BOSS","M","?","M","$","?","E"],"build_version":"2019-07-17","purchased_purges":1,"victory":false,"max_hp_per_floor":[80,80,80,80,80,80,80,80,80,80,80,80,80,80,80,80,80,80,80,80,80,80,80],"card_choices":[{"not_picked":["Wild Strike","Dual Wield"],"picked":"Disarm","floor":1},{"not_picked":["Flex","Shrug It Off"],"picked":"Dark Embrace","floor":3},{"not_picked":["Fire Breathing","Evolve"],"picked":"Feel No Pain","floor":4},{"not_picked":["Flex","Thunderclap"],"picked":"Burning Pact","floor":5},{"not_picked":["Searing Blow","Armaments"],"picked":"Double Tap","floor":6},{"not_picked":["Dual Wield","Twin Strike"],"picked":"Armaments","floor":7},{"not_picked":["Body Slam","Anger"],"picked":"Double Tap","floor":13},{"not_picked":["Armaments","Headbutt"],"picked":"Pommel Strike","floor":14},{"not_picked":["Barricade","Double Tap"],"picked":"Offering","floor":16},{"not_picked":["Second Wind","Bloodletting"],"picked":"Impervious","floor":17},{"not_picked":["Sword Boomerang","Infernal Blade"],"picked":"True Grit","floor":17},{"not_picked":["Rampage","Heavy Blade"],"picked":"Burning Pact","floor":17},{"not_picked":["Fire Breathing","Body Slam"],"picked":"Dual Wield+1","floor":18},{"not_picked":["Heavy Blade","Havoc"],"picked":"Warcry","floor":20}],"player_experience":228112,"relics_obtained":[{"floor":6,"key":"Shuriken"},{"floor":9,"key":"Pen Nib"},{"floor":13,"key":"Ornamental Fan"}],"event_choices":[{"damage_healed":0,"gold_gain":100,"player_choice":"Pray","damage_taken":0,"max_hp_gain":0,"max_hp_loss":0,"event_name":"Golden Shrine","floor":2,"gold_loss":0},{"cards_removed":["Strike_R"],"damage_healed":0,"gold_gain":0,"player_choice":"Gave Gold","damage_taken":0,"max_hp_gain":0,"max_hp_loss":0,"event_name":"Beggar","floor":19,"gold_loss":75},{"damage_healed":0,"gold_gain":99,"player_choice":"Stole From Cult","damage_taken":0,"max_hp_gain":0,"max_hp_loss":0,"event_name":"Nest","floor":22,"gold_loss":0}],"is_beta":false,"boss_relics":[{"not_picked":["Coffee Dripper","Runic Cube"],"picked":"Orrery"}],"items_purged_floors":[11],"is_endless":false,"potions_floor_spawned":[6,13,16,18,20],"killed_by":"Book of Stabbing","ascension_level":5}