{"gold_per_floor":[115,64,83,83,9,44,44,73,97,97,110,143,154,186,186,260,260,280,205,224,9,23,23],"floor_reached":23,"playtime":720,"items_purged":[],"score":488,"play_id":"c36fb01c-8d8e-40f3-9020-d506f65d0863","local_time":"20190618120528","is_ascension_mode":true,"campfire_choices":[{"data":"Defragment","floor":7.0,"key":"SMITH"},{"data":"Defragment","floor":15.0,"key":"SMITH"}],"neow_cost":"NONE","seed_source_timestamp":3343026789485002,"circlet_count":0,"master_deck":["AscendersBane","Strike_B","Defend_B","Defend_B","Defend_B","Defend_B","Zap+1","Dualcast","Capacitor","Coolheaded","Barrage","Defragment+1","Reinforced Body","Coolheaded","Sweeping Beam","Storm","Defragment+1","Coolheaded","Buffer","Cold Snap","Turbo","Skim","Compile Driver","Barrage"],"special_seed":0,"relics":["Cracked Core","NeowsBlessing","Anchor","Oddly Smooth Stone","Happy Flower","Gambling Chip","Centennial Puzzle","Inserter","Medical Kit"],"potions_floor_usage":[],"damage_taken":[{"damage":0.0,"enemies":"Cultist","floor":1.0,"turns":1.0},{"damage":0.0,"enemies":"Jaw Worm","floor":3.0,"turns":1.0},{"damage":0.0,"enemies":"Gremlin Nob","floor":6.0,"turns":1.0},{"damage":4.0,"enemies":"Lagavulin","floor":8.0,"turns":8.0},{"damage":0.0,"enemies":"Small Slimes","floor":11.0,"turns":3.0},{"damage":6.0,"enemies":"3 Sentries","floor":12.0,"turns":6.0},{"damage":4.0,"enemies":"Exordium Thugs","floor":13.0,"turns":4.0},{"damage":6.0,"enemies":"Gremlin Nob","floor":14.0,"turns":4.0},{"damage":5.0,"enemies":"Slime Boss","floor":16.0,"turns":10.0},{"damage":5.0,"enemies":"Spheric Guardian","floor":18.0,"turns":4.0},{"damage":12.0,"enemies":"2 Thieves","floor":20.0,"turns":3.0},{"damage":14.0,"enemies":"Snake Plant","floor":22.0,"turns":4.0},{"damage":48,"enemies":"Slavers","floor":23,"turns":3}],"seed_played":"6260782695783308766","potions_obtained":[{"floor":3.0,"key":"Energy Potion"},{"floor":8.0,"key":"LiquidBronze"},{"floor":13.0,"key":"FocusPotion"},{"floor":14.0,"key":"Energy Potion"}],"is_trial":false,"path_per_floor":["M","$","M","?","$","E","R","E","T","?","M","E","M","E","R","B",null,"M","?","M","$","M","E"],"character_chosen":"DEFECT","items_purchased":["Coolheaded","Defragment","Medical Kit"],"campfire_rested":0,"item_purchase_floors":[2,5,21],"current_hp_per_floor":[64,64,64,64,64,64,64,60,60,60,60,54,50,44,44,39,63,58,58,46,46,32,0],"gold":23,"neow_bonus":"THREE_ENEMY_KILL","is_prod":false,"is_daily":false,"chose_seed":false,"campfire_upgraded":2,"win_rate":0,"timestamp":1560873928,"path_taken":["M","$","?","?","$","E","R","E","T","?","M","E","?","E","R","BOSS","M","?","M","$","?","E"],"build_version":"2019-01-23","purchased_purges":0,"victory":false,"max_hp_per_floor":[71,71,71,71,71,71,71,71,71,71,71,71,71,71,71,71,71,71,71,71,71,71,71],"card_choices":[{"not_picked":["Stack","Loop"],"picked":"Capacitor","floor":1.0},{"not_picked":["Gash","Sweeping Beam"],"picked":"Barrage","floor":3.0},{"not_picked":["Lockon","BootSequence"],"picked":"Reinforced Body","floor":6.0},{"not_picked":["Conserve Battery","Storm"],"picked":"Coolheaded","floor":8.0},{"not_picked":["Stack","Scrape","Redo"],"picked":"SKIP","floor":11.0},{"not_picked":["Redo","Reboot"],"picked":"Storm","floor":12.0},{"not_picked":["Leap","Conserve Battery"],"picked":"Defragment","floor":13.0},{"not_picked":["Rebound","Leap"],"picked":"Coolheaded","floor":14.0},{"not_picked":["Reboot","All For One"],"picked":"Buffer","floor":16.0},{"not_picked":["Turbo","Sweeping Beam"],"picked":"Cold Snap","floor":18.0},{"not_picked":["Auto Shields","Go for the Eyes"],"picked":"Compile Driver","floor":20.0},{"not_picked":["Melter","Turbo"],"picked":"Barrage","floor":22.0}],"player_experience":433120,"relics_obtained":[{"floor":6.0,"key":"Anchor"},{"floor":8.0,"key":"Oddly Smooth Stone"},{"floor":9.0,"key":"Happy Flower"},{"floor":12.0,"key":"Gambling Chip"},{"floor":14.0,"key":"Centennial Puzzle"}],"event_choices":[{"damage_healed":0.0,"max_hp_gain":0.0,"max_hp_loss":0.0,"gold_gain":0.0,"event_name":"Living Wall","player_choice":"Grow","floor":4.0,"gold_loss":0.0,"damage_taken":0.0,"cards_upgraded":["Zap"]},{"damage_healed":0.0,"max_hp_gain":0.0,"max_hp_loss":0.0,"gold_gain":0.0,"cards_transformed":["Strike_B"],"event_name":"Transmorgrifier","player_choice":"Transformed","floor":10.0,"gold_loss":0.0,"damage_taken":0.0,"cards_obtained":["Sweeping Beam"]},{"damage_healed":0.0,"max_hp_gain":0.0,"max_hp_loss":0.0,"gold_gain":0.0,"cards_transformed":["Strike_B","Strike_B"],"event_name":"Designer","player_choice":"Transformed Cards","floor":19.0,"gold_loss":75.0,"damage_taken":0.0,"cards_obtained":["Turbo","Skim"]}],"is_beta":false,"boss_relics":[{"not_picked":["Coffee Dripper","Lizard Tail"],"picked":"Inserter"}],"items_purged_floors":[],"is_endless":false,"potions_floor_spawned":[3,8,13,14],"killed_by":"Slavers","ascension_level":20}