{"gold_per_floor":[117,16,16,30,55,98,124,148,148,148,24,102,102,123,123,244,244,258,271,296,2,2,2,15,15,15,49,49,8,8,8,8,113,113,130,149,149,169,11,11],"floor_reached":40,"playtime":3141,"items_purged":["Strike_R","Strike_R","Strike_R"],"score":404,"play_id":"72d945ad-4ea0-4c46-9aee-9e4feedae5f6","local_time":"20190827101250","is_ascension_mode":false,"campfire_choices":[{"data":"Armaments","floor":10,"key":"SMITH"},{"floor":13,"key":"RECALL"},{"floor":15,"key":"REST"},{"floor":23,"key":"REST"},{"floor":25,"key":"REST"},{"floor":28,"key":"REST"},{"floor":32,"key":"REST"}],"neow_cost":"NONE","seed_source_timestamp":306057903903412,"circlet_count":0,"master_deck":["Defend_R","Defend_R","Defend_R","Defend_R","Bash","Armaments+1","Twin Strike","Warcry","Battle Trance","Iron Wave","Headbutt","Sword Boomerang","Iron Wave","Heavy Blade","Reaper","Ghostly Armor","Flex","Inflame+1","Spot Weakness","Thunderclap","True Grit+1","Sword Boomerang","Searing Blow","Dark Embrace","Ghostly Armor+1","Sword Boomerang","Master of Strategy","Trip","Enlightenment","Pommel Strike","Shockwave","Disarm","Inflame"],"relics":["Burning Blood","Bloody Idol","Juzu Bracelet","Odd Mushroom","Ornamental Fan","Empty Cage","Membership Card","Letter Opener","Happy Flower","Fusion Hammer"],"potions_floor_usage":[7,12,12,14,16,19,20,33,40],"damage_taken":[{"damage":0,"enemies":"Small Slimes","floor":1,"turns":3},{"damage":0,"enemies":"2 Louse","floor":4,"turns":3},{"damage":1,"enemies":"Jaw Worm","floor":5,"turns":4},{"damage":40,"enemies":"Gremlin Nob","floor":6,"turns":5},{"damage":7,"enemies":"The Mushroom Lair","floor":7,"turns":4},{"damage":4,"enemies":"Red Slaver","floor":8,"turns":5},{"damage":5,"enemies":"Gremlin Nob","floor":12,"turns":3},{"damage":7,"enemies":"2 Fungi Beasts","floor":14,"turns":3},{"damage":29,"enemies":"Slime Boss","floor":16,"turns":13},{"damage":10,"enemies":"Chosen","floor":18,"turns":6},{"damage":5,"enemies":"3 Byrds","floor":19,"turns":8},{"damage":75,"enemies":"Centurion and Healer","floor":20,"turns":17},{"damage":34,"enemies":"Snake Plant","floor":24,"turns":6},{"damage":67,"enemies":"Slavers","floor":27,"turns":6},{"damage":85,"enemies":"Collector","floor":33,"turns":9},{"damage":28,"enemies":"Orb Walker","floor":35,"turns":5},{"damage":18,"enemies":"3 Shapes","floor":36,"turns":5},{"damage":31,"enemies":"Maw","floor":38,"turns":7},{"damage":59,"enemies":"Reptomancer","floor":40,"turns":4}],"seed_played":"-8178468874358737066","potions_obtained":[{"floor":6,"key":"AttackPotion"},{"floor":7,"key":"Strength Potion"},{"floor":8,"key":"FearPotion"},{"floor":12,"key":"PowerPotion"},{"floor":14,"key":"Explosive Potion"},{"floor":16,"key":"Weak Potion"},{"floor":19,"key":"Explosive Potion"},{"floor":27,"key":"Weak Potion"},{"floor":38,"key":"Regen Potion"}],"is_trial":false,"path_per_floor":["M","$","?","M","M","E","?","M","T","R","$","?","R","M","R","B",null,"M","M","M","$","?","R","M","R","T","E","R","$","?","$","R","B",null,"M","M","?","M","$","E"],"character_chosen":"IRONCLAD","items_purchased":["Twin Strike","Sword Boomerang","Spot Weakness","Membership Card","Thunderclap","Searing Blow","Shockwave","Disarm","Inflame"],"campfire_rested":5,"item_purchase_floors":[2,11,21,21,21,29,39,39,39],"current_hp_per_floor":[88,88,66,72,77,43,42,44,44,44,44,45,45,44,70,47,88,84,85,26,26,26,52,24,50,50,19,45,45,45,45,71,19,88,71,74,64,53,53,0],"gold":11,"neow_bonus":"TEN_PERCENT_HP_BONUS","is_prod":false,"is_daily":false,"chose_seed":false,"campfire_upgraded":1,"win_rate":0,"timestamp":1566893570,"path_taken":["M","$","?","M","M","E","?","M","T","R","?","?","R","M","R","BOSS","M","M","M","$","?","R","M","R","T","E","R","$","?","$","R","BOSS","M","M","?","M","?","E"],"build_version":"2019-06-28","purchased_purges":3,"victory":false,"max_hp_per_floor":[88,88,88,88,88,88,88,88,88,88,88,88,88,88,88,88,88,88,88,88,88,88,88,88,88,88,88,88,88,88,88,88,88,88,88,88,88,88,88,88],"card_choices":[{"not_picked":["Pommel Strike","Sword Boomerang"],"picked":"Armaments","floor":1},{"not_picked":["Body Slam","True Grit"],"picked":"Warcry","floor":4},{"not_picked":["Perfected Strike","Sever Soul"],"picked":"Battle Trance","floor":5},{"not_picked":["Double Tap","Offering"],"picked":"Iron Wave","floor":6},{"not_picked":["Shrug It Off","Flame Barrier"],"picked":"Headbutt","floor":8},{"not_picked":["Power Through","Corruption"],"picked":"Iron Wave","floor":12},{"not_picked":["Clothesline","Sword Boomerang"],"picked":"Heavy Blade","floor":14},{"not_picked":["Fiend Fire","Bludgeon"],"picked":"Reaper","floor":16},{"not_picked":["Clash","Body Slam"],"picked":"Ghostly Armor","floor":18},{"not_picked":["Cleave","Sever Soul"],"picked":"Flex","floor":19},{"not_picked":["Clash","Blood for Blood"],"picked":"Inflame","floor":20},{"not_picked":["Flame Barrier","Anger"],"picked":"True Grit+1","floor":24},{"not_picked":["Clothesline","Shrug It Off"],"picked":"Sword Boomerang","floor":27},{"not_picked":["Impervious","Offering"],"picked":"Dark Embrace","floor":33},{"not_picked":["Pommel Strike","Body Slam"],"picked":"Ghostly Armor+1","floor":35},{"not_picked":["Hemokinesis+1","Perfected Strike+1"],"picked":"Sword Boomerang","floor":36},{"not_picked":["Purity","Impatience"],"picked":"Master of Strategy","floor":37},{"not_picked":["Enlightenment","Swift Strike"],"picked":"Trip","floor":37},{"not_picked":["Deep Breath","Trip"],"picked":"Enlightenment","floor":37},{"not_picked":["Searing Blow","Body Slam"],"picked":"Pommel Strike","floor":38}],"player_experience":89313,"relics_obtained":[{"floor":6,"key":"Juzu Bracelet"},{"floor":7,"key":"Odd Mushroom"},{"floor":12,"key":"Ornamental Fan"},{"floor":26,"key":"Letter Opener"},{"floor":27,"key":"Happy Flower"}],"event_choices":[{"damage_healed":0,"gold_gain":0,"player_choice":"Take Damage","damage_taken":22,"relics_obtained":["Golden Idol"],"max_hp_gain":0,"max_hp_loss":0,"event_name":"Golden Idol","floor":3,"gold_loss":0},{"damage_healed":0,"gold_gain":0,"player_choice":"Fought Mushrooms","damage_taken":0,"max_hp_gain":0,"max_hp_loss":0,"event_name":"Mushrooms","floor":7,"gold_loss":0},{"damage_healed":0,"gold_gain":0,"player_choice":"Searched \u00272\u0027 times","damage_taken":0,"max_hp_gain":0,"max_hp_loss":0,"event_name":"Dead Adventurer","floor":12,"gold_loss":0},{"damage_healed":0,"gold_gain":0,"player_choice":"Upgraded","damage_taken":0,"max_hp_gain":0,"max_hp_loss":0,"event_name":"Upgrade Shrine","floor":22,"gold_loss":0,"cards_upgraded":["Inflame"]},{"damage_healed":0,"gold_gain":0,"player_choice":"Gave Idol","damage_taken":0,"relics_obtained":["Bloody Idol"],"max_hp_gain":0,"max_hp_loss":0,"event_name":"Forgotten Altar","floor":30,"relics_lost":["Golden Idol"],"gold_loss":0},{"damage_healed":0,"gold_gain":0,"player_choice":"Memory 3","damage_taken":10,"max_hp_gain":0,"max_hp_loss":0,"event_name":"SensoryStone","floor":37,"gold_loss":0}],"is_beta":true,"boss_relics":[{"not_picked":["Cursed Key","Calling Bell"],"picked":"Empty Cage"},{"not_picked":["Philosopher\u0027s Stone","Busted Crown"],"picked":"Fusion Hammer"}],"items_purged_floors":[2,11,39],"is_endless":false,"potions_floor_spawned":[6,7,8,12,14,16,19,27,38],"killed_by":"Reptomancer","ascension_level":0}