{"gold_per_floor":[110,110,13,23,23,64,139,139,162,162,205,205,221,256,256,354,354,367,380,395,395,409,409,447,447,474,489,516,516,532,22,22,116,116,139,139,1,1,22,22,66,66,66,109,109,125,140,161,161,161],"floor_reached":50,"playtime":1324,"items_purged":["Strike_R"],"score":1176,"play_id":"7e33ecc4-d99e-4f26-9e5d-b9232f0414e7","local_time":"20190613134125","is_ascension_mode":true,"campfire_choices":[{"data":"Uppercut","floor":8.0,"key":"SMITH"},{"floor":12.0,"key":"REST"},{"data":"Inflame","floor":15.0,"key":"SMITH"},{"data":"True Grit","floor":23.0,"key":"SMITH"},{"data":"Immolate","floor":25.0,"key":"SMITH"},{"floor":29.0,"key":"REST"},{"data":"Pummel","floor":32.0,"key":"SMITH"},{"data":"Flame Barrier","floor":40,"key":"SMITH"},{"floor":42,"key":"REST"},{"floor":45,"key":"REST"},{"floor":49,"key":"REST"}],"neow_cost":"NONE","seed_source_timestamp":2917202635635872,"circlet_count":0,"master_deck":["AscendersBane","Strike_R","Strike_R","Strike_R","Defend_R","Defend_R","Defend_R","Defend_R","Bash","Headbutt","Inflame+1","Uppercut+1","Whirlwind","Iron Wave","Battle Trance","Immolate+1","True Grit+1","Flame Barrier+1","True Grit+1","Pummel+1","Trip+1","Limit Break+1","Spot Weakness+1","Shockwave+1","Iron Wave+1","Disarm+1","Armaments+1","Disarm+1"],"special_seed":0,"relics":["Burning Blood","NeowsBlessing","Golden Idol","Shuriken","Pen Nib","Smiling Mask","Art of War","Matryoshka","Velvet Choker","MutagenicStrength","Singing Bowl","Bag of Marbles","Juzu Bracelet","Toxic Egg 2","Potion Belt","Self Forming Clay","Black Star","Bottled Lightning","Bottled Flame","Letter Opener","Boot","Bronze Scales"],"potions_floor_usage":[33,33,47,48,50,50],"damage_taken":[{"damage":0.0,"enemies":"Jaw Worm","floor":1.0,"turns":1.0},{"damage":0.0,"enemies":"Cultist","floor":4.0,"turns":1.0},{"damage":0.0,"enemies":"3 Sentries","floor":6.0,"turns":2.0},{"damage":30.0,"enemies":"Lagavulin","floor":11.0,"turns":7.0},{"damage":11.0,"enemies":"2 Louse","floor":13.0,"turns":3.0},{"damage":20.0,"enemies":"3 Sentries","floor":14.0,"turns":6.0},{"damage":14.0,"enemies":"Hexaghost","floor":16.0,"turns":8.0},{"damage":0.0,"enemies":"Chosen","floor":18.0,"turns":3.0},{"damage":2.0,"enemies":"3 Byrds","floor":19.0,"turns":4.0},{"damage":21.0,"enemies":"Snecko","floor":20.0,"turns":4.0},{"damage":19.0,"enemies":"Snake Plant","floor":22.0,"turns":3.0},{"damage":19.0,"enemies":"Gremlin Leader","floor":24.0,"turns":5.0},{"damage":11.0,"enemies":"Shelled Parasite and Fungi","floor":27.0,"turns":3.0},{"damage":0.0,"enemies":"3 Cultists","floor":30.0,"turns":3.0},{"damage":32,"enemies":"Collector","floor":33,"turns":6},{"damage":0,"enemies":"Orb Walker","floor":35,"turns":1},{"damage":13,"enemies":"3 Darklings","floor":39,"turns":2},{"damage":47,"enemies":"Giant Head","floor":41,"turns":6},{"damage":35,"enemies":"Reptomancer","floor":44,"turns":4},{"damage":1,"enemies":"Transient","floor":46,"turns":6},{"damage":17,"enemies":"Jaw Worm Horde","floor":47,"turns":3},{"damage":34,"enemies":"3 Darklings","floor":48,"turns":4},{"damage":39,"enemies":"Awakened One","floor":50,"turns":13}],"seed_played":"3146613211791969961","potions_obtained":[{"floor":4.0,"key":"PowerPotion"},{"floor":11.0,"key":"FearPotion"},{"floor":20.0,"key":"SkillPotion"},{"floor":27.0,"key":"AttackPotion"},{"floor":30.0,"key":"AttackPotion"},{"floor":46,"key":"Fire Potion"},{"floor":47,"key":"SteroidPotion"},{"floor":48,"key":"SkillPotion"}],"is_trial":false,"path_per_floor":["M","?","$","M","?","E","?","R","T","?","E","R","M","E","R","B",null,"M","M","M","?","M","R","E","R","T","M","T","R","M","$","R","B",null,"M","?","$","?","M","R","E","R","T","E","R","M","M","M","R","B"],"character_chosen":"IRONCLAD","items_purchased":["Inflame","Fire Potion","Self Forming Clay","Pummel","Trip+1","Spot Weakness+1","Dexterity Potion"],"campfire_rested":5,"item_purchase_floors":[3,3,31,31,31,37,37],"current_hp_per_floor":[74,74,74,75,49,55,44,44,44,44,20,42,37,23,23,15,60,66,70,55,55,42,42,31,31,31,28,28,51,57,57,57,31,67,75,75,75,75,68,68,27,50,50,21,44,49,38,12,35,0],"gold":161,"neow_bonus":"THREE_ENEMY_KILL","is_prod":false,"is_daily":false,"chose_seed":false,"campfire_upgraded":6,"win_rate":0,"timestamp":1560447685,"path_taken":["M","?","?","M","?","E","?","R","T","?","E","R","M","E","R","BOSS","M","?","M","?","M","R","E","R","T","M","?","R","M","?","R","BOSS","M","?","$","?","M","R","E","R","T","E","R","M","M","M","R","BOSS"],"build_version":"2019-01-23","purchased_purges":1,"victory":false,"max_hp_per_floor":[75,75,75,75,75,75,75,75,75,75,75,75,75,75,75,75,75,75,75,75,75,75,75,77,77,77,79,79,79,79,79,79,79,79,81,81,81,77,77,77,77,77,77,77,77,77,77,79,79,79],"card_choices":[{"not_picked":["Clash","Carnage"],"picked":"Headbutt","floor":1.0},{"not_picked":["Pommel Strike","Perfected Strike"],"picked":"Uppercut","floor":4.0},{"not_picked":["Pommel Strike","Searing Blow"],"picked":"Whirlwind","floor":6.0},{"not_picked":["Wild Strike","Clash","Pommel Strike"],"picked":"SKIP","floor":11.0},{"not_picked":["Evolve","Cleave"],"picked":"Iron Wave","floor":13.0},{"not_picked":["Perfected Strike","Uppercut"],"picked":"Battle Trance","floor":14.0},{"not_picked":["Bludgeon","Barricade"],"picked":"Immolate","floor":16.0},{"not_picked":["Thunderclap","Rage+1"],"picked":"True Grit","floor":18.0},{"not_picked":["Clash","Pommel Strike","Sever Soul"],"picked":"SKIP","floor":19.0},{"not_picked":["Rampage","Warcry","Wild Strike"],"picked":"SKIP","floor":20.0},{"not_picked":["Sever Soul","Bloodletting"],"picked":"Flame Barrier","floor":22.0},{"not_picked":["Carnage+1","Second Wind","Headbutt"],"picked":"Singing Bowl","floor":24.0},{"not_picked":["Clothesline","Warcry","Body Slam"],"picked":"Singing Bowl","floor":27.0},{"not_picked":["Power Through+1","Carnage+1"],"picked":"True Grit+1","floor":30.0},{"not_picked":["Immolate","Feed"],"picked":"Limit Break+1","floor":33},{"not_picked":["Iron Wave","Clothesline","Thunderclap"],"picked":"Singing Bowl","floor":35},{"not_picked":["Cleave","Twin Strike"],"picked":"Shockwave+1","floor":39},{"not_picked":["Body Slam","Feed"],"picked":"Iron Wave+1","floor":41},{"not_picked":["Shrug It Off+1","Combust"],"picked":"Disarm+1","floor":44},{"not_picked":["Perfected Strike","Warcry+1"],"picked":"Armaments+1","floor":46},{"not_picked":["Clothesline","Havoc+1"],"picked":"Disarm+1","floor":47},{"not_picked":["Clothesline","Armaments+1","Evolve"],"picked":"Singing Bowl","floor":48}],"player_experience":426209,"relics_obtained":[{"floor":6.0,"key":"Shuriken"},{"floor":9.0,"key":"Pen Nib"},{"floor":11.0,"key":"Art of War"},{"floor":14.0,"key":"Matryoshka"},{"floor":24.0,"key":"Singing Bowl"},{"floor":26.0,"key":"Bag of Marbles"},{"floor":26.0,"key":"Juzu Bracelet"},{"floor":28.0,"key":"Toxic Egg 2"},{"floor":28.0,"key":"Potion Belt"},{"floor":41,"key":"Bottled Lightning"},{"floor":41,"key":"Bottled Flame"},{"floor":43,"key":"Letter Opener"},{"floor":44,"key":"Boot"},{"floor":44,"key":"Bronze Scales"}],"event_choices":[{"cards_removed":["Strike_R"],"damage_healed":0.0,"max_hp_gain":0.0,"max_hp_loss":0.0,"gold_gain":0.0,"event_name":"Bonfire Elementals","player_choice":"Offered Basic","floor":2.0,"gold_loss":0.0,"damage_taken":0.0},{"damage_healed":0.0,"max_hp_gain":0.0,"max_hp_loss":0.0,"gold_gain":0.0,"event_name":"Golden Idol","player_choice":"Take Damage","floor":5.0,"gold_loss":0.0,"damage_taken":26.0,"relics_obtained":["Golden Idol"]},{"damage_healed":0.0,"max_hp_gain":0.0,"max_hp_loss":0.0,"gold_gain":75.0,"event_name":"World of Goop","player_choice":"Gather Gold","floor":7.0,"gold_loss":0.0,"damage_taken":11.0},{"damage_healed":0.0,"max_hp_gain":0.0,"max_hp_loss":0.0,"gold_gain":0.0,"event_name":"WeMeetAgain","player_choice":"Gave Potion","floor":10.0,"gold_loss":0.0,"damage_taken":0.0,"relics_obtained":["Smiling Mask"]},{"damage_healed":0.0,"max_hp_gain":0.0,"max_hp_loss":0.0,"gold_gain":0.0,"event_name":"Drug Dealer","player_choice":"Inject Mutagens","floor":21.0,"gold_loss":0.0,"damage_taken":0.0,"relics_obtained":["MutagenicStrength"]},{"damage_healed":0,"gold_gain":0,"player_choice":"Ignored","damage_taken":0,"max_hp_gain":0,"max_hp_loss":0,"event_name":"Mysterious Sphere","floor":36,"gold_loss":0},{"damage_healed":0,"gold_gain":0,"player_choice":"Max HP","damage_taken":0,"max_hp_gain":0,"max_hp_loss":4,"event_name":"Winding Halls","floor":38,"gold_loss":0}],"is_beta":false,"boss_relics":[{"not_picked":["Pandora\u0027s Box","Tiny House"],"picked":"Velvet Choker"},{"not_picked":["Lizard Tail","Coffee Dripper"],"picked":"Black Star"}],"items_purged_floors":[31],"is_endless":false,"potions_floor_spawned":[4,6,11,20,27,30,46,47,48],"killed_by":"Awakened One","ascension_level":20}