{"gold_per_floor":[110,35,50,67,86,111,111,139,164,164,164,20,20,95,95,95],"floor_reached":16,"playtime":689,"items_purged":["Strike_R","Strike_R"],"score":211,"play_id":"b9460f8f-ba19-41fc-b87f-43a174de7196","local_time":"20190515221251","is_ascension_mode":true,"campfire_choices":[{"data":"Inflame","floor":11,"key":"SMITH"},{"data":"Feel No Pain","floor":13,"key":"SMITH"},{"floor":15,"key":"REST"}],"neow_cost":"NONE","seed_source_timestamp":442734023198144,"circlet_count":0,"master_deck":["AscendersBane","Strike_R","Strike_R","Strike_R","Defend_R","Defend_R","Defend_R","Defend_R","Bash+1","Carnage","Disarm+1","Headbutt","Flame Barrier","Inflame+1","Feel No Pain+1"],"relics":["Burning Blood","Pantograph","Strawberry","Bronze Scales"],"potions_floor_usage":[6,6],"damage_taken":[{"damage":10,"enemies":"Small Slimes","floor":1,"turns":3},{"damage":1,"enemies":"2 Louse","floor":3,"turns":3},{"damage":1,"enemies":"Cultist","floor":4,"turns":3},{"damage":18,"enemies":"Looter","floor":5,"turns":3},{"damage":24,"enemies":"Gremlin Nob","floor":6,"turns":4},{"damage":40,"enemies":"3 Sentries","floor":8,"turns":11},{"damage":69,"enemies":"Slime Boss","floor":16,"turns":11}],"seed_played":"5498079420265322880","potions_obtained":[{"floor":1,"key":"Ancient Potion"},{"floor":3,"key":"Swift Potion"},{"floor":8,"key":"FairyPotion"}],"is_trial":false,"path_per_floor":["M","$","M","M","M","E","?","E","T","?","R","$","R","?","R","B"],"character_chosen":"IRONCLAD","items_purchased":["Feel No Pain"],"campfire_rested":1,"item_purchase_floors":[12],"current_hp_per_floor":[64,64,69,74,62,44,44,17,17,17,17,17,17,6,30,0],"gold":95,"neow_bonus":"UPGRADE_CARD","is_prod":false,"is_daily":false,"chose_seed":false,"campfire_upgraded":2,"win_rate":0,"timestamp":1557972771,"path_taken":["M","$","M","M","M","E","?","E","T","?","R","$","R","?","R","BOSS"],"build_version":"2019-01-23","purchased_purges":2,"victory":false,"max_hp_per_floor":[75,75,75,75,75,75,75,82,82,82,82,82,82,82,82,82],"card_choices":[{"not_picked":["Warcry","Cleave"],"picked":"Carnage","floor":1},{"not_picked":["Rage","Warcry"],"picked":"Disarm","floor":3},{"not_picked":["Cleave","Sword Boomerang"],"picked":"Headbutt","floor":4},{"not_picked":["Pommel Strike","Rage","Heavy Blade"],"picked":"SKIP","floor":5},{"not_picked":["Sword Boomerang","Pummel"],"picked":"Flame Barrier","floor":6},{"not_picked":["Body Slam","Evolve"],"picked":"Inflame","floor":8}],"player_experience":369709,"relics_obtained":[{"floor":6,"key":"Pantograph"},{"floor":8,"key":"Strawberry"},{"floor":9,"key":"Bronze Scales"}],"event_choices":[{"damage_healed":0,"gold_gain":0,"player_choice":"Grow","damage_taken":0,"max_hp_gain":0,"max_hp_loss":0,"event_name":"Living Wall","floor":7,"gold_loss":0,"cards_upgraded":["Disarm"]},{"damage_healed":0,"gold_gain":0,"player_choice":"Searched \u00271\u0027 times","damage_taken":0,"max_hp_gain":0,"max_hp_loss":0,"event_name":"Dead Adventurer","floor":10,"gold_loss":0},{"damage_healed":0,"gold_gain":75,"player_choice":"Gather Gold","damage_taken":11,"max_hp_gain":0,"max_hp_loss":0,"event_name":"World of Goop","floor":14,"gold_loss":0}],"is_beta":false,"boss_relics":[],"items_purged_floors":[2,12],"is_endless":false,"potions_floor_spawned":[1,3,5,8],"killed_by":"Slime Boss","ascension_level":19}