{"gold_per_floor":[117,117,129,8,8,8,21,21,21,21,21,46,58,58,58,162,162,182,182,182,82,99,99,99,112,135,135,234,251,267,282,282,383,383,400,400,275,285,141,141,167,167,167,180,200,214,227,28,28,28],"floor_reached":50,"playtime":1630,"items_purged":["Pain","Strike_R","Writhe","Strike_R"],"score":522,"play_id":"050ff649-764b-412b-9840-026c388c854d","local_time":"20190901231652","is_ascension_mode":false,"campfire_choices":[{"data":"Bash","floor":6.0,"key":"SMITH"},{"data":"Headbutt","floor":8.0,"key":"SMITH"},{"data":"Pommel Strike","floor":11.0,"key":"SMITH"},{"data":"Twin Strike","floor":15.0,"key":"SMITH"},{"floor":23.0,"key":"REST"},{"floor":32,"key":"REST"},{"floor":40,"key":"REST"},{"floor":42,"key":"REST"},{"floor":49,"key":"REST"}],"neow_cost":"NONE","seed_source_timestamp":4788247780744,"circlet_count":0,"master_deck":["Strike_R","Strike_R","Strike_R","Defend_R","Defend_R","Defend_R","Defend_R","Bash+1","Headbutt+1","Shrug It Off","Pommel Strike+1","Heavy Blade","Twin Strike","Twin Strike+1","Feed+1","Twin Strike","Metallicize+1","Flame Barrier","Disarm","Feed","Whirlwind","Havoc+1","Infernal Blade+1","Armaments+1","Armaments+1","Infernal Blade+1"],"special_seed":0,"relics":["Burning Blood","NeowsBlessing","WarpedTongs","Pear","Sundial","Fusion Hammer","Vajra","Shuriken","Eternal Feather","Bag of Preparation","Ancient Tea Set","Meat on the Bone"],"potions_floor_usage":[31,31,33,38,50,50],"damage_taken":[{"damage":0.0,"enemies":"Cultist","floor":1.0,"turns":1.0},{"damage":2.0,"enemies":"Small Slimes","floor":3.0,"turns":1.0},{"damage":0.0,"enemies":"2 Louse","floor":7.0,"turns":1.0},{"damage":14.0,"enemies":"Gremlin Nob","floor":12.0,"turns":3.0},{"damage":5.0,"enemies":"Exordium Thugs","floor":13.0,"turns":7.0},{"damage":54.0,"enemies":"Hexaghost","floor":16.0,"turns":11.0},{"damage":7.0,"enemies":"Chosen","floor":18.0,"turns":4.0},{"damage":5.0,"enemies":"3 Byrds","floor":22.0,"turns":5.0},{"damage":33.0,"enemies":"Shelled Parasite and Fungi","floor":25.0,"turns":6.0},{"damage":42.0,"enemies":"Snake Plant","floor":29.0,"turns":6.0},{"damage":15.0,"enemies":"Snecko","floor":30.0,"turns":5.0},{"damage":5,"enemies":"3 Cultists","floor":31,"turns":5},{"damage":70,"enemies":"Collector","floor":33,"turns":9},{"damage":2,"enemies":"Orb Walker","floor":35,"turns":4},{"damage":19,"enemies":"3 Darklings","floor":38,"turns":14},{"damage":58,"enemies":"Reptomancer","floor":41,"turns":9},{"damage":23,"enemies":"Jaw Worm Horde","floor":44,"turns":4},{"damage":17,"enemies":"4 Shapes","floor":45,"turns":6},{"damage":25,"enemies":"Spire Growth","floor":46,"turns":6},{"damage":30,"enemies":"3 Darklings","floor":47,"turns":8},{"damage":155,"enemies":"Donu and Deca","floor":50,"turns":9}],"seed_played":"8540926257180447908","potions_obtained":[{"floor":3.0,"key":"SteroidPotion"},{"floor":13.0,"key":"Poison Potion"},{"floor":16.0,"key":"SteroidPotion"},{"floor":29.0,"key":"Regen Potion"},{"floor":30.0,"key":"SteroidPotion"},{"floor":35,"key":"Weak Potion"},{"floor":41,"key":"Dexterity Potion"},{"floor":47,"key":"Energy Potion"}],"is_trial":false,"path_per_floor":["M","?","M","$","?","R","M","R","T","$","R","E","M","$","R","B",null,"M","?","$","$","M","R","$","M","T","?","?","M","M","M","R","B",null,"M","?","$","M","$","R","E","R","T","M","M","M","M","$","R","B"],"character_chosen":"IRONCLAD","items_purchased":["Pommel Strike","Bag of Preparation","PowerPotion"],"campfire_rested":5,"item_purchase_floors":[4,39,48],"current_hp_per_floor":[80,80,80,80,85,85,85,85,95,95,95,87,88,88,88,40,95,97,97,97,97,102,102,102,79,79,79,79,47,42,61,96,36,122,126,120,120,111,111,124,72,121,121,111,107,91,79,79,136,0],"gold":28,"neow_bonus":"THREE_ENEMY_KILL","is_prod":false,"is_daily":false,"chose_seed":false,"campfire_upgraded":4,"win_rate":0,"timestamp":1567401412,"path_taken":["M","?","?","$","?","R","M","R","T","$","R","E","M","$","R","BOSS","M","?","?","$","M","R","$","M","T","?","?","M","M","M","R","BOSS","M","?","$","M","$","R","E","R","T","M","M","M","M","$","R","BOSS"],"build_version":"2019-07-17","purchased_purges":4,"victory":false,"max_hp_per_floor":[80,80,80,80,85,85,85,85,95,95,95,95,95,95,95,95,95,98,98,98,98,102,102,102,106,106,106,106,110,114,118,118,122,122,126,120,120,124,124,124,124,124,124,131,138,141,141,141,141,141],"card_choices":[{"not_picked":["Perfected Strike","True Grit"],"picked":"Headbutt","floor":1.0},{"not_picked":["Hemokinesis","Body Slam"],"picked":"Shrug It Off","floor":3.0},{"not_picked":["Body Slam","Bloodletting"],"picked":"Heavy Blade","floor":7.0},{"not_picked":["Reaper","Searing Blow"],"picked":"Twin Strike","floor":12.0},{"not_picked":["Iron Wave","Warcry"],"picked":"Twin Strike","floor":13.0},{"not_picked":["Exhume","Juggernaut"],"picked":"Feed","floor":16.0},{"not_picked":["Sword Boomerang","Body Slam"],"picked":"Twin Strike","floor":18.0},{"not_picked":["Fire Breathing","Pommel Strike","Clothesline"],"picked":"SKIP","floor":22.0},{"not_picked":["Sword Boomerang","Havoc"],"picked":"Metallicize+1","floor":25.0},{"not_picked":["Power Through","Twin Strike"],"picked":"Flame Barrier","floor":29.0},{"not_picked":["Sword Boomerang","True Grit","Burning Pact"],"picked":"SKIP","floor":30.0},{"not_picked":["True Grit","Hemokinesis"],"picked":"Disarm","floor":31},{"not_picked":["Impervious","Dark Embrace"],"picked":"Feed","floor":33},{"not_picked":["Pommel Strike","Anger+1"],"picked":"Whirlwind","floor":35},{"not_picked":["Pommel Strike","Thunderclap"],"picked":"Havoc+1","floor":38},{"not_picked":["Headbutt+1","Flame Barrier"],"picked":"Infernal Blade+1","floor":41},{"not_picked":["Anger+1","Cleave+1"],"picked":"Armaments+1","floor":44},{"not_picked":["Armaments","Hemokinesis","Twin Strike"],"picked":"SKIP","floor":45},{"not_picked":["Headbutt+1","Iron Wave+1"],"picked":"Armaments+1","floor":46},{"not_picked":["Entrench","Blood for Blood"],"picked":"Infernal Blade+1","floor":47}],"player_experience":1702998,"relics_obtained":[{"floor":9.0,"key":"Pear"},{"floor":12.0,"key":"Sundial"},{"floor":26.0,"key":"Vajra"},{"floor":41,"key":"Ancient Tea Set"},{"floor":43,"key":"Meat on the Bone"}],"event_choices":[{"damage_healed":0.0,"max_hp_gain":0.0,"max_hp_loss":0.0,"gold_gain":0.0,"event_name":"Accursed Blacksmith","player_choice":"Rummage","floor":2.0,"gold_loss":0.0,"damage_taken":0.0,"relics_obtained":["WarpedTongs"],"cards_obtained":["Pain"]},{"damage_healed":0.0,"max_hp_gain":5.0,"max_hp_loss":0.0,"gold_gain":0.0,"event_name":"Big Fish","player_choice":"Donut","floor":5.0,"gold_loss":0.0,"damage_taken":0.0},{"damage_healed":0.0,"max_hp_gain":0.0,"max_hp_loss":0.0,"gold_gain":0.0,"event_name":"Upgrade Shrine","player_choice":"Upgraded","floor":19.0,"gold_loss":0.0,"damage_taken":0.0,"cards_upgraded":["Feed"]},{"damage_healed":0.0,"max_hp_gain":0.0,"max_hp_loss":0.0,"gold_gain":0.0,"event_name":"The Mausoleum","player_choice":"Opened","floor":27.0,"gold_loss":0.0,"damage_taken":0.0,"relics_obtained":["Shuriken"],"cards_obtained":["Writhe"]},{"damage_healed":0.0,"max_hp_gain":0.0,"max_hp_loss":0.0,"gold_gain":99.0,"event_name":"Nest","player_choice":"Stole From Cult","floor":28.0,"gold_loss":0.0,"damage_taken":0.0},{"damage_healed":0,"gold_gain":0,"player_choice":"Max HP","damage_taken":0,"max_hp_gain":0,"max_hp_loss":6,"event_name":"Winding Halls","floor":36,"gold_loss":0}],"is_beta":false,"boss_relics":[{"not_picked":["Lizard Tail","Calling Bell"],"picked":"Fusion Hammer"},{"not_picked":["White Beast Statue","Runic Pyramid"],"picked":"Eternal Feather"}],"items_purged_floors":[4,21,37,48],"is_endless":false,"potions_floor_spawned":[3,13,16,29,30,35,41,47],"killed_by":"Donu and Deca","ascension_level":0}