{"gold_per_floor":[366,366,135,147,47,47,47,61,84,99,114,157,184,236,248,383,395,402,433,425,11,32,32,32,32,58,58,79,104,104,104,104,104],"floor_reached":33,"playtime":1770,"items_purged":["Strike_R","Defend_R","Strike_R"],"score":405,"play_id":"d636507f-2026-44df-93c9-e5df84279782","local_time":"20190902181606","is_ascension_mode":true,"campfire_choices":[{"data":"Shrug It Off","floor":7.0,"key":"SMITH"},{"floor":15.0,"key":"REST"},{"floor":23,"key":"REST"},{"data":"Barricade","floor":27,"key":"SMITH"},{"data":"Metallicize","floor":30,"key":"SMITH"},{"data":"Bash","floor":32,"key":"SMITH"}],"neow_cost":"TEN_PERCENT_HP_LOSS","seed_source_timestamp":8551165576834,"circlet_count":0,"master_deck":["Strike_R","Strike_R","Strike_R+1","Defend_R","Defend_R","Defend_R+1","Bash+1","Shrug It Off+1","Pommel Strike","Spot Weakness","Barricade+1","Battle Trance+1","Metallicize+1","Shrug It Off+1"],"special_seed":0,"relics":["Burning Blood","Oddly Smooth Stone","Golden Idol","Boot","MawBank","Lantern","Runic Cube","Prayer Wheel","Pen Nib"],"potions_floor_usage":[24,29,31,33],"damage_taken":[{"damage":1.0,"enemies":"2 Louse","floor":1.0,"turns":3.0},{"damage":0.0,"enemies":"Small Slimes","floor":4.0,"turns":4.0},{"damage":0.0,"enemies":"Jaw Worm","floor":8.0,"turns":3.0},{"damage":6.0,"enemies":"Red Slaver","floor":10.0,"turns":4.0},{"damage":1.0,"enemies":"3 Louse","floor":11.0,"turns":4.0},{"damage":40.0,"enemies":"Lagavulin","floor":12.0,"turns":6.0},{"damage":0.0,"enemies":"2 Fungi Beasts","floor":13.0,"turns":3.0},{"damage":24.0,"enemies":"3 Sentries","floor":14.0,"turns":7.0},{"damage":31,"enemies":"The Guardian","floor":16,"turns":12},{"damage":17,"enemies":"2 Thieves","floor":18,"turns":4},{"damage":14,"enemies":"Shell Parasite","floor":19,"turns":6},{"damage":18,"enemies":"Snake Plant","floor":22,"turns":6},{"damage":6,"enemies":"3 Cultists","floor":24,"turns":4},{"damage":5,"enemies":"Centurion and Healer","floor":28,"turns":10},{"damage":23,"enemies":"Shelled Parasite and Fungi","floor":29,"turns":10},{"damage":5,"enemies":"Book of Stabbing","floor":31,"turns":5},{"damage":47,"enemies":"Automaton","floor":33,"turns":10}],"seed_played":"-4434629789518349557","potions_obtained":[{"floor":1.0,"key":"Ancient Potion"},{"floor":4.0,"key":"SmokeBomb"},{"floor":16,"key":"SmokeBomb"},{"floor":20,"key":"Regen Potion"},{"floor":28,"key":"Ancient Potion"},{"floor":29,"key":"SteroidPotion"}],"is_trial":false,"path_per_floor":["M","?","$","M","$","?","R","M","T","M","M","E","M","E","R","B",null,"M","M","?","$","M","R","M","$","T","R","M","M","R","E","R","B"],"character_chosen":"IRONCLAD","items_purchased":["Oddly Smooth Stone","Prayer Wheel"],"campfire_rested":2,"item_purchase_floors":[3,21],"current_hp_per_floor":[72,58,58,64,64,46,46,52,52,52,57,23,29,11,32,7,56,45,37,37,37,25,46,46,46,46,46,47,45,45,46,46,0],"gold":104,"neow_bonus":"TWO_FIFTY_GOLD","is_prod":false,"is_daily":false,"chose_seed":false,"campfire_upgraded":4,"win_rate":0,"timestamp":1567440966,"path_taken":["M","?","$","M","$","?","R","M","T","M","M","E","M","E","R","BOSS","M","M","?","$","M","R","?","?","T","R","M","M","R","E","R","BOSS"],"build_version":"2019-07-17","purchased_purges":3,"victory":false,"max_hp_per_floor":[72,72,72,72,72,72,72,72,72,72,72,72,72,72,72,72,72,72,72,72,72,72,72,72,72,72,72,72,72,72,72,72,72],"card_choices":[{"not_picked":["Pummel","Uppercut","Armaments"],"picked":"SKIP","floor":1.0},{"not_picked":["Armaments","Iron Wave"],"picked":"Shrug It Off","floor":4.0},{"not_picked":["Carnage","Evolve"],"picked":"Pommel Strike","floor":8.0},{"not_picked":["Warcry","Intimidate"],"picked":"Spot Weakness","floor":10.0},{"not_picked":["Spot Weakness","Anger","Rampage"],"picked":"SKIP","floor":11.0},{"not_picked":["Second Wind","Fiend Fire","Exhume"],"picked":"SKIP","floor":12.0},{"not_picked":["Hemokinesis","Clothesline","Havoc"],"picked":"SKIP","floor":13.0},{"not_picked":["Pommel Strike","Thunderclap"],"picked":"Barricade","floor":14.0},{"not_picked":["Shockwave","True Grit"],"picked":"Battle Trance+1","floor":18},{"not_picked":["Clothesline+1","Sever Soul"],"picked":"Metallicize","floor":19},{"not_picked":["Twin Strike","Armaments+1"],"picked":"Shrug It Off+1","floor":22},{"not_picked":["Clash","Perfected Strike","Flex"],"picked":"SKIP","floor":22},{"not_picked":["Cleave+1","Iron Wave","Flame Barrier"],"picked":"SKIP","floor":28},{"not_picked":["Seeing Red","Perfected Strike","Shockwave"],"picked":"SKIP","floor":28},{"not_picked":["Rupture","True Grit","Power Through+1"],"picked":"SKIP","floor":29},{"not_picked":["Reckless Charge+1","Disarm","Headbutt+1"],"picked":"SKIP","floor":29}],"player_experience":176463,"relics_obtained":[{"floor":9.0,"key":"Boot"},{"floor":12.0,"key":"MawBank"},{"floor":14.0,"key":"Lantern"},{"floor":26,"key":"Pen Nib"}],"event_choices":[{"damage_healed":0.0,"max_hp_gain":0.0,"max_hp_loss":0.0,"gold_gain":0.0,"event_name":"Shining Light","player_choice":"Entered Light","floor":2.0,"gold_loss":0.0,"damage_taken":14.0,"cards_upgraded":["Defend_R","Strike_R"]},{"damage_healed":0.0,"max_hp_gain":0.0,"max_hp_loss":0.0,"gold_gain":0.0,"event_name":"Golden Idol","player_choice":"Take Damage","floor":6.0,"gold_loss":0.0,"damage_taken":18.0,"relics_obtained":["Golden Idol"]},{"damage_healed":0,"gold_gain":0,"player_choice":"Bought 1 Potion","damage_taken":0,"max_hp_gain":0,"max_hp_loss":0,"event_name":"The Woman in Blue","floor":20,"gold_loss":0}],"is_beta":false,"boss_relics":[{"not_picked":["White Beast Statue","Eternal Feather"],"picked":"Runic Cube"}],"items_purged_floors":[3,5,21],"is_endless":false,"potions_floor_spawned":[1,4,16,22,28,29],"killed_by":"Automaton","ascension_level":9}