{"gold_per_floor":[112,37,57,57,70,101,101,139,214,214,57,100,119,119],"floor_reached":14,"playtime":232,"items_purged":[],"score":216,"play_id":"84d72f69-ad4d-4fd3-a415-ab48c5659bed","local_time":"20190623101752","is_ascension_mode":true,"campfire_choices":[{"data":"White Noise","floor":7,"key":"SMITH"},{"floor":10,"key":"REST"}],"neow_cost":"NONE","seed_source_timestamp":128265423644936,"circlet_count":0,"master_deck":["AscendersBane","Strike_B","Strike_B","Strike_B","Defend_B","Defend_B","Defend_B","Defend_B","Zap","Dualcast","Ball Lightning","Compile Driver","Hologram","White Noise+1","Sweeping Beam","Echo Form"],"relics":["Cracked Core","NeowsBlessing","Golden Idol","WingedGreaves","PreservedInsect","Blue Candle","DataDisk","Juzu Bracelet"],"potions_floor_usage":[6,8,8,8,14],"damage_taken":[{"damage":0,"enemies":"Cultist","floor":1,"turns":1},{"damage":0,"enemies":"2 Louse","floor":3,"turns":1},{"damage":0,"enemies":"Jaw Worm","floor":5,"turns":1},{"damage":8,"enemies":"Gremlin Nob","floor":6,"turns":3},{"damage":12,"enemies":"3 Sentries","floor":8,"turns":6},{"damage":11,"enemies":"Gremlin Nob","floor":12,"turns":3},{"damage":12,"enemies":"Lots of Slimes","floor":13,"turns":2},{"damage":27,"enemies":"3 Sentries","floor":14,"turns":2}],"seed_played":"-9069500941914050652","potions_obtained":[{"floor":3,"key":"EntropicBrew"},{"floor":5,"key":"Explosive Potion"},{"floor":6,"key":"Energy Potion"},{"floor":8,"key":"SkillPotion"}],"is_trial":false,"path_per_floor":["M","?","M","?","M","E","R","E","T","R","$","E","M","E"],"character_chosen":"DEFECT","items_purchased":["DataDisk"],"campfire_rested":1,"item_purchase_floors":[11],"current_hp_per_floor":[64,64,64,40,40,32,32,20,20,41,41,30,18,0],"gold":119,"neow_bonus":"THREE_ENEMY_KILL","is_prod":false,"is_daily":false,"chose_seed":false,"campfire_upgraded":1,"win_rate":0,"timestamp":1561299472,"path_taken":["M","?","M","?","?","E","R","E","T","R","?","E","M","E"],"build_version":"2019-01-23","purchased_purges":0,"victory":false,"max_hp_per_floor":[71,71,71,71,71,71,71,71,71,71,71,71,71,71],"card_choices":[{"not_picked":["Hologram","Recycle"],"picked":"Ball Lightning","floor":1},{"not_picked":["Lockon","Rebound"],"picked":"Compile Driver","floor":3},{"not_picked":["Compile Driver","Recycle"],"picked":"Hologram","floor":5},{"not_picked":["Leap","Compile Driver"],"picked":"White Noise","floor":6},{"not_picked":["Rebound","Barrage"],"picked":"Sweeping Beam","floor":8},{"not_picked":["Fusion","Double Energy","Redo"],"picked":"SKIP","floor":12},{"not_picked":["Go for the Eyes","Stack"],"picked":"Echo Form","floor":13}],"player_experience":455455,"relics_obtained":[{"floor":6,"key":"WingedGreaves"},{"floor":8,"key":"PreservedInsect"},{"floor":9,"key":"Blue Candle"},{"floor":12,"key":"Juzu Bracelet"}],"event_choices":[{"cards_removed":["Strike_B"],"damage_healed":0,"gold_gain":0,"player_choice":"Card Removal","damage_taken":0,"max_hp_gain":0,"max_hp_loss":0,"event_name":"The Cleric","floor":2,"gold_loss":75},{"damage_healed":0,"gold_gain":0,"player_choice":"Take Damage","damage_taken":24,"relics_obtained":["Golden Idol"],"max_hp_gain":0,"max_hp_loss":0,"event_name":"Golden Idol","floor":4,"gold_loss":0}],"is_beta":false,"boss_relics":[],"items_purged_floors":[],"is_endless":false,"potions_floor_spawned":[3,5,6,8],"killed_by":"3 Sentries","ascension_level":20}