{"gold_per_floor":[112,112,131,131,131,157,172,172,172,199,209,209,229,71,71,144,144,144,144,144,144,144,144,144,144,144,144,44,3,3],"floor_reached":30,"playtime":873,"items_purged":["Regret","Writhe"],"score":559,"play_id":"a9ee5f72-7bdb-4c7f-96c4-826cc4911ef5","local_time":"20190508224941","is_ascension_mode":true,"campfire_choices":[{"data":"Genetic Algorithm","floor":8,"key":"SMITH"},{"data":"Capacitor","floor":12,"key":"SMITH"},{"data":"Self Repair","floor":15,"key":"SMITH"},{"data":"Chill","floor":25,"key":"SMITH"}],"neow_cost":"NONE","seed_source_timestamp":2436716647259039,"circlet_count":0,"master_deck":["AscendersBane","Defend_B+1","Defend_B+1","Defend_B","Defend_B+1","Zap+1","Dualcast","Capacitor+1","Conserve Battery","Genetic Algorithm+1","Chill+1","Undo","Ball Lightning","Self Repair+1","Electrodynamics","Bite","Bite","Bite","Bite","Bite","Sunder","Ghostly","Ghostly","Ghostly","Glacier"],"relics":["Cracked Core","NeowsBlessing","Ornamental Fan","Bronze Scales","Meat on the Bone","War Paint","Ectoplasm","Girya","WingedGreaves","DataDisk"],"potions_floor_usage":[10,16,23,23],"damage_taken":[{"damage":0,"enemies":"2 Louse","floor":1,"turns":1},{"damage":0,"enemies":"Small Slimes","floor":3,"turns":1},{"damage":0,"enemies":"Gremlin Nob","floor":6,"turns":1},{"damage":13,"enemies":"Jaw Worm","floor":7,"turns":3},{"damage":11,"enemies":"Lagavulin","floor":10,"turns":8},{"damage":10,"enemies":"Looter","floor":11,"turns":3},{"damage":2,"enemies":"3 Louse","floor":13,"turns":4},{"damage":18,"enemies":"Hexaghost","floor":16,"turns":9},{"damage":0,"enemies":"3 Byrds","floor":18,"turns":3},{"damage":22,"enemies":"Shell Parasite","floor":21,"turns":5},{"damage":16,"enemies":"Snecko","floor":22,"turns":5},{"damage":44,"enemies":"Slavers","floor":23,"turns":4},{"damage":42,"enemies":"Gremlin Leader","floor":30,"turns":6}],"seed_played":"7436473455695406719","potions_obtained":[{"floor":3,"key":"PowerPotion"},{"floor":7,"key":"Strength Potion"},{"floor":10,"key":"SteroidPotion"},{"floor":16,"key":"FearPotion"},{"floor":21,"key":"SpeedPotion"},{"floor":22,"key":"Strength Potion"}],"is_trial":false,"path_per_floor":["M","?","M","?","?","E","M","R","T","E","M","R","M","$","R","B",null,"M","?","$","M","M","E","?","R","T","?","$","$","E"],"character_chosen":"DEFECT","items_purchased":["Self Repair","Glacier"],"campfire_rested":0,"item_purchase_floors":[14,29],"current_hp_per_floor":[64,64,64,64,43,43,30,30,30,31,33,33,43,43,43,47,65,65,49,49,41,47,21,21,21,21,21,21,21,0],"gold":3,"neow_bonus":"THREE_ENEMY_KILL","is_prod":false,"is_daily":false,"chose_seed":false,"campfire_upgraded":4,"win_rate":0,"timestamp":1557370181,"path_taken":["M","?","M","?","?","E","M","R","T","E","M","R","?","$","R","BOSS","M","?","$","M","M","E","?","R","T","?","?","$","E"],"build_version":"2019-01-23","purchased_purges":2,"victory":false,"max_hp_per_floor":[71,71,71,71,71,71,71,71,71,71,71,71,71,71,71,71,71,71,49,49,49,49,49,24,24,24,24,24,24,24],"card_choices":[{"not_picked":["Hologram","Steam Power"],"picked":"Capacitor","floor":1},{"not_picked":["Steam Power","Beam Cell"],"picked":"Conserve Battery","floor":3},{"not_picked":["Blizzard","Compile Driver","Force Field"],"picked":"SKIP","floor":6},{"not_picked":["Chaos","Rebound"],"picked":"Genetic Algorithm","floor":7},{"not_picked":["Reinforced Body","Gash"],"picked":"Chill","floor":10},{"not_picked":["Streamline","Genetic Algorithm"],"picked":"Undo","floor":11},{"not_picked":["Hologram","Tempest"],"picked":"Ball Lightning","floor":13},{"not_picked":["Rainbow","Seek"],"picked":"Electrodynamics","floor":16},{"not_picked":["Leap","Gash","Undo"],"picked":"SKIP","floor":18},{"not_picked":["Cold Snap","Static Discharge"],"picked":"Sunder","floor":21},{"not_picked":["Streamline","Redo","Aggregate"],"picked":"SKIP","floor":22},{"not_picked":["Sweeping Beam","Blizzard+1","Gash"],"picked":"SKIP","floor":23}],"player_experience":346162,"relics_obtained":[{"floor":6,"key":"Bronze Scales"},{"floor":9,"key":"Meat on the Bone"},{"floor":10,"key":"War Paint"},{"floor":23,"key":"Girya"},{"floor":26,"key":"WingedGreaves"}],"event_choices":[{"damage_healed":0,"gold_gain":0,"player_choice":"Box","damage_taken":0,"relics_obtained":["Ornamental Fan"],"max_hp_gain":0,"max_hp_loss":0,"event_name":"Big Fish","floor":2,"gold_loss":0,"cards_obtained":["Regret"]},{"damage_healed":0,"gold_gain":0,"player_choice":"Grow","damage_taken":0,"max_hp_gain":0,"max_hp_loss":0,"event_name":"Living Wall","floor":4,"gold_loss":0,"cards_upgraded":["Zap"]},{"damage_healed":0,"gold_gain":0,"player_choice":"Entered Light","damage_taken":21,"max_hp_gain":0,"max_hp_loss":0,"event_name":"Shining Light","floor":5,"gold_loss":0,"cards_upgraded":["Defend_B","Strike_B"]},{"damage_healed":0,"gold_gain":0,"player_choice":"Became a vampire","damage_taken":0,"max_hp_gain":0,"max_hp_loss":22,"event_name":"Vampires","floor":19,"gold_loss":0,"cards_obtained":["Bite","Bite","Bite","Bite","Bite"]},{"damage_healed":0,"gold_gain":0,"player_choice":"Became a Ghost","damage_taken":0,"max_hp_gain":0,"max_hp_loss":25,"event_name":"Ghosts","floor":24,"gold_loss":0,"cards_obtained":["Ghostly","Ghostly","Ghostly"]},{"damage_healed":0,"gold_gain":0,"player_choice":"Opened","damage_taken":0,"relics_obtained":["DataDisk"],"max_hp_gain":0,"max_hp_loss":0,"event_name":"The Mausoleum","floor":27,"gold_loss":0,"cards_obtained":["Writhe"]}],"is_beta":false,"boss_relics":[{"not_picked":["Nuclear Battery","Pandora\u0027s Box"],"picked":"Ectoplasm"}],"items_purged_floors":[14,28],"is_endless":false,"potions_floor_spawned":[3,7,10,16,21,22],"killed_by":"Gremlin Leader","ascension_level":18}