{"gold_per_floor":[118,118,33,33,53,53,66,84,129,79,79,104,117,132,132,203,203,218,236,256,276,30,30,50,83,83,116,135,57,57,76,76,149,149,168,184,3,18,34,34,34],"floor_reached":41,"playtime":1499,"items_purged":[],"score":746,"play_id":"f7854f71-8fe2-466e-9beb-b5ab1ec9389b","local_time":"20190405135823","is_ascension_mode":true,"campfire_choices":[{"data":"Cloak And Dagger","floor":6,"key":"SMITH"},{"data":"Footwork","floor":15,"key":"SMITH"},{"floor":23,"key":"REST"},{"floor":30,"key":"REST"},{"data":"Footwork","floor":32,"key":"SMITH"},{"floor":40,"key":"REST"}],"neow_cost":"NONE","seed_source_timestamp":1972270690927481,"circlet_count":0,"master_deck":["AscendersBane","Defend_G","Defend_G","Defend_G","Defend_G","Defend_G","Strike_G","Strike_G","Strike_G","Strike_G","Survivor","Neutralize","Noxious Fumes+1","Bane","Cloak And Dagger+1","Caltrops","Footwork+1","Dodge and Roll","Crippling Poison","PiercingWail","Die Die Die","Backflip","Burst","Choke","Riddle With Holes+1","Footwork+1","Night Terror","Eviscerate","Acrobatics","Parasite","Infinite Blades+1"],"relics":["Ring of the Snake","Anchor","Bronze Scales","Blood Vial","Pantograph","Dodecahedron","Snecko Eye","Bottled Tornado","Singing Bowl","Juzu Bracelet","Mummified Hand","WristBlade"],"potions_floor_usage":[12,27,33,33,39,39],"damage_taken":[{"damage":0,"enemies":"Jaw Worm","floor":1,"turns":5},{"damage":10,"enemies":"Small Slimes","floor":5,"turns":3},{"damage":0,"enemies":"2 Louse","floor":7,"turns":2},{"damage":0,"enemies":"Looter","floor":8,"turns":4},{"damage":22,"enemies":"Gremlin Nob","floor":12,"turns":4},{"damage":0,"enemies":"Exordium Wildlife","floor":13,"turns":4},{"damage":5,"enemies":"Lots of Slimes","floor":14,"turns":4},{"damage":13,"enemies":"Hexaghost","floor":16,"turns":11},{"damage":18,"enemies":"2 Thieves","floor":18,"turns":4},{"damage":2,"enemies":"Shell Parasite","floor":19,"turns":6},{"damage":6,"enemies":"Snake Plant","floor":20,"turns":5},{"damage":5,"enemies":"Chosen and Byrds","floor":21,"turns":6},{"damage":10,"enemies":"Centurion and Healer","floor":24,"turns":8},{"damage":9,"enemies":"Book of Stabbing","floor":25,"turns":6},{"damage":20,"enemies":"Slavers","floor":27,"turns":5},{"damage":2,"enemies":"Shelled Parasite and Fungi","floor":28,"turns":5},{"damage":0,"enemies":"Snake Plant","floor":31,"turns":4},{"damage":33,"enemies":"Automaton","floor":33,"turns":11},{"damage":0,"enemies":"Orb Walker","floor":35,"turns":3},{"damage":24,"enemies":"3 Shapes","floor":36,"turns":5},{"damage":7,"enemies":"Jaw Worm Horde","floor":38,"turns":3},{"damage":38,"enemies":"Writhing Mass","floor":39,"turns":9},{"damage":35,"enemies":"Nemesis","floor":41,"turns":6}],"seed_played":"7837010796385240602","potions_obtained":[{"floor":1,"key":"SpeedPotion"},{"floor":8,"key":"EssenceOfSteel"},{"floor":12,"key":"Block Potion"},{"floor":13,"key":"EssenceOfSteel"},{"floor":20,"key":"Ancient Potion"},{"floor":27,"key":"Explosive Potion"},{"floor":33,"key":"Weak Potion"}],"is_trial":false,"path_per_floor":["M","?","$","?","M","R","M","M","T","?","T","E","M","M","R","B",null,"M","M","M","M","$","R","M","E","T","E","M","$","R","M","R","B",null,"M","M","$","M","M","R","E"],"character_chosen":"THE_SILENT","items_purchased":["Noxious Fumes","Bane","Bottled Tornado","Footwork","Eviscerate","PowerPotion","Acrobatics"],"campfire_rested":3,"item_purchase_floors":[3,3,22,29,37,37,37],"current_hp_per_floor":[59,56,56,56,46,46,46,46,46,46,46,26,28,25,25,39,59,43,43,39,36,36,55,47,42,42,24,24,24,44,48,48,37,62,66,46,46,43,7,29,0],"gold":34,"neow_bonus":"RANDOM_COMMON_RELIC","is_prod":false,"is_daily":false,"chose_seed":false,"campfire_upgraded":3,"win_rate":0,"timestamp":1554487103,"path_taken":["M","?","$","?","M","R","M","M","T","?","?","E","M","?","R","BOSS","M","?","?","M","$","R","M","E","T","E","M","?","R","M","R","BOSS","M","M","$","M","M","R","E"],"build_version":"2019-01-23","purchased_purges":0,"victory":false,"max_hp_per_floor":[66,66,66,66,66,66,66,66,66,66,66,66,66,66,66,66,66,66,66,66,66,66,66,66,68,68,68,68,68,68,70,70,70,70,72,74,74,76,76,76,76],"card_choices":[{"not_picked":["Riddle With Holes","Distraction","Acrobatics"],"picked":"SKIP","floor":1},{"not_picked":["Deadly Poison","Accuracy"],"picked":"Cloak And Dagger","floor":5},{"not_picked":["Finisher","Bane"],"picked":"Caltrops","floor":7},{"not_picked":["Dagger Throw","Slice"],"picked":"Footwork","floor":8},{"not_picked":["Doppelganger","Sucker Punch"],"picked":"Dodge and Roll","floor":12},{"not_picked":["PiercingWail","Tactician"],"picked":"Crippling Poison","floor":13},{"not_picked":["Doppelganger","Outmaneuver"],"picked":"PiercingWail","floor":14},{"not_picked":["Storm of Steel","Night Terror"],"picked":"Die Die Die","floor":16},{"not_picked":["Bane","Sucker Punch"],"picked":"Backflip","floor":18},{"not_picked":["Sucker Punch","Flechettes","Flying Knee"],"picked":"SKIP","floor":19},{"not_picked":["Deflect","Terror","Bane"],"picked":"SKIP","floor":20},{"not_picked":["Quick Slash","PiercingWail","Reflex"],"picked":"SKIP","floor":21},{"not_picked":["Acrobatics","Poisoned Stab"],"picked":"Burst","floor":24},{"not_picked":["Escape Plan","Infinite Blades+1","Die Die Die"],"picked":"Singing Bowl","floor":25},{"not_picked":["Underhanded Strike","Reflex"],"picked":"Choke","floor":27},{"not_picked":["Flying Knee","Outmaneuver"],"picked":"Riddle With Holes+1","floor":28},{"not_picked":["Dagger Spray","Quick Slash","Poisoned Stab"],"picked":"Singing Bowl","floor":31},{"not_picked":["Glass Knife","Burst"],"picked":"Night Terror","floor":33},{"not_picked":["Underhanded Strike","Deadly Poison","Deflect"],"picked":"Singing Bowl","floor":35},{"not_picked":["Quick Slash+1","Terror","Accuracy+1"],"picked":"Singing Bowl","floor":36},{"not_picked":["PiercingWail","Blade Dance","Endless Agony+1"],"picked":"Singing Bowl","floor":38},{"not_picked":["Masterful Stab","Prepared"],"picked":"Infinite Blades+1","floor":39}],"player_experience":238648,"relics_obtained":[{"floor":9,"key":"Blood Vial"},{"floor":11,"key":"Pantograph"},{"floor":12,"key":"Dodecahedron"},{"floor":25,"key":"Singing Bowl"},{"floor":26,"key":"Juzu Bracelet"},{"floor":27,"key":"Mummified Hand"}],"event_choices":[{"damage_healed":0,"gold_gain":0,"player_choice":"Success","damage_taken":3,"relics_obtained":["Bronze Scales"],"max_hp_gain":0,"max_hp_loss":0,"event_name":"Scrap Ooze","floor":2,"gold_loss":0},{"damage_healed":0,"gold_gain":0,"player_choice":"Grow","damage_taken":0,"max_hp_gain":0,"max_hp_loss":0,"event_name":"Living Wall","floor":4,"gold_loss":0,"cards_upgraded":["Noxious Fumes"]},{"cards_removed":["Strike_G"],"damage_healed":0,"gold_gain":0,"player_choice":"Card Removal","damage_taken":0,"max_hp_gain":0,"max_hp_loss":0,"event_name":"The Cleric","floor":10,"gold_loss":50}],"is_beta":false,"boss_relics":[{"not_picked":["Lizard Tail","Velvet Choker"],"picked":"Snecko Eye"},{"not_picked":["Black Star","Tiny House"],"picked":"WristBlade"}],"items_purged_floors":[],"is_endless":false,"potions_floor_spawned":[1,8,12,13,20,21,25,27,33,38],"killed_by":"Nemesis","ascension_level":14}