{"gold_per_floor":[115,115,115,40,57,86,99,99,99,99,99,109,119,135,135,235,235,249,262,112,112,112,142,142,17,74,74,28,45,45,45,45,145,145,156,156,156,6,6,21,40,40],"floor_reached":42,"playtime":2595,"items_purged":["Strike_R","Defend_R","Defend_R","Defend_R"],"score":508,"play_id":"d5214a1d-b235-406d-aa95-8bd8acecbb6b","local_time":"20190813224552","is_ascension_mode":true,"campfire_choices":[{"data":"Rampage","floor":8,"key":"SMITH"},{"data":"Entrench","floor":11,"key":"SMITH"},{"data":"Shrug It Off","floor":15,"key":"SMITH"},{"data":"Double Tap","floor":24,"key":"SMITH"},{"floor":32,"key":"REST"}],"neow_cost":"TEN_PERCENT_HP_LOSS","seed_source_timestamp":24565879382841,"circlet_count":0,"master_deck":["Defend_R","Bash","Double Tap+1","Rampage+1","Shrug It Off+1","Entrench+1","Seeing Red+1","Second Wind+1","Offering+1","Disarm+1","Warcry+1","Necronomicurse","True Grit+1","Intimidate+1","Intimidate+1","Offering+1"],"relics":["Burning Blood","Kunai","Toxic Egg 2","Empty Cage","Necronomicon","Bronze Scales","Tiny Chest","MutagenicStrength","Runic Pyramid"],"potions_floor_usage":[18,19,23,33,41],"damage_taken":[{"damage":7,"enemies":"Small Slimes","floor":1,"turns":4},{"damage":2,"enemies":"Jaw Worm","floor":5,"turns":3},{"damage":29,"enemies":"Lagavulin","floor":6,"turns":9},{"damage":0,"enemies":"Cultist","floor":7,"turns":3},{"damage":13,"enemies":"3 Louse","floor":12,"turns":6},{"damage":5,"enemies":"Red Slaver","floor":13,"turns":5},{"damage":5,"enemies":"Gremlin Gang","floor":14,"turns":8},{"damage":24,"enemies":"The Guardian","floor":16,"turns":8},{"damage":13,"enemies":"3 Byrds","floor":18,"turns":5},{"damage":6,"enemies":"2 Thieves","floor":19,"turns":4},{"damage":24,"enemies":"Gremlin Leader","floor":23,"turns":4},{"damage":6,"enemies":"Snecko","floor":29,"turns":3},{"damage":35,"enemies":"Collector","floor":33,"turns":11},{"damage":11,"enemies":"3 Shapes","floor":35,"turns":6},{"damage":21,"enemies":"3 Darklings","floor":40,"turns":6},{"damage":37,"enemies":"Sphere and 2 Shapes","floor":41,"turns":8},{"damage":26,"enemies":"Spire Growth","floor":42,"turns":2}],"seed_played":"5698851318091229718","potions_obtained":[{"floor":5,"key":"GamblersBrew"},{"floor":6,"key":"Block Potion"},{"floor":14,"key":"AttackPotion"},{"floor":29,"key":"Explosive Potion"},{"floor":40,"key":"GamblersBrew"}],"is_trial":false,"path_per_floor":["M","?","?","$","M","E","M","R","T","?","R","M","M","M","R","B",null,"M","M","$","?","?","E","R","$","T","?","$","M","?","$","R","B",null,"M","?","?","$","?","M","M","M"],"character_chosen":"IRONCLAD","items_purchased":["Warcry+1","True Grit+1"],"campfire_rested":1,"item_purchase_floors":[20,28],"current_hp_per_floor":[71,71,71,71,72,49,55,55,55,72,72,65,66,67,67,49,72,65,65,65,65,49,31,31,31,31,18,18,18,18,18,41,12,77,72,72,72,72,72,57,26,0],"gold":40,"neow_bonus":"TRANSFORM_TWO_CARDS","is_prod":false,"is_daily":false,"chose_seed":false,"campfire_upgraded":4,"win_rate":0,"timestamp":1565703952,"path_taken":["M","?","?","$","?","E","M","R","T","?","R","?","?","M","R","BOSS","M","?","$","?","?","E","R","$","T","?","$","?","?","?","R","BOSS","M","?","?","$","?","?","M","M"],"build_version":"2019-07-17","purchased_purges":4,"victory":false,"max_hp_per_floor":[72,72,72,72,72,72,72,72,72,72,72,72,72,72,72,72,72,72,72,72,72,72,72,72,72,72,77,77,77,77,77,77,77,77,77,77,77,77,73,73,73,73],"card_choices":[{"not_picked":["Thunderclap","Clash"],"picked":"Shrug It Off","floor":1},{"not_picked":["Wild Strike","Rampage"],"picked":"Entrench","floor":5},{"not_picked":["Perfected Strike","Sever Soul","Clash"],"picked":"SKIP","floor":6},{"not_picked":["Headbutt","Anger","Reckless Charge"],"picked":"SKIP","floor":7},{"not_picked":["Wild Strike","Havoc+1"],"picked":"Seeing Red+1","floor":12},{"not_picked":["Wild Strike","Heavy Blade","Flex+1"],"picked":"SKIP","floor":13},{"not_picked":["Clothesline","Dual Wield+1"],"picked":"Second Wind+1","floor":14},{"not_picked":["Double Tap+1","Demon Form"],"picked":"Offering+1","floor":16},{"not_picked":["Wild Strike","Searing Blow"],"picked":"Disarm+1","floor":18},{"not_picked":["Iron Wave","Sword Boomerang","Headbutt"],"picked":"SKIP","floor":19},{"not_picked":["Sentinel+1","Fire Breathing","Ghostly Armor+1"],"picked":"SKIP","floor":23},{"not_picked":["Cleave","Iron Wave"],"picked":"Intimidate+1","floor":29},{"not_picked":["Reaper","Brutality"],"picked":"Impervious+1","floor":33},{"not_picked":["Whirlwind+1","Sword Boomerang+1"],"picked":"Intimidate+1","floor":35},{"not_picked":["Armaments+1","Pommel Strike+1","Cleave"],"picked":"SKIP","floor":40},{"not_picked":["Clash+1","Heavy Blade+1"],"picked":"Offering+1","floor":41}],"player_experience":98636,"relics_obtained":[{"floor":6,"key":"Kunai"},{"floor":9,"key":"Toxic Egg 2"},{"floor":22,"key":"Necronomicon"},{"floor":23,"key":"Bronze Scales"},{"floor":26,"key":"Tiny Chest"}],"event_choices":[{"damage_healed":0,"gold_gain":0,"player_choice":"Ignored","damage_taken":0,"max_hp_gain":0,"max_hp_loss":0,"event_name":"Liars Game","floor":2,"gold_loss":0},{"damage_healed":0,"gold_gain":0,"player_choice":"Bought 0 Potions","damage_taken":0,"max_hp_gain":0,"max_hp_loss":0,"event_name":"The Woman in Blue","floor":3,"gold_loss":0},{"damage_healed":17,"gold_gain":0,"player_choice":"Full Heal","damage_taken":0,"max_hp_gain":0,"max_hp_loss":0,"event_name":"Wheel of Change","floor":10,"gold_loss":0},{"damage_healed":0,"gold_gain":0,"player_choice":"Ignored","damage_taken":0,"max_hp_gain":0,"max_hp_loss":0,"event_name":"Vampires","floor":21,"gold_loss":0},{"damage_healed":0,"gold_gain":0,"player_choice":"Obtained Book","damage_taken":16,"max_hp_gain":0,"max_hp_loss":0,"event_name":"Cursed Tome","floor":22,"gold_loss":0},{"damage_healed":0,"gold_gain":0,"player_choice":"Shed Blood","damage_taken":18,"max_hp_gain":5,"max_hp_loss":0,"event_name":"Forgotten Altar","floor":27,"gold_loss":0},{"damage_healed":0,"gold_gain":0,"player_choice":"Inject Mutagens","damage_taken":0,"relics_obtained":["MutagenicStrength"],"max_hp_gain":0,"max_hp_loss":0,"event_name":"Drug Dealer","floor":30,"gold_loss":0},{"damage_healed":0,"gold_gain":0,"player_choice":"Ignored","damage_taken":0,"max_hp_gain":0,"max_hp_loss":0,"event_name":"Tomb of Lord Red Mask","floor":36,"gold_loss":0},{"cards_removed":["Impervious"],"damage_healed":0,"gold_gain":0,"player_choice":"Removed Skill","damage_taken":0,"max_hp_gain":0,"max_hp_loss":0,"event_name":"Falling","floor":37,"gold_loss":0},{"damage_healed":0,"gold_gain":0,"player_choice":"Max HP","damage_taken":0,"max_hp_gain":0,"max_hp_loss":4,"event_name":"Winding Halls","floor":39,"gold_loss":0}],"is_beta":false,"boss_relics":[{"not_picked":["Eternal Feather","Calling Bell"],"picked":"Empty Cage"},{"not_picked":["Philosopher\u0027s Stone","Runic Dome"],"picked":"Runic Pyramid"}],"items_purged_floors":[4,20,25,38],"is_endless":false,"potions_floor_spawned":[5,6,14,29,40],"killed_by":"Spire Growth","ascension_level":2}