{"gold_per_floor":[111,111,123,123,143,172,185,135,215,215,233,248,173,173,173,303,303,324,308,33,33,132,132,151,176,176,176,94,127,127,143,143,272,272,292,9,24,37,37,37,50,85,138,138,151,170,170,213,213,213],"floor_reached":50,"playtime":3280,"items_purged":["Strike_G"],"score":659,"play_id":"c4733b0e-3151-45c1-87ff-8dcd028fe202","local_time":"20190818043730","is_ascension_mode":true,"campfire_choices":[{"floor":10,"key":"REST"},{"data":"Cloak And Dagger","floor":15,"key":"SMITH"},{"data":"Accuracy","floor":23,"key":"SMITH"},{"floor":32,"key":"REST"},{"data":"After Image","floor":40,"key":"SMITH"},{"floor":44,"key":"REST"},{"data":"Finisher","floor":49,"key":"SMITH"}],"neow_cost":"NONE","seed_source_timestamp":62320570976202,"circlet_count":0,"master_deck":["Defend_G","Defend_G+1","Defend_G","Defend_G","Defend_G","Survivor","Neutralize+1","Flying Knee+1","Cloak And Dagger+1","Tactician","Cloak And Dagger+1","Escape Plan","Dodge and Roll","Expertise","Glass Knife","Terror+1","Endless Agony","Finisher+1","Blade Dance","Accuracy+1","Blur","Backflip+1","Quick Slash","Venomology","Footwork","After Image+1","Footwork","Prepared","Escape Plan+1","Doubt","Tools of the Trade"],"relics":["Ring of the Serpent","NeowsBlessing","Shovel","Dodecahedron","Golden Idol","War Paint","Strawberry","Pen Nib","Ninja Scroll","Letter Opener","Bag of Preparation","Juzu Bracelet"],"potions_floor_usage":[6,11,16,29,31,33,33,37,38,41,41,42,42,42,50,50,50,50],"damage_taken":[{"damage":0,"enemies":"2 Louse","floor":1,"turns":1},{"damage":0,"enemies":"Jaw Worm","floor":3,"turns":1},{"damage":0,"enemies":"Small Slimes","floor":5,"turns":1},{"damage":19,"enemies":"3 Sentries","floor":6,"turns":8},{"damage":5,"enemies":"2 Fungi Beasts","floor":7,"turns":4},{"damage":6,"enemies":"3 Louse","floor":11,"turns":5},{"damage":8,"enemies":"Lots of Slimes","floor":12,"turns":7},{"damage":48,"enemies":"Hexaghost","floor":16,"turns":16},{"damage":0,"enemies":"Chosen","floor":18,"turns":4},{"damage":8,"enemies":"2 Thieves","floor":19,"turns":4},{"damage":12,"enemies":"Snake Plant","floor":24,"turns":4},{"damage":10,"enemies":"Centurion and Healer","floor":25,"turns":3},{"damage":11,"enemies":"Book of Stabbing","floor":29,"turns":5},{"damage":11,"enemies":"Cultist and Chosen","floor":31,"turns":9},{"damage":20,"enemies":"Champ","floor":33,"turns":11},{"damage":12,"enemies":"3 Shapes","floor":35,"turns":6},{"damage":5,"enemies":"3 Darklings","floor":37,"turns":8},{"damage":9,"enemies":"Maw","floor":38,"turns":7},{"damage":25,"enemies":"Writhing Mass","floor":41,"turns":7},{"damage":22,"enemies":"Nemesis","floor":42,"turns":9},{"damage":5,"enemies":"Transient","floor":45,"turns":5},{"damage":0,"enemies":"Sphere and 2 Shapes","floor":46,"turns":7},{"damage":0,"enemies":"Giant Head","floor":48,"turns":8},{"damage":75,"enemies":"Awakened One","floor":50,"turns":20}],"seed_played":"-3175762537608931683","potions_obtained":[{"floor":3,"key":"Explosive Potion"},{"floor":6,"key":"Regen Potion"},{"floor":11,"key":"LiquidBronze"},{"floor":25,"key":"SkillPotion"},{"floor":31,"key":"Swift Potion"},{"floor":33,"key":"Strength Potion"},{"floor":37,"key":"Weak Potion"},{"floor":38,"key":"EssenceOfSteel"},{"floor":48,"key":"PowerPotion"}],"is_trial":false,"path_per_floor":["M","?","M","?","M","E","M","?","T","R","M","M","$","?","R","B",null,"M","M","$","?","?","R","M","M","T","?","$","E","?","M","R","B",null,"M","$","M","M","?","R","M","E","T","R","M","M","?","E","R","B"],"character_chosen":"THE_SILENT","items_purchased":["Finisher","Blade Dance","War Paint","Footwork","Footwork","Ninja Scroll"],"campfire_rested":3,"item_purchase_floors":[20,20,20,28,36,36],"current_hp_per_floor":[70,75,75,60,60,41,36,36,36,58,64,56,56,56,56,8,69,69,61,61,61,61,61,49,39,46,46,46,35,35,24,46,26,76,64,64,59,50,50,50,25,3,3,25,20,20,76,76,76,1],"gold":213,"neow_bonus":"THREE_ENEMY_KILL","is_prod":false,"is_daily":false,"chose_seed":false,"campfire_upgraded":4,"win_rate":0,"timestamp":1566070650,"path_taken":["M","?","M","?","?","E","M","?","T","R","M","M","$","?","R","BOSS","M","M","$","?","?","R","M","M","T","?","$","E","?","M","R","BOSS","M","$","M","?","?","R","M","E","T","R","M","M","?","E","R","BOSS"],"build_version":"2019-07-17","purchased_purges":1,"victory":false,"max_hp_per_floor":[70,75,75,75,75,75,75,75,75,75,75,75,75,69,69,69,69,69,69,69,69,69,69,69,69,76,76,76,76,76,76,76,76,76,76,76,76,76,76,76,76,76,76,76,76,76,76,76,76,76],"card_choices":[{"not_picked":["Dodge and Roll","Sucker Punch"],"picked":"Flying Knee","floor":1},{"not_picked":["Dash","Flying Knee"],"picked":"Cloak And Dagger","floor":3},{"not_picked":["Deadly Poison","Sucker Punch"],"picked":"Tactician","floor":5},{"not_picked":["Quick Slash","Underhanded Strike"],"picked":"Cloak And Dagger","floor":6},{"not_picked":["Masterful Stab","Finisher"],"picked":"Escape Plan","floor":7},{"not_picked":["Dagger Spray","Skewer"],"picked":"Dodge and Roll","floor":11},{"not_picked":["Outmaneuver","Poisoned Stab"],"picked":"Expertise","floor":12},{"not_picked":["Doppelganger","Corpse Explosion"],"picked":"Glass Knife","floor":16},{"not_picked":["PiercingWail","Bane+1"],"picked":"Terror+1","floor":18},{"not_picked":["Dodge and Roll","Underhanded Strike"],"picked":"Endless Agony","floor":19},{"not_picked":["Finisher","Riddle With Holes"],"picked":"Blur","floor":24},{"not_picked":["Leg Sweep+1","Quick Slash"],"picked":"Backflip+1","floor":25},{"not_picked":["Predator","Sucker Punch+1","PiercingWail"],"picked":"SKIP","floor":29},{"not_picked":["All Out Attack+1","Cloak And Dagger"],"picked":"Tools of the Trade","floor":31},{"not_picked":["Storm of Steel","Glass Knife"],"picked":"After Image","floor":33},{"not_picked":["Dagger Spray+1","Dodge and Roll+1","Dagger Throw+1"],"picked":"SKIP","floor":35},{"not_picked":["Deadly Poison","Choke","Leg Sweep+1"],"picked":"SKIP","floor":37},{"not_picked":["Deflect","Riddle With Holes+1","Flechettes+1"],"picked":"SKIP","floor":38},{"not_picked":["Deflect","Backstab+1","PiercingWail"],"picked":"SKIP","floor":41},{"not_picked":["Endless Agony+1","Outmaneuver"],"picked":"Prepared","floor":42},{"not_picked":["Dagger Spray+1","PiercingWail"],"picked":"Escape Plan+1","floor":45},{"not_picked":["Expertise+1","Dagger Throw","Eviscerate+1"],"picked":"SKIP","floor":46},{"not_picked":["Flechettes","Dagger Throw"],"picked":"Tools of the Trade","floor":48}],"player_experience":170169,"relics_obtained":[{"floor":6,"key":"Shovel"},{"floor":9,"key":"Dodecahedron"},{"floor":26,"key":"Strawberry"},{"floor":29,"key":"Pen Nib"},{"floor":42,"key":"Letter Opener"},{"floor":43,"key":"Bag of Preparation"},{"floor":48,"key":"Juzu Bracelet"}],"event_choices":[{"damage_healed":0,"gold_gain":0,"player_choice":"Donut","damage_taken":0,"max_hp_gain":5,"max_hp_loss":0,"event_name":"Big Fish","floor":2,"gold_loss":0},{"damage_healed":0,"gold_gain":0,"player_choice":"Entered Light","damage_taken":15,"max_hp_gain":0,"max_hp_loss":0,"event_name":"Shining Light","floor":4,"gold_loss":0,"cards_upgraded":["Neutralize","Flying Knee"]},{"cards_removed":["Strike_G"],"damage_healed":0,"gold_gain":0,"player_choice":"Card Removal","damage_taken":0,"max_hp_gain":0,"max_hp_loss":0,"event_name":"The Cleric","floor":8,"gold_loss":50},{"damage_healed":0,"gold_gain":0,"player_choice":"Lose Max HP","damage_taken":0,"relics_obtained":["Golden Idol"],"max_hp_gain":0,"max_hp_loss":6,"event_name":"Golden Idol","floor":14,"gold_loss":0},{"damage_healed":0,"gold_gain":0,"player_choice":"Read","damage_taken":0,"max_hp_gain":0,"max_hp_loss":0,"event_name":"The Library","floor":21,"gold_loss":0,"cards_obtained":["Accuracy"]},{"damage_healed":0,"gold_gain":99,"player_choice":"Stole From Cult","damage_taken":0,"max_hp_gain":0,"max_hp_loss":0,"event_name":"Nest","floor":22,"gold_loss":0},{"damage_healed":0,"gold_gain":0,"cards_transformed":["Strike_G","Strike_G"],"player_choice":"Became Test Subject","damage_taken":0,"max_hp_gain":0,"max_hp_loss":0,"event_name":"Drug Dealer","floor":27,"gold_loss":0,"cards_obtained":["Quick Slash","Venomology"]},{"cards_removed":["Strike_G"],"damage_healed":0,"gold_gain":0,"player_choice":"Purged","damage_taken":0,"max_hp_gain":0,"max_hp_loss":0,"event_name":"Purifier","floor":30,"gold_loss":0},{"cards_removed":["Tools of the Trade"],"damage_healed":0,"gold_gain":0,"player_choice":"Removed Power","damage_taken":0,"max_hp_gain":0,"max_hp_loss":0,"event_name":"Falling","floor":39,"gold_loss":0},{"damage_healed":56,"gold_gain":0,"player_choice":"Heal","damage_taken":0,"max_hp_gain":0,"max_hp_loss":0,"event_name":"MindBloom","floor":47,"gold_loss":0,"cards_obtained":["Doubt"]}],"is_beta":false,"boss_relics":[{"not_picked":["Black Star","Busted Crown"],"picked":"Ring of the Serpent"},{"not_picked":["HoveringKite","Calling Bell","Philosopher\u0027s Stone"]}],"items_purged_floors":[13],"is_endless":false,"potions_floor_spawned":[3,6,11,25,31,33,37,38,48],"killed_by":"Awakened One","ascension_level":4}