{"gold_per_floor":[111,111,11,11,21,55,55,72,72,103,103,103,116,116,116,220,220,236,80,80,106,121,138,138],"floor_reached":24,"playtime":1539,"items_purged":["Strike_B"],"score":214,"play_id":"bfb972a4-b32a-4534-98a0-22d52f6ed727","local_time":"20190815120432","is_ascension_mode":true,"campfire_choices":[{"data":"Beam Cell","floor":7,"key":"SMITH"},{"floor":12,"key":"REST"},{"data":"Hologram","floor":15,"key":"SMITH"}],"neow_cost":"NONE","seed_source_timestamp":98950702720957,"circlet_count":0,"master_deck":["Defend_B","Defend_B+1","Defend_B","Defend_B","Zap","Dualcast","Leap","Melter+1","Beam Cell+1","Go for the Eyes","Hologram+1","Rip and Tear","Turbo","Buffer+1","Go for the Eyes","Reprogram","All For One","Reprogram","Coolheaded"],"relics":["Cracked Core","Frozen Egg 2","Dream Catcher","Busted Crown","Red Mask"],"potions_floor_usage":[10,21,21],"damage_taken":[{"damage":2,"enemies":"2 Louse","floor":1,"turns":2},{"damage":0,"enemies":"Cultist","floor":5,"turns":4},{"damage":14,"enemies":"3 Sentries","floor":6,"turns":9},{"damage":0,"enemies":"Jaw Worm","floor":8,"turns":2},{"damage":19,"enemies":"Lagavulin","floor":10,"turns":6},{"damage":3,"enemies":"2 Fungi Beasts","floor":13,"turns":4},{"damage":8,"enemies":"Slime Boss","floor":16,"turns":12},{"damage":0,"enemies":"Chosen","floor":18,"turns":3},{"damage":10,"enemies":"Masked Bandits","floor":21,"turns":5},{"damage":0,"enemies":"Spheric Guardian","floor":22,"turns":4},{"damage":7,"enemies":"3 Cultists","floor":23,"turns":6},{"damage":67,"enemies":"Gremlin Leader","floor":24,"turns":7}],"seed_played":"-2381471118995273158","potions_obtained":[{"floor":1,"key":"FocusPotion"},{"floor":5,"key":"SpeedPotion"},{"floor":10,"key":"Weak Potion"},{"floor":22,"key":"Energy Potion"}],"is_trial":false,"path_per_floor":["M","?","$","?","M","E","R","M","T","E","?","R","M","?","R","B",null,"M","$","?","?","M","M","E"],"character_chosen":"DEFECT","items_purchased":["Beam Cell","Go for the Eyes","Reprogram"],"campfire_rested":1,"item_purchase_floors":[3,3,19],"current_hp_per_floor":[73,73,73,73,73,59,59,59,59,40,25,47,44,37,37,29,75,75,75,75,65,65,58,0],"gold":138,"neow_bonus":"TRANSFORM_CARD","is_prod":false,"is_daily":false,"chose_seed":false,"campfire_upgraded":2,"win_rate":0,"timestamp":1565838272,"path_taken":["M","?","$","?","?","E","R","M","T","E","?","R","M","?","R","BOSS","M","$","?","?","M","M","E"],"build_version":"2019-07-17","purchased_purges":1,"victory":false,"max_hp_per_floor":[75,75,75,75,75,75,75,75,75,75,75,75,75,75,75,75,75,75,75,75,75,75,75,75],"card_choices":[{"not_picked":["FTL","Redo"],"picked":"Melter","floor":1},{"not_picked":["Ball Lightning","Storm"],"picked":"Hologram","floor":5},{"not_picked":["Consume","Stack"],"picked":"Rip and Tear","floor":6},{"not_picked":["Chill","Rebound"],"picked":"Turbo","floor":8},{"not_picked":["Ball Lightning","Fusion"],"picked":"Buffer+1","floor":10},{"not_picked":["Darkness","Conserve Battery"],"picked":"Go for the Eyes","floor":12},{"not_picked":["Hologram","Sweeping Beam"],"picked":"Reprogram","floor":13},{"not_picked":["Core Surge","Hyperbeam"],"picked":"All For One","floor":16},{"not_picked":["Rip and Tear"],"picked":"SKIP","floor":18},{"not_picked":[],"picked":"Coolheaded","floor":21},{"not_picked":["Blizzard+1"],"picked":"SKIP","floor":22},{"not_picked":["Ball Lightning"],"picked":"SKIP","floor":23}],"player_experience":117137,"relics_obtained":[{"floor":6,"key":"Frozen Egg 2"},{"floor":10,"key":"Dream Catcher"},{"floor":21,"key":"Red Mask"}],"event_choices":[{"damage_healed":0,"gold_gain":0,"player_choice":"Ignored","damage_taken":0,"max_hp_gain":0,"max_hp_loss":0,"event_name":"Liars Game","floor":2,"gold_loss":0},{"cards_removed":["Strike_B"],"damage_healed":0,"gold_gain":0,"player_choice":"Offered Basic","damage_taken":0,"max_hp_gain":0,"max_hp_loss":0,"event_name":"Bonfire Elementals","floor":4,"gold_loss":0},{"damage_healed":0,"gold_gain":0,"player_choice":"Entered Light","damage_taken":15,"max_hp_gain":0,"max_hp_loss":0,"event_name":"Shining Light","floor":11,"gold_loss":0,"cards_upgraded":["Defend_B","Melter"]},{"cards_removed":["Strike_B"],"damage_healed":0,"gold_gain":0,"player_choice":"Card Removal","damage_taken":7,"max_hp_gain":0,"max_hp_loss":0,"event_name":"Golden Wing","floor":14,"gold_loss":0},{"damage_healed":0,"gold_gain":0,"player_choice":"Ignored","damage_taken":0,"max_hp_gain":0,"max_hp_loss":0,"event_name":"Ghosts","floor":20,"gold_loss":0},{"damage_healed":0,"gold_gain":0,"player_choice":"Fought Bandits","damage_taken":0,"max_hp_gain":0,"max_hp_loss":0,"event_name":"Masked Bandits","floor":21,"gold_loss":0}],"is_beta":false,"boss_relics":[{"not_picked":["Runic Dome","Velvet Choker"],"picked":"Busted Crown"}],"items_purged_floors":[19],"is_endless":false,"potions_floor_spawned":[1,5,10,22],"killed_by":"Gremlin Leader","ascension_level":1}