{"gold_per_floor":[116,127,52,68,68,68,128,140,140,157,157],"floor_reached":11,"playtime":342,"items_purged":["Strike_B"],"score":150,"play_id":"7b178040-492a-4dfa-b3ab-4b0d94214924","local_time":"20190719113650","is_ascension_mode":true,"campfire_choices":[{"floor":6,"key":"REST"}],"neow_cost":"PERCENT_DAMAGE","seed_source_timestamp":496559674371135,"circlet_count":0,"master_deck":["AscendersBane","Strike_B","Defend_B","Defend_B","Defend_B","Defend_B+1","Zap+1","Dualcast","Coolheaded","Streamline","Ball Lightning","Coolheaded","Conserve Battery","Blizzard"],"relics":["Cracked Core","Tiny Chest","Letter Opener"],"potions_floor_usage":[7,7,11,11],"damage_taken":[{"damage":0,"enemies":"Cultist","floor":1,"turns":3},{"damage":5,"enemies":"Small Slimes","floor":2,"turns":4},{"damage":10,"enemies":"Jaw Worm","floor":4,"turns":2},{"damage":11,"enemies":"Lagavulin","floor":7,"turns":6},{"damage":5,"enemies":"Red Slaver","floor":8,"turns":4},{"damage":4,"enemies":"Looter","floor":10,"turns":3},{"damage":25,"enemies":"Gremlin Nob","floor":11,"turns":3}],"seed_played":"-9055423728842304751","potions_obtained":[{"floor":2,"key":"EssenceOfSteel"},{"floor":4,"key":"Regen Potion"},{"floor":8,"key":"Weak Potion"},{"floor":10,"key":"SkillPotion"}],"is_trial":false,"path_per_floor":["M","M","$","M","?","R","E","M","T","M","E"],"character_chosen":"DEFECT","items_purchased":[],"campfire_rested":1,"item_purchase_floors":[],"current_hp_per_floor":[46,41,41,31,10,31,34,29,29,25,0],"gold":157,"neow_bonus":"REMOVE_TWO","is_prod":false,"is_daily":false,"chose_seed":false,"campfire_upgraded":0,"win_rate":0,"timestamp":1563550610,"path_taken":["M","?","?","M","?","R","E","M","T","M","E"],"build_version":"2019-07-17","purchased_purges":1,"victory":false,"max_hp_per_floor":[71,71,71,71,71,71,71,71,71,71,71],"card_choices":[{"not_picked":["Stack","Compile Driver"],"picked":"Coolheaded","floor":1},{"not_picked":["Fusion","Leap"],"picked":"Streamline","floor":2},{"not_picked":["Melter","Biased Cognition"],"picked":"Ball Lightning","floor":4},{"not_picked":["Conserve Battery","Redo"],"picked":"Coolheaded","floor":7},{"not_picked":["Redo","Steam Power"],"picked":"Conserve Battery","floor":8},{"not_picked":["Beam Cell","Leap"],"picked":"Blizzard","floor":10}],"player_experience":539795,"relics_obtained":[{"floor":7,"key":"Tiny Chest"},{"floor":9,"key":"Letter Opener"}],"event_choices":[{"damage_healed":0,"gold_gain":0,"player_choice":"Entered Light","damage_taken":21,"max_hp_gain":0,"max_hp_loss":0,"event_name":"Shining Light","floor":5,"gold_loss":0,"cards_upgraded":["Zap","Defend_B"]}],"is_beta":false,"boss_relics":[],"items_purged_floors":[3],"is_endless":false,"potions_floor_spawned":[2,4,8,10],"killed_by":"Gremlin Nob","ascension_level":20}