{"gold_per_floor":[16,35,45,6,6,6,34,34,57,83,83,83,101,115,115,193,193,204,218,54,54,67,97,97,107,107,140,140,140,65,95,95,173,173,192,192,17,27,77,77,105,105,105,105,105,16,33,45,45,45],"floor_reached":50,"playtime":1649,"items_purged":["Strike_B","Strike_B"],"score":1072,"play_id":"43d9804b-a70e-49fd-b7f6-7c82e8b111f8","local_time":"20190827182019","is_ascension_mode":true,"campfire_choices":[{"data":"Zap","floor":6,"key":"SMITH"},{"data":"Coolheaded","floor":11,"key":"SMITH"},{"data":"Static Discharge","floor":15,"key":"SMITH"},{"floor":24,"key":"REST"},{"floor":32,"key":"REST"},{"floor":40,"key":"REST"},{"floor":42,"key":"REST"},{"floor":44,"key":"RECALL"},{"floor":45,"key":"REST"},{"floor":49,"key":"REST"}],"neow_cost":"NO_GOLD","seed_source_timestamp":935324440940465,"circlet_count":0,"master_deck":["AscendersBane","Strike_B+1","Defend_B","Defend_B","Defend_B","Zap+1","Dualcast+1","Coolheaded+1","Hologram+1","Ball Lightning+1","Static Discharge+1","Coolheaded","Electrodynamics","Cold Snap","Echo Form","Gash","Coolheaded","Self Repair","Buffer","Self Repair","Ghostly","Ghostly","Ghostly","Cold Snap","Electrodynamics","Loop","Defragment+1","Defragment","Defragment","Conserve Battery","Gash+1"],"relics":["Cracked Core","Whetstone","Oddly Smooth Stone","Thread and Needle","Bottled Tornado","Fusion Hammer","DataDisk","War Paint","WingedGreaves","Question Card","Letter Opener","Runic Pyramid","Anchor","Singing Bowl","Sundial"],"potions_floor_usage":[7,10,10,16,19,23,33,50,50],"damage_taken":[{"damage":3,"enemies":"2 Louse","floor":1,"turns":2},{"damage":0,"enemies":"Cultist","floor":2,"turns":4},{"damage":3,"enemies":"Jaw Worm","floor":3,"turns":5},{"damage":12,"enemies":"Lagavulin","floor":7,"turns":5},{"damage":7,"enemies":"Gremlin Nob","floor":10,"turns":4},{"damage":2,"enemies":"Exordium Wildlife","floor":13,"turns":2},{"damage":0,"enemies":"Exordium Thugs","floor":14,"turns":4},{"damage":1,"enemies":"The Guardian","floor":16,"turns":13},{"damage":9,"enemies":"Spheric Guardian","floor":18,"turns":6},{"damage":0,"enemies":"Chosen","floor":19,"turns":3},{"damage":15,"enemies":"Centurion and Healer","floor":22,"turns":2},{"damage":13,"enemies":"Book of Stabbing","floor":23,"turns":5},{"damage":14,"enemies":"Snake Plant","floor":25,"turns":2},{"damage":30,"enemies":"Slavers","floor":27,"turns":4},{"damage":11,"enemies":"Gremlin Leader","floor":31,"turns":6},{"damage":6,"enemies":"Champ","floor":33,"turns":14},{"damage":0,"enemies":"3 Darklings","floor":35,"turns":4},{"damage":16,"enemies":"3 Shapes","floor":38,"turns":4},{"damage":22,"enemies":"Nemesis","floor":41,"turns":13},{"damage":5,"enemies":"Writhing Mass","floor":47,"turns":7},{"damage":16,"enemies":"Jaw Worm Horde","floor":48,"turns":3},{"damage":37,"enemies":"Awakened One","floor":50,"turns":6}],"seed_played":"-35157108815807876","potions_obtained":[{"floor":1,"key":"SpeedPotion"},{"floor":2,"key":"Dexterity Potion"},{"floor":7,"key":"Energy Potion"},{"floor":14,"key":"Fire Potion"},{"floor":18,"key":"AttackPotion"},{"floor":22,"key":"Weak Potion"},{"floor":31,"key":"Energy Potion"},{"floor":33,"key":"Dexterity Potion"},{"floor":35,"key":"EssenceOfSteel"}],"is_trial":false,"path_per_floor":["M","M","M","$","?","R","E","$","T","E","R","T","M","M","R","B",null,"M","M","$","?","M","E","R","M","T","E","$","?","$","E","R","B",null,"M","?","$","M","?","R","E","R","T","R","R","$","M","M","R","B"],"character_chosen":"DEFECT","items_purchased":["Static Discharge","DataDisk","Loop","Defragment","Conserve Battery"],"campfire_rested":6,"item_purchase_floors":[4,20,37,46,46],"current_hp_per_floor":[61,61,58,58,58,58,46,46,46,39,39,39,37,37,37,36,62,53,53,53,71,56,43,64,57,57,27,27,27,27,30,35,35,35,35,35,35,26,26,35,27,35,35,35,35,35,35,21,32,0],"gold":45,"neow_bonus":"REMOVE_TWO","is_prod":false,"is_daily":false,"chose_seed":false,"campfire_upgraded":3,"win_rate":0,"timestamp":1566944419,"path_taken":["M","M","M","$","?","R","E","?","T","E","R","?","M","?","R","BOSS","M","M","$","?","?","E","R","M","T","E","?","?","$","E","R","BOSS","M","?","$","?","?","R","E","R","T","R","R","$","M","?","R","BOSS"],"build_version":"2019-07-17","purchased_purges":2,"victory":false,"max_hp_per_floor":[71,71,71,71,71,71,71,71,71,71,71,71,71,71,71,71,71,71,71,71,71,71,71,71,71,71,71,71,35,35,35,35,35,35,35,35,35,35,35,35,35,35,35,35,35,35,35,37,37,37],"card_choices":[{"not_picked":["FTL","Tempest"],"picked":"Coolheaded","floor":1},{"not_picked":["Stack","Barrage"],"picked":"Hologram","floor":2},{"not_picked":["Cold Snap","Conserve Battery"],"picked":"Ball Lightning","floor":3},{"not_picked":["Force Field","Sweeping Beam"],"picked":"Reinforced Body","floor":7},{"not_picked":["Sunder","Reinforced Body"],"picked":"Coolheaded","floor":10},{"not_picked":["Reinforced Body","Ball Lightning"],"picked":"Electrodynamics","floor":13},{"not_picked":["Reinforced Body","Compile Driver"],"picked":"Cold Snap","floor":14},{"not_picked":["Fission","Biased Cognition"],"picked":"Echo Form","floor":16},{"not_picked":["Streamline","Stack","Fusion"],"picked":"SKIP","floor":18},{"not_picked":["Streamline","Doom and Gloom"],"picked":"Gash","floor":19},{"not_picked":["Barrage","Steam"],"picked":"Coolheaded","floor":22},{"not_picked":["Capacitor+1","Force Field"],"picked":"Self Repair","floor":23},{"not_picked":["Gash","Redo"],"picked":"Buffer","floor":25},{"not_picked":["Auto Shields","Streamline"],"picked":"Self Repair","floor":27},{"not_picked":["Barrage","Sunder","Steam"],"picked":"Cold Snap","floor":31},{"not_picked":["Amplify","Fission","Multi-Cast"],"picked":"Electrodynamics","floor":33},{"not_picked":["Coolheaded","Barrage","Stack","Recycle"],"picked":"SKIP","floor":35},{"not_picked":["Gash","Steam Power","Beam Cell+1"],"picked":"Defragment+1","floor":38},{"not_picked":["Melter","Blizzard","Rebound+1"],"picked":"Defragment","floor":41},{"not_picked":["Conserve Battery","Cold Snap","Redo"],"picked":"Gash+1","floor":47},{"not_picked":["Streamline","Multi-Cast","Compile Driver","Doom and Gloom+1"],"picked":"Singing Bowl","floor":48}],"player_experience":607554,"relics_obtained":[{"floor":7,"key":"Whetstone"},{"floor":9,"key":"Oddly Smooth Stone"},{"floor":10,"key":"Thread and Needle"},{"floor":12,"key":"Bottled Tornado"},{"floor":23,"key":"War Paint"},{"floor":26,"key":"WingedGreaves"},{"floor":27,"key":"Question Card"},{"floor":31,"key":"Letter Opener"},{"floor":36,"key":"Anchor"},{"floor":41,"key":"Singing Bowl"},{"floor":43,"key":"Sundial"}],"event_choices":[{"damage_healed":0,"gold_gain":0,"player_choice":"0 cards matched","damage_taken":0,"max_hp_gain":0,"max_hp_loss":0,"event_name":"Match and Keep!","floor":5,"gold_loss":0,"cards_obtained":[]},{"cards_removed":["Reinforced Body"],"damage_healed":18,"gold_gain":0,"player_choice":"Offered Uncommon","damage_taken":0,"max_hp_gain":0,"max_hp_loss":0,"event_name":"Bonfire Elementals","floor":21,"gold_loss":0},{"damage_healed":0,"gold_gain":0,"player_choice":"Became a Ghost","damage_taken":0,"max_hp_gain":0,"max_hp_loss":36,"event_name":"Ghosts","floor":29,"gold_loss":0,"cards_obtained":["Ghostly","Ghostly","Ghostly"]},{"damage_healed":0,"gold_gain":0,"player_choice":"Relic","damage_taken":0,"max_hp_gain":0,"max_hp_loss":0,"event_name":"Wheel of Change","floor":36,"gold_loss":0},{"damage_healed":0,"gold_gain":50,"player_choice":"Pray","damage_taken":0,"max_hp_gain":0,"max_hp_loss":0,"event_name":"Golden Shrine","floor":39,"gold_loss":0}],"is_beta":false,"boss_relics":[{"not_picked":["Nuclear Battery","Ectoplasm"],"picked":"Fusion Hammer"},{"not_picked":["Pandora\u0027s Box","Calling Bell"],"picked":"Runic Pyramid"}],"items_purged_floors":[30,37],"is_endless":false,"potions_floor_spawned":[1,2,7,14,18,22,31,33,35,38],"killed_by":"Awakened One","ascension_level":20}