{"gold_per_floor":[116,291,303,253,60,88,88,108,161,186,186,286,303,320,320,415,415,428,446,446,661,661,689,788,713,713,713,324,350,370,390,390,492,492,512,512,612,312,312,312,312,342,390,390,390,407,407,424,424,424],"floor_reached":51,"playtime":3119,"items_purged":["Strike_B","Zap"],"score":923,"play_id":"964f255f-6698-4f18-9ec1-a8b92de6c2c5","local_time":"20190818221209","is_ascension_mode":true,"campfire_choices":[{"data":"Sunder","floor":7,"key":"SMITH"},{"data":"Coolheaded","floor":15,"key":"SMITH"},{"floor":27,"key":"REST"},{"data":"Echo Form","floor":32,"key":"SMITH"},{"data":"Chill","floor":40,"key":"SMITH"},{"floor":49,"key":"REST"}],"neow_cost":"NONE","seed_source_timestamp":39984786742250,"circlet_count":0,"master_deck":["Dualcast","Capacitor","Self Repair","Sunder+1","Conserve Battery","Hologram","Coolheaded+1","Recycle","Glacier","Genetic Algorithm","Echo Form+1","Steam Power","Coolheaded","Chill+1","Darkness","Go for the Eyes","Metamorphosis","Seek","Cold Snap","Reboot","Coolheaded+1","Recycle+1","Madness","Madness","Coolheaded+1","Echo Form+1","Blizzard+1"],"relics":["Cracked Core","NeowsBlessing","Juzu Bracelet","Anchor","Pen Nib","Pandora\u0027s Box","Old Coin","Orichalcum","Pear","Meat on the Bone","Cursed Key","WingedGreaves","Omamori","Dodecahedron","Art of War","Pocketwatch"],"potions_floor_usage":[23,23,23,29,29,30,33,33,50,50],"damage_taken":[{"damage":0,"enemies":"Cultist","floor":1,"turns":1},{"damage":0,"enemies":"Small Slimes","floor":3,"turns":1},{"damage":0,"enemies":"Gremlin Nob","floor":6,"turns":1},{"damage":0,"enemies":"Jaw Worm","floor":8,"turns":2},{"damage":22,"enemies":"3 Sentries","floor":10,"turns":5},{"damage":0,"enemies":"2 Fungi Beasts","floor":13,"turns":2},{"damage":1,"enemies":"Exordium Thugs","floor":14,"turns":5},{"damage":30,"enemies":"The Guardian","floor":16,"turns":14},{"damage":19,"enemies":"3 Byrds","floor":18,"turns":6},{"damage":17,"enemies":"Shell Parasite","floor":19,"turns":7},{"damage":23,"enemies":"Gremlin Leader","floor":23,"turns":8},{"damage":11,"enemies":"Slavers","floor":29,"turns":4},{"damage":13,"enemies":"Shelled Parasite and Fungi","floor":30,"turns":6},{"damage":6,"enemies":"Snecko","floor":31,"turns":7},{"damage":5,"enemies":"Champ","floor":33,"turns":10},{"damage":0,"enemies":"3 Shapes","floor":35,"turns":1},{"damage":14,"enemies":"Mind Bloom Boss Battle","floor":37,"turns":9},{"damage":35,"enemies":"Nemesis","floor":42,"turns":9},{"damage":0,"enemies":"Orb Walker","floor":46,"turns":5},{"damage":5,"enemies":"Spire Growth","floor":48,"turns":7},{"damage":9,"enemies":"Donu and Deca","floor":50,"turns":7}],"seed_played":"7475957908508438625","potions_obtained":[{"floor":1,"key":"Fire Potion"},{"floor":10,"key":"AttackPotion"},{"floor":14,"key":"Fire Potion"},{"floor":23,"key":"Energy Potion"},{"floor":30,"key":"SpeedPotion"},{"floor":31,"key":"SteroidPotion"},{"floor":42,"key":"Energy Potion"}],"is_trial":false,"path_per_floor":["M","?","M","?","$","E","R","M","T","E","$","?","M","M","R","B",null,"M","M","?","?","?","E","?","?","T","R","$","E","M","M","R","B",null,"M","?","?","$","?","R","?","E","T","T","?","M","?","M","R","B",null],"character_chosen":"DEFECT","items_purchased":["Sunder","Conserve Battery","Fire Potion","Regen Potion","Metamorphosis","Omamori","FocusPotion","LiquidBronze"],"campfire_rested":2,"item_purchase_floors":[5,5,28,28,28,38,38,38],"current_hp_per_floor":[75,75,75,75,75,75,75,75,75,60,60,60,67,73,73,50,75,63,53,53,53,39,16,16,16,26,53,53,61,62,70,70,72,90,90,90,83,83,83,83,83,55,55,55,44,63,63,65,90,88],"gold":424,"neow_bonus":"THREE_ENEMY_KILL","is_prod":false,"is_daily":false,"chose_seed":false,"campfire_upgraded":4,"win_rate":0,"timestamp":1566133929,"path_taken":["M","?","M","?","?","E","R","M","T","E","$","?","M","M","R","BOSS","M","M","?","?","?","E","?","?","T","R","$","E","M","M","R","BOSS","M","?","?","?","?","R","?","E","T","?","?","M","?","M","R","BOSS"],"build_version":"2019-07-17","purchased_purges":2,"victory":true,"max_hp_per_floor":[75,75,75,75,75,75,75,75,75,75,75,75,75,75,75,75,75,75,75,75,75,80,80,80,80,90,90,90,90,90,90,90,90,90,90,90,90,90,90,90,90,90,90,90,90,90,90,90,90,90],"card_choices":[{"not_picked":["Storm","Rebound"],"picked":"Capacitor","floor":1},{"not_picked":["Rebound","Streamline"],"picked":"Self Repair","floor":3},{"not_picked":["Leap","Rebound"],"picked":"Hologram","floor":6},{"not_picked":["Barrage","Conserve Battery"],"picked":"Coolheaded","floor":8},{"not_picked":["Storm","Biased Cognition"],"picked":"Recycle","floor":10},{"not_picked":["White Noise","Rebound"],"picked":"Glacier","floor":13},{"not_picked":["Skim","Rip and Tear"],"picked":"Genetic Algorithm","floor":14},{"not_picked":["Thunder Strike","Core Surge"],"picked":"Echo Form","floor":16},{"not_picked":["Undo","Stack+1","Cold Snap"],"picked":"SKIP","floor":18},{"not_picked":["Go for the Eyes","Reprogram","Compile Driver+1"],"picked":"SKIP","floor":19},{"not_picked":["Coolheaded","Buffer","Stack"],"picked":"SKIP","floor":23},{"not_picked":["Meteor Strike","Steam"],"picked":"Seek","floor":29},{"not_picked":["Stack","Compile Driver","Turbo"],"picked":"SKIP","floor":30},{"not_picked":["Barrage","Leap"],"picked":"Cold Snap","floor":31},{"not_picked":["Rainbow","Echo Form"],"picked":"Reboot","floor":33},{"not_picked":["Cold Snap+1","Rebound"],"picked":"Coolheaded+1","floor":35},{"not_picked":["Chaos","Sunder"],"picked":"Recycle+1","floor":42},{"not_picked":["Ball Lightning","Compile Driver+1"],"picked":"Coolheaded+1","floor":46},{"not_picked":["Go for the Eyes+1","Scrape"],"picked":"Blizzard+1","floor":48}],"player_experience":185251,"relics_obtained":[{"floor":6,"key":"Juzu Bracelet"},{"floor":9,"key":"Anchor"},{"floor":10,"key":"Pen Nib"},{"floor":23,"key":"Orichalcum"},{"floor":26,"key":"Pear"},{"floor":29,"key":"Meat on the Bone"},{"floor":37,"key":"WingedGreaves"},{"floor":42,"key":"Dodecahedron"},{"floor":43,"key":"Art of War"},{"floor":44,"key":"Pocketwatch"}],"event_choices":[{"damage_healed":0,"gold_gain":175,"player_choice":"AGREE","damage_taken":0,"max_hp_gain":0,"max_hp_loss":0,"event_name":"Liars Game","floor":2,"gold_loss":0,"cards_obtained":["Doubt"]},{"cards_removed":["Doubt"],"damage_healed":0,"gold_gain":0,"player_choice":"Card Removal","damage_taken":0,"max_hp_gain":0,"max_hp_loss":0,"event_name":"The Cleric","floor":4,"gold_loss":50},{"damage_healed":0,"gold_gain":100,"player_choice":"Pray","damage_taken":0,"max_hp_gain":0,"max_hp_loss":0,"event_name":"Golden Shrine","floor":12,"gold_loss":0},{"damage_healed":0,"gold_gain":0,"player_choice":"Ignored","damage_taken":0,"max_hp_gain":0,"max_hp_loss":0,"event_name":"Ghosts","floor":20,"gold_loss":0},{"damage_healed":0,"gold_gain":0,"player_choice":"Obtained Relic","damage_taken":0,"relics_obtained":["Old Coin"],"max_hp_gain":0,"max_hp_loss":0,"event_name":"Addict","floor":21,"gold_loss":85},{"damage_healed":0,"gold_gain":0,"player_choice":"Shed Blood","damage_taken":19,"max_hp_gain":5,"max_hp_loss":0,"event_name":"Forgotten Altar","floor":22,"gold_loss":0},{"damage_healed":0,"gold_gain":99,"player_choice":"Stole From Cult","damage_taken":0,"max_hp_gain":0,"max_hp_loss":0,"event_name":"Nest","floor":24,"gold_loss":0},{"cards_removed":["Sunder"],"damage_healed":0,"gold_gain":0,"player_choice":"Gave Gold","damage_taken":0,"max_hp_gain":0,"max_hp_loss":0,"event_name":"Beggar","floor":25,"gold_loss":75},{"damage_healed":0,"gold_gain":0,"player_choice":"Ignored","damage_taken":0,"max_hp_gain":0,"max_hp_loss":0,"event_name":"Tomb of Lord Red Mask","floor":36,"gold_loss":0},{"damage_healed":0,"gold_gain":0,"player_choice":"Fight","damage_taken":0,"max_hp_gain":0,"max_hp_loss":0,"event_name":"MindBloom","floor":37,"gold_loss":0},{"cards_removed":["Hyperbeam"],"damage_healed":0,"gold_gain":0,"player_choice":"Removed Attack","damage_taken":0,"max_hp_gain":0,"max_hp_loss":0,"event_name":"Falling","floor":39,"gold_loss":0},{"damage_healed":0,"gold_gain":0,"player_choice":"Ignored","damage_taken":0,"max_hp_gain":0,"max_hp_loss":0,"event_name":"SecretPortal","floor":41,"gold_loss":0},{"damage_healed":0,"gold_gain":0,"player_choice":"Embrace Madness","damage_taken":11,"max_hp_gain":0,"max_hp_loss":0,"event_name":"Winding Halls","floor":45,"gold_loss":0,"cards_obtained":["Madness","Madness"]},{"damage_healed":0,"gold_gain":0,"player_choice":"Copied","damage_taken":0,"max_hp_gain":0,"max_hp_loss":0,"event_name":"Duplicator","floor":47,"gold_loss":0,"cards_obtained":["Echo Form"]}],"is_beta":false,"boss_relics":[{"not_picked":["White Beast Statue","Velvet Choker"],"picked":"Pandora\u0027s Box"},{"not_picked":["Orrery","Empty Cage"],"picked":"Cursed Key"}],"items_purged_floors":[5,28],"is_endless":false,"potions_floor_spawned":[1,10,14,16,19,23,30,31,42,46],"ascension_level":3}