{"gold_per_floor":[113,131,150,75,75,75,103,122,149,176,176,176,19,19,19,19],"floor_reached":16,"playtime":308,"items_purged":["Doubt","Parasite"],"score":216,"play_id":"f31bbf11-197b-4b2c-84f4-7c552a545268","local_time":"20190815131321","is_ascension_mode":true,"campfire_choices":[{"data":"Bash","floor":6,"key":"SMITH"},{"data":"Armaments","floor":15,"key":"SMITH"}],"neow_cost":"CURSE","seed_source_timestamp":142886946672969,"circlet_count":0,"master_deck":["AscendersBane","Strike_R","Strike_R","Strike_R","Strike_R","Defend_R","Defend_R","Defend_R","Defend_R","Bash+1","Headbutt","Twin Strike","Whirlwind","Battle Trance","Iron Wave","Armaments+1"],"relics":["Burning Blood","PreservedInsect","Pen Nib","Oddly Smooth Stone","Golden Idol"],"potions_floor_usage":[7,10,16],"damage_taken":[{"damage":10,"enemies":"Small Slimes","floor":1,"turns":3},{"damage":13,"enemies":"Jaw Worm","floor":2,"turns":5},{"damage":0,"enemies":"2 Louse","floor":3,"turns":3},{"damage":40,"enemies":"Lagavulin","floor":7,"turns":4},{"damage":8,"enemies":"2 Fungi Beasts","floor":8,"turns":4},{"damage":8,"enemies":"Gremlin Nob","floor":10,"turns":3},{"damage":56,"enemies":"Hexaghost","floor":16,"turns":11}],"seed_played":"-7841004247766787203","potions_obtained":[{"floor":2,"key":"FearPotion"},{"floor":3,"key":"Strength Potion"},{"floor":10,"key":"GamblersBrew"}],"is_trial":false,"path_per_floor":["M","M","M","$","?","R","E","M","T","E","$","?","$","?","R","B"],"character_chosen":"IRONCLAD","items_purchased":["Armaments"],"campfire_rested":0,"item_purchase_floors":[13],"current_hp_per_floor":[78,71,77,77,70,70,36,34,34,32,32,54,54,54,54,0],"gold":19,"neow_bonus":"TWENTY_PERCENT_HP_BONUS","is_prod":false,"is_daily":false,"chose_seed":false,"campfire_upgraded":2,"win_rate":0,"timestamp":1565889201,"path_taken":["M","M","M","$","?","R","E","M","T","E","$","?","$","?","R","BOSS"],"build_version":"2019-07-17","purchased_purges":2,"victory":false,"max_hp_per_floor":[89,89,89,89,89,89,89,89,89,89,89,89,86,78,78,78],"card_choices":[{"not_picked":["True Grit","Pommel Strike"],"picked":"Headbutt","floor":1},{"not_picked":["Rupture","Bloodletting","Intimidate"],"picked":"SKIP","floor":2},{"not_picked":["True Grit","Pummel"],"picked":"Twin Strike","floor":3},{"not_picked":["Sword Boomerang","Dual Wield"],"picked":"Whirlwind","floor":7},{"not_picked":["Havoc","Sword Boomerang"],"picked":"Battle Trance","floor":8},{"not_picked":["Headbutt","Dropkick"],"picked":"Iron Wave","floor":10}],"player_experience":560816,"relics_obtained":[{"floor":7,"key":"PreservedInsect"},{"floor":9,"key":"Pen Nib"},{"floor":10,"key":"Oddly Smooth Stone"}],"event_choices":[{"cards_removed":["Strike_R"],"damage_healed":0,"gold_gain":0,"player_choice":"Card Removal","damage_taken":7,"max_hp_gain":0,"max_hp_loss":0,"event_name":"Golden Wing","floor":5,"gold_loss":0},{"damage_healed":22,"gold_gain":0,"player_choice":"Healed and dodged fight","damage_taken":0,"max_hp_gain":0,"max_hp_loss":0,"event_name":"Mushrooms","floor":12,"gold_loss":0,"cards_obtained":["Parasite"]},{"damage_healed":0,"gold_gain":0,"player_choice":"Lose Max HP","damage_taken":0,"relics_obtained":["Golden Idol"],"max_hp_gain":0,"max_hp_loss":8,"event_name":"Golden Idol","floor":14,"gold_loss":0}],"is_beta":false,"boss_relics":[],"items_purged_floors":[4,13],"is_endless":false,"potions_floor_spawned":[2,3,10],"killed_by":"Hexaghost","ascension_level":20}