{"gold_per_floor":[115,134,15,15,30,59,59,59,59,11,40],"floor_reached":11,"playtime":646,"items_purged":[],"score":81,"play_id":"1fcf7f0a-aae0-4ba1-a5d0-a4755e1f0c79","local_time":"20190825122105","is_ascension_mode":false,"campfire_choices":[{"floor":8,"key":"REST"}],"neow_cost":"NONE","seed_source_timestamp":142546602934033,"circlet_count":0,"master_deck":["Strike_B","Strike_B","Strike_B","Strike_B","Defend_B","Defend_B","Defend_B+1","Defend_B","Zap+1","Dualcast","Self Repair","Hello World","Loop","Hologram","Rebound","Cold Snap","Electrodynamics"],"relics":["Cracked Core","Ginger","WingedGreaves","Pen Nib"],"potions_floor_usage":[6,11],"damage_taken":[{"damage":8,"enemies":"2 Louse","floor":1,"turns":3},{"damage":1,"enemies":"Jaw Worm","floor":2,"turns":4},{"damage":2,"enemies":"Cultist","floor":5,"turns":4},{"damage":32,"enemies":"3 Sentries","floor":6,"turns":5},{"damage":54,"enemies":"Gremlin Nob","floor":11,"turns":6}],"seed_played":"4718254131153978177","potions_obtained":[{"floor":1,"key":"EntropicBrew"},{"floor":5,"key":"LiquidBronze"}],"is_trial":false,"path_per_floor":["M","M","$","?","M","E","?","R","T","$","E"],"character_chosen":"DEFECT","items_purchased":["Loop","Hologram","Dexterity Potion"],"campfire_rested":1,"item_purchase_floors":[3,3,10],"current_hp_per_floor":[74,80,80,64,69,37,37,61,61,61,7],"gold":40,"neow_bonus":"TEN_PERCENT_HP_BONUS","is_prod":false,"is_daily":false,"chose_seed":false,"campfire_upgraded":0,"win_rate":0.0,"timestamp":1566728465,"path_taken":["M","M","$","?","M","E","?","R","T","$","E"],"build_version":"2019-06-28","purchased_purges":0,"victory":false,"max_hp_per_floor":[82,82,82,82,82,82,82,82,82,82,82],"card_choices":[{"not_picked":["Hologram","Barrage"],"picked":"Self Repair","floor":1},{"not_picked":["Reprogram","Sweeping Beam"],"picked":"Hello World","floor":2},{"not_picked":["Scrape","Static Discharge"],"picked":"Rebound","floor":5},{"not_picked":["Leap","Static Discharge"],"picked":"Cold Snap","floor":6},{"not_picked":["Hologram","Seek"],"picked":"Electrodynamics","floor":11}],"player_experience":54358,"relics_obtained":[{"floor":6,"key":"Ginger"},{"floor":9,"key":"WingedGreaves"},{"floor":11,"key":"Pen Nib"}],"event_choices":[{"damage_healed":0,"gold_gain":0,"player_choice":"Entered Light","damage_taken":16,"max_hp_gain":0,"max_hp_loss":0,"event_name":"Shining Light","floor":4,"gold_loss":0,"cards_upgraded":["Defend_B","Zap"]},{"damage_healed":0,"gold_gain":0,"player_choice":"Fled","damage_taken":0,"max_hp_gain":0,"max_hp_loss":0,"event_name":"Scrap Ooze","floor":7,"gold_loss":0}],"is_beta":true,"boss_relics":[],"items_purged_floors":[],"is_endless":false,"potions_floor_spawned":[1,5],"killed_by":"Gremlin Nob","ascension_level":0}