{"gold_per_floor":[113,288,288,312,312,312,326,21,21,0,21,39,39,63,63,191,191,215,229,229,242,24,24,57,77,122,161,182,182,197,197,197,197],"floor_reached":33,"playtime":1794,"items_purged":[],"score":469,"play_id":"cd5a07b5-ea41-455c-9ece-999295b86533","local_time":"20190825180910","daily_mods":["Cursed Run","Diverse","Lethality"],"is_ascension_mode":true,"campfire_choices":[{"data":"Bash","floor":6,"key":"SMITH"},{"data":"Armaments","floor":13,"key":"SMITH"},{"data":"Thinking Ahead","floor":15,"key":"SMITH"},{"floor":23,"key":"REST"},{"data":"Infinite Blades","floor":29,"key":"SMITH"},{"floor":32,"key":"REST"}],"neow_cost":"","seed_source_timestamp":143207752385885,"circlet_count":0,"master_deck":["Strike_R","Strike_R","Strike_R","Strike_R","Strike_R","Defend_R","Defend_R","Defend_R","Defend_R","Bash+1","Sword Boomerang+1","Doubt","Injury","Wild Strike","Armaments+1","Thinking Ahead+1","Dramatic Entrance","Clumsy","Fire Breathing","Melter","Outmaneuver","Regret","Limit Break","Perfected Strike+1","Power Through+1","Cloak And Dagger","Dramatic Entrance","Glacier","Pommel Strike","Pain","Flying Knee","Infinite Blades+1","Feed","RitualDagger"],"relics":["Cursed Key","Darkstone Periapt","Du-Vu Doll","Golden Idol","Potion Belt","Mark of Pain","PreservedInsect","Ancient Tea Set","Ornamental Fan"],"potions_floor_usage":[16,16,16,21,24,24,24,24,27,30,33],"damage_taken":[{"damage":8,"enemies":"Small Slimes","floor":1,"turns":2},{"damage":9,"enemies":"Jaw Worm","floor":4,"turns":2},{"damage":0,"enemies":"Cultist","floor":7,"turns":1},{"damage":0,"enemies":"Blue Slaver","floor":11,"turns":2},{"damage":0,"enemies":"Lots of Slimes","floor":12,"turns":1},{"damage":8,"enemies":"Looter","floor":14,"turns":2},{"damage":47,"enemies":"Hexaghost","floor":16,"turns":5},{"damage":68,"enemies":"3 Byrds","floor":18,"turns":5},{"damage":16,"enemies":"Chosen","floor":19,"turns":2},{"damage":10,"enemies":"Snake Plant","floor":21,"turns":2},{"damage":14,"enemies":"Gremlin Leader","floor":24,"turns":3},{"damage":11,"enemies":"Cultist and Chosen","floor":25,"turns":3},{"damage":3,"enemies":"Slavers","floor":27,"turns":1},{"damage":0,"enemies":"3 Cultists","floor":28,"turns":3},{"damage":19,"enemies":"Snake Plant","floor":30,"turns":2},{"damage":89,"enemies":"Automaton","floor":33,"turns":6}],"seed_played":"3603971337597206537","potions_obtained":[{"floor":11,"key":"Block Potion"},{"floor":12,"key":"Block Potion"},{"floor":19,"key":"GamblersBrew"},{"floor":20,"key":"Explosive Potion"},{"floor":20,"key":"SteroidPotion"},{"floor":20,"key":"Regen Potion"},{"floor":24,"key":"Swift Potion"},{"floor":27,"key":"Dexterity Potion"}],"is_trial":true,"path_per_floor":["M","?","?","M","?","R","M","$","T","?","M","M","R","M","R","B",null,"M","M","?","M","$","R","E","M","T","E","M","R","M","?","R","B"],"character_chosen":"IRONCLAD","items_purchased":["Thinking Ahead","Dramatic Entrance","PowerPotion","Dramatic Entrance","BloodPotion","SkillPotion"],"campfire_rested":2,"item_purchase_floors":[8,8,8,22,22,22],"current_hp_per_floor":[72,78,84,75,75,75,75,75,81,81,81,81,81,73,73,32,104,36,20,20,15,15,46,58,47,53,50,50,50,31,25,58,0],"gold":197,"neow_bonus":"","is_prod":false,"is_daily":false,"chose_seed":false,"campfire_upgraded":4,"win_rate":0,"timestamp":1566749350,"path_taken":["M","?","?","M","?","R","M","$","T","?","M","?","R","M","R","BOSS","M","M","?","?","$","R","E","M","T","E","M","R","M","?","R","BOSS"],"build_version":"2019-06-28","purchased_purges":0,"victory":false,"max_hp_per_floor":[80,86,92,92,92,92,92,92,98,98,98,98,98,98,98,104,104,104,104,104,104,104,104,104,104,110,110,110,110,110,110,110,110],"card_choices":[{"not_picked":["Flying Knee","Sucker Punch"],"picked":"Sword Boomerang","floor":1},{"not_picked":["Pommel Strike","Clothesline"],"picked":"Wild Strike","floor":4},{"not_picked":["Iron Wave","All Out Attack"],"picked":"Armaments","floor":7},{"not_picked":["Exhume","Go for the Eyes"],"picked":"Fire Breathing","floor":11},{"not_picked":["Calculated Gamble","Footwork"],"picked":"Melter","floor":12},{"not_picked":["Beam Cell","Aggregate"],"picked":"Outmaneuver","floor":14},{"not_picked":["Double Tap","Dark Embrace"],"picked":"Limit Break","floor":16},{"not_picked":["Barrage","Beam Cell+1"],"picked":"Perfected Strike+1","floor":18},{"not_picked":["Shrug It Off","Steam"],"picked":"Power Through+1","floor":19},{"not_picked":["Storm","Acrobatics"],"picked":"Cloak And Dagger","floor":21},{"not_picked":["BootSequence","Double Energy"],"picked":"Glacier","floor":24},{"not_picked":["Hologram","Leap"],"picked":"Pommel Strike","floor":25},{"not_picked":["Wild Strike+1","Tempest"],"picked":"Flying Knee","floor":27},{"not_picked":["Hologram+1","Bane"],"picked":"Infinite Blades","floor":28},{"not_picked":["PiercingWail","Stack+1"],"picked":"Feed","floor":30}],"player_experience":66964,"relics_obtained":[{"floor":9,"key":"Potion Belt"},{"floor":24,"key":"PreservedInsect"},{"floor":26,"key":"Ancient Tea Set"},{"floor":27,"key":"Ornamental Fan"}],"event_choices":[{"damage_healed":0,"gold_gain":175,"player_choice":"AGREE","damage_taken":0,"max_hp_gain":0,"max_hp_loss":0,"event_name":"Liars Game","floor":2,"gold_loss":0,"cards_obtained":["Doubt"]},{"damage_healed":0,"gold_gain":0,"player_choice":"Take Wound","damage_taken":0,"relics_obtained":["Golden Idol"],"max_hp_gain":0,"max_hp_loss":0,"event_name":"Golden Idol","floor":3,"gold_loss":0,"cards_obtained":["Injury"]},{"damage_healed":0,"gold_gain":0,"player_choice":"Grow","damage_taken":0,"max_hp_gain":0,"max_hp_loss":0,"event_name":"Living Wall","floor":5,"gold_loss":0,"cards_upgraded":["Sword Boomerang"]},{"damage_healed":0,"gold_gain":0,"player_choice":"Left Gold","damage_taken":0,"max_hp_gain":0,"max_hp_loss":0,"event_name":"World of Goop","floor":10,"gold_loss":21},{"damage_healed":0,"gold_gain":0,"player_choice":"Got Potions","damage_taken":0,"max_hp_gain":0,"max_hp_loss":0,"event_name":"Lab","floor":20,"gold_loss":0},{"damage_healed":0,"gold_gain":0,"player_choice":"Joined the Cult","damage_taken":6,"max_hp_gain":0,"max_hp_loss":0,"event_name":"Nest","floor":31,"gold_loss":0,"cards_obtained":["RitualDagger"]}],"is_beta":true,"boss_relics":[{"not_picked":["Philosopher\u0027s Stone","Eternal Feather"],"picked":"Mark of Pain"}],"items_purged_floors":[],"is_endless":false,"potions_floor_spawned":[11,12,19,24,27],"killed_by":"Automaton","ascension_level":1}