{"gold_per_floor":[112,112,31,44,54,54,84,84,84,95,110,135,135,151,151,255,255,275,47,74,74,87,115,115,133,133,133,164,164],"floor_reached":29,"playtime":2020,"items_purged":["Defend_R"],"score":314,"play_id":"d0cc136f-60e8-4af1-a46e-2a6c74eabcb7","local_time":"20190815130307","is_ascension_mode":true,"campfire_choices":[{"data":"Double Tap","floor":6,"key":"SMITH"},{"data":"Feel No Pain","floor":13,"key":"SMITH"},{"data":"Burning Pact","floor":15,"key":"SMITH"},{"data":"Uppercut","floor":24,"key":"SMITH"},{"data":"Barricade","floor":27,"key":"SMITH"}],"neow_cost":"NONE","seed_source_timestamp":101984412335725,"circlet_count":0,"master_deck":["Strike_R+1","Strike_R+1","Strike_R+1","Defend_R+1","Defend_R+1","Defend_R+1","Bash+1","Iron Wave+1","Double Tap+1","Shockwave","Feel No Pain+1","Power Through","Offering","Burning Pact+1","Exhume","Second Wind","Uppercut+1","Sentinel","Evolve","Barricade+1","Bloodletting+1","Sentinel"],"relics":["Burning Blood","Singing Bowl","Whetstone","Ancient Tea Set","Orrery","Anchor","Ginger","Mummified Hand","Blood Vial"],"potions_floor_usage":[7,16,18,22,23,23,29],"damage_taken":[{"damage":11,"enemies":"Jaw Worm","floor":1,"turns":6},{"damage":0,"enemies":"Cultist","floor":4,"turns":3},{"damage":4,"enemies":"Small Slimes","floor":5,"turns":3},{"damage":18,"enemies":"Lagavulin","floor":7,"turns":7},{"damage":0,"enemies":"3 Louse","floor":10,"turns":5},{"damage":0,"enemies":"Large Slime","floor":11,"turns":7},{"damage":17,"enemies":"3 Sentries","floor":12,"turns":11},{"damage":4,"enemies":"2 Fungi Beasts","floor":14,"turns":4},{"damage":25,"enemies":"Slime Boss","floor":16,"turns":11},{"damage":37,"enemies":"2 Thieves","floor":18,"turns":4},{"damage":6,"enemies":"3 Byrds","floor":22,"turns":9},{"damage":23,"enemies":"Slavers","floor":23,"turns":10},{"damage":22,"enemies":"3 Cultists","floor":25,"turns":9},{"damage":25,"enemies":"Book of Stabbing","floor":28,"turns":7},{"damage":18,"enemies":"Shelled Parasite and Fungi","floor":29,"turns":3}],"seed_played":"3900096157585266022","potions_obtained":[{"floor":4,"key":"PowerPotion"},{"floor":5,"key":"Strength Potion"},{"floor":11,"key":"Energy Potion"},{"floor":14,"key":"Fire Potion"},{"floor":16,"key":"Fire Potion"},{"floor":18,"key":"Weak Potion"},{"floor":22,"key":"Dexterity Potion"}],"is_trial":false,"path_per_floor":["M","?","$","M","M","R","E","?","T","M","M","E","R","M","R","B",null,"M","$","T","?","M","E","R","M","T","R","E","M"],"character_chosen":"IRONCLAD","items_purchased":["Double Tap","Sentinel","Evolve"],"campfire_rested":0,"item_purchase_floors":[3,19,19],"current_hp_per_floor":[75,75,75,80,80,80,68,68,68,76,82,73,73,75,75,56,90,61,61,61,61,63,46,46,30,30,30,11,0],"gold":164,"neow_bonus":"UPGRADE_CARD","is_prod":false,"is_daily":false,"chose_seed":false,"campfire_upgraded":5,"win_rate":0,"timestamp":1565841787,"path_taken":["M","?","?","M","M","R","E","?","T","M","M","E","R","M","R","BOSS","M","$","?","?","M","E","R","M","T","R","E","M"],"build_version":"2019-07-17","purchased_purges":1,"victory":false,"max_hp_per_floor":[80,80,80,80,80,80,80,80,80,82,82,84,84,84,84,84,90,92,92,92,92,94,94,94,94,94,94,94,94],"card_choices":[{"not_picked":["Havoc","Battle Trance"],"picked":"Iron Wave","floor":1},{"not_picked":["Headbutt","Flex"],"picked":"Shockwave","floor":4},{"not_picked":["Rage","Headbutt"],"picked":"Feel No Pain","floor":5},{"not_picked":["True Grit","Clash"],"picked":"Power Through","floor":7},{"not_picked":["Twin Strike","Fire Breathing","Sword Boomerang"],"picked":"Singing Bowl","floor":10},{"not_picked":["Inflame","Pommel Strike"],"picked":"Offering","floor":11},{"not_picked":["Armaments","Inflame","Pommel Strike"],"picked":"Singing Bowl","floor":12},{"not_picked":["Ghostly Armor","Intimidate"],"picked":"Burning Pact","floor":14},{"not_picked":["Demon Form","Reaper"],"picked":"Exhume","floor":16},{"not_picked":["Cleave","Wild Strike","Iron Wave"],"picked":"Singing Bowl","floor":17},{"not_picked":["Shrug It Off","Searing Blow"],"picked":"Second Wind","floor":17},{"not_picked":["Fire Breathing","Metallicize"],"picked":"Uppercut","floor":17},{"not_picked":["Shrug It Off","Thunderclap","Iron Wave"],"picked":"Singing Bowl","floor":17},{"not_picked":["Whirlwind","Infernal Blade","Combust"],"picked":"Singing Bowl","floor":17},{"not_picked":["Pommel Strike","Whirlwind","Shockwave"],"picked":"Singing Bowl","floor":18},{"not_picked":["Thunderclap","Pommel Strike","Shrug It Off"],"picked":"Singing Bowl","floor":22},{"not_picked":["Whirlwind","Flex"],"picked":"Barricade","floor":23},{"not_picked":["True Grit","Clothesline"],"picked":"Bloodletting+1","floor":25},{"not_picked":["Flame Barrier+1","Warcry"],"picked":"Sentinel","floor":28}],"player_experience":120033,"relics_obtained":[{"floor":7,"key":"Singing Bowl"},{"floor":9,"key":"Whetstone"},{"floor":12,"key":"Ancient Tea Set"},{"floor":20,"key":"Anchor"},{"floor":23,"key":"Ginger"},{"floor":26,"key":"Mummified Hand"},{"floor":28,"key":"Blood Vial"}],"event_choices":[{"cards_removed":["Strike_R"],"damage_healed":0,"gold_gain":0,"player_choice":"Offered Basic","damage_taken":0,"max_hp_gain":0,"max_hp_loss":0,"event_name":"Bonfire Elementals","floor":2,"gold_loss":0},{"cards_removed":["Strike_R"],"damage_healed":0,"gold_gain":0,"player_choice":"Card Removal","damage_taken":0,"max_hp_gain":0,"max_hp_loss":0,"event_name":"Wheel of Change","floor":8,"gold_loss":0},{"damage_healed":0,"gold_gain":0,"player_choice":"Simplicity","damage_taken":0,"max_hp_gain":0,"max_hp_loss":0,"event_name":"Back to Basics","floor":21,"gold_loss":0,"cards_upgraded":["Strike_R","Strike_R","Defend_R","Defend_R","Defend_R"]}],"is_beta":false,"boss_relics":[{"not_picked":["Runic Dome","Ectoplasm"],"picked":"Orrery"}],"items_purged_floors":[19],"is_endless":false,"potions_floor_spawned":[4,5,11,14,16,18,22],"killed_by":"Shelled Parasite and Fungi","ascension_level":3}