{"gold_per_floor":[115,265,265,277,288,288,288,288,363,363,377,377,57,27,27,27],"floor_reached":16,"playtime":422,"items_purged":["Doubt"],"score":176,"play_id":"3eaf85e5-c3fa-48c9-bf73-0129d1f60040","local_time":"20190807173809","is_ascension_mode":true,"campfire_choices":[{"floor":6,"key":"REST"},{"data":"Zap","floor":8,"key":"SMITH"},{"data":"Panache","floor":12,"key":"SMITH"},{"floor":15,"key":"RECALL"}],"neow_cost":"PERCENT_DAMAGE","seed_source_timestamp":482899002842121,"circlet_count":0,"master_deck":["AscendersBane","Strike_B+1","Strike_B","Strike_B","Strike_B","Defend_B","Defend_B","Defend_B","Defend_B","Zap+1","Dualcast","Trip+1","Panache+1","Cold Snap","Leap","Sweeping Beam","Ball Lightning","Hello World"],"relics":["Cracked Core","WarpedTongs","Regal Pillow"],"potions_floor_usage":[4,11,16,16],"damage_taken":[{"damage":10,"enemies":"2 Louse","floor":1,"turns":2},{"damage":11,"enemies":"Small Slimes","floor":4,"turns":3},{"damage":13,"enemies":"Cultist","floor":5,"turns":4},{"damage":0,"enemies":"Looter","floor":11,"turns":4},{"damage":22,"enemies":"Hexaghost","floor":16,"turns":8}],"seed_played":"-8721066174311055769","potions_obtained":[{"floor":1,"key":"SkillPotion"},{"floor":5,"key":"Swift Potion"},{"floor":14,"key":"Regen Potion"},{"floor":14,"key":"Weak Potion"}],"is_trial":false,"path_per_floor":["M","?","?","M","M","R","?","R","T","?","M","R","$","?","R","B"],"character_chosen":"DEFECT","items_purchased":["Regal Pillow","Hello World"],"campfire_rested":1,"item_purchase_floors":[13,13],"current_hp_per_floor":[36,36,36,25,12,33,26,26,26,5,5,5,5,5,5,0],"gold":27,"neow_bonus":"RANDOM_COLORLESS_2","is_prod":false,"is_daily":false,"chose_seed":false,"campfire_upgraded":2,"win_rate":0,"timestamp":1565224689,"path_taken":["M","?","?","?","M","R","?","R","T","?","M","R","$","?","R","BOSS"],"build_version":"2019-07-18","purchased_purges":1,"victory":false,"max_hp_per_floor":[71,71,71,71,71,71,71,71,71,71,71,71,71,71,71,71],"card_choices":[{"not_picked":["Rip and Tear","Steam"],"picked":"Cold Snap","floor":1},{"not_picked":["BootSequence","Barrage"],"picked":"Leap","floor":4},{"not_picked":["Aggregate","Beam Cell"],"picked":"Sweeping Beam","floor":5},{"not_picked":["Rip and Tear","Genetic Algorithm"],"picked":"Ball Lightning","floor":11}],"player_experience":2884770,"relics_obtained":[],"event_choices":[{"damage_healed":0,"gold_gain":150,"player_choice":"AGREE","damage_taken":0,"max_hp_gain":0,"max_hp_loss":0,"event_name":"Liars Game","floor":2,"gold_loss":0,"cards_obtained":["Doubt"]},{"damage_healed":0,"gold_gain":0,"player_choice":"Rummage","damage_taken":0,"relics_obtained":["WarpedTongs"],"max_hp_gain":0,"max_hp_loss":0,"event_name":"Accursed Blacksmith","floor":3,"gold_loss":0,"cards_obtained":["Pain"]},{"cards_removed":["Pain"],"damage_healed":0,"gold_gain":0,"player_choice":"Card Removal","damage_taken":7,"max_hp_gain":0,"max_hp_loss":0,"event_name":"Golden Wing","floor":7,"gold_loss":0},{"damage_healed":0,"gold_gain":0,"player_choice":"Entered Light","damage_taken":21,"max_hp_gain":0,"max_hp_loss":0,"event_name":"Shining Light","floor":10,"gold_loss":0,"cards_upgraded":["Trip","Strike_B"]},{"damage_healed":0,"gold_gain":0,"player_choice":"Bought 2 Potions","damage_taken":0,"max_hp_gain":0,"max_hp_loss":0,"event_name":"The Woman in Blue","floor":14,"gold_loss":0}],"is_beta":true,"boss_relics":[],"items_purged_floors":[13],"is_endless":false,"potions_floor_spawned":[1,5],"killed_by":"Hexaghost","ascension_level":20}