{"gold_per_floor":[112,287,305,322,247,247,277,277,277,292,325,325,371,62,62,157,157,169,184,15,15,15,15,49,349,376,407,424,459,470,470,470,571,571,591,591,607,622,636,636,661,661,661,679,679,43,43,43,43,43],"floor_reached":51,"playtime":1566,"items_purged":["Doubt","Rebound+1"],"score":1187,"play_id":"1563cba5-9ced-4a22-9bd3-f9f049063cbb","local_time":"20190303141625","is_ascension_mode":true,"campfire_choices":[{"data":"Zap","floor":6,"key":"SMITH"},{"data":"Buffer","floor":8,"key":"SMITH"},{"floor":12,"key":"DIG"},{"floor":15,"key":"DIG"},{"floor":23,"key":"DIG"},{"floor":25,"key":"DIG"},{"floor":32,"key":"REST"},{"floor":40,"key":"REST"},{"floor":42,"key":"REST"},{"floor":49,"key":"DIG"}],"neow_cost":"NONE","seed_source_timestamp":1072093900763163,"circlet_count":0,"master_deck":["AscendersBane","Zap+1","Dualcast","Sweeping Beam","Rip and Tear","Buffer+1","Coolheaded","Ball Lightning+1","Biased Cognition","Cold Snap+1","Chill","Apotheosis+1","Conserve Battery+1","Tempest+1","Echo Form","Genetic Algorithm","Electrodynamics","Coolheaded","Steam","Creative AI","Gash+1","Meteor Strike+1","All For One+1","Coolheaded+1","Leap+1","Defragment","Writhe"],"relics":["Cracked Core","Torii","Bottled Lightning","Shovel","Regal Pillow","Anchor","Molten Egg 2","Mercury Hourglass","Fusion Hammer","Vajra","Symbiotic Virus","Old Coin","Happy Flower","Art of War","Peace Pipe","Pandora\u0027s Box","Lantern","PreservedInsect","Oddly Smooth Stone","Turnip","Orichalcum"],"potions_floor_usage":[4,11,18,24,29,31,41,50,50],"damage_taken":[{"damage":6,"enemies":"2 Louse","floor":1,"turns":3},{"damage":7,"enemies":"Jaw Worm","floor":3,"turns":4},{"damage":0,"enemies":"Cultist","floor":4,"turns":2},{"damage":20,"enemies":"Lagavulin","floor":7,"turns":6},{"damage":7,"enemies":"2 Fungi Beasts","floor":10,"turns":3},{"damage":0,"enemies":"Gremlin Nob","floor":11,"turns":4},{"damage":7,"enemies":"The Guardian","floor":16,"turns":11},{"damage":0,"enemies":"2 Thieves","floor":18,"turns":3},{"damage":0,"enemies":"3 Byrds","floor":19,"turns":4},{"damage":1,"enemies":"Book of Stabbing","floor":24,"turns":5},{"damage":0,"enemies":"Gremlin Leader","floor":27,"turns":7},{"damage":7,"enemies":"3 Cultists","floor":28,"turns":4},{"damage":29,"enemies":"Slavers","floor":29,"turns":6},{"damage":0,"enemies":"Snecko","floor":30,"turns":4},{"damage":0,"enemies":"Colosseum Slavers","floor":31,"turns":3},{"damage":19,"enemies":"Champ","floor":33,"turns":11},{"damage":0,"enemies":"3 Shapes","floor":35,"turns":3},{"damage":1,"enemies":"Orb Walker","floor":37,"turns":3},{"damage":23,"enemies":"Maw","floor":38,"turns":7},{"damage":24,"enemies":"4 Shapes","floor":39,"turns":4},{"damage":44,"enemies":"Reptomancer","floor":41,"turns":6},{"damage":0,"enemies":"Sphere and 2 Shapes","floor":44,"turns":4},{"damage":31,"enemies":"Awakened One","floor":50,"turns":12}],"seed_played":"3730185015196108789","potions_obtained":[{"floor":3,"key":"SkillPotion"},{"floor":10,"key":"LiquidBronze"},{"floor":16,"key":"Energy Potion"},{"floor":19,"key":"Weak Potion"},{"floor":28,"key":"Energy Potion"},{"floor":29,"key":"Explosive Potion"},{"floor":33,"key":"Poison Potion"},{"floor":37,"key":"GamblersBrew"},{"floor":44,"key":"Block Potion"}],"is_trial":false,"path_per_floor":["M","?","M","M","$","R","E","R","T","M","E","R","T","$","R","B",null,"M","M","$","?","$","R","E","R","T","E","M","E","M","?","R","B",null,"M","?","M","M","M","R","E","R","T","M","?","$","?","?","R","B",null],"character_chosen":"DEFECT","items_purchased":["Molten Egg 2","Ball Lightning+1","Apotheosis","Defragment","Oddly Smooth Stone","Turnip"],"campfire_rested":3,"item_purchase_floors":[14,14,20,46,46,46],"current_hp_per_floor":[62,62,55,55,55,55,35,35,35,28,28,28,28,28,28,21,62,62,62,62,62,62,62,61,61,61,61,54,25,25,25,62,43,67,67,67,66,43,19,56,12,49,49,49,49,49,68,68,68,37],"gold":43,"neow_bonus":"REMOVE_CARD","is_prod":false,"is_daily":false,"chose_seed":false,"campfire_upgraded":2,"win_rate":0,"timestamp":1551640585,"path_taken":["M","?","M","M","$","R","E","R","T","M","E","R","?","$","R","BOSS","M","M","$","?","?","R","E","R","T","E","M","E","M","?","R","BOSS","M","?","?","M","M","R","E","R","T","M","?","$","?","?","R","BOSS"],"build_version":"2019-01-23","purchased_purges":2,"victory":true,"max_hp_per_floor":[75,75,75,75,75,75,75,75,75,75,75,75,75,75,75,75,75,75,75,75,75,75,75,75,75,75,75,75,75,75,75,75,75,75,75,75,75,75,75,75,75,75,75,75,75,75,75,75,75,75],"card_choices":[{"not_picked":["Coolheaded","Steam"],"picked":"Sweeping Beam","floor":1},{"not_picked":["Hologram","Coolheaded"],"picked":"Rip and Tear","floor":3},{"not_picked":["Aggregate","Redo","Chaos"],"picked":"SKIP","floor":4},{"not_picked":["Stack","Sweeping Beam"],"picked":"Buffer","floor":7},{"not_picked":["Scrape","Darkness"],"picked":"Coolheaded","floor":10},{"not_picked":["Compile Driver","Rebound","Force Field"],"picked":"SKIP","floor":11},{"not_picked":["Fission","Rainbow"],"picked":"Biased Cognition","floor":16},{"not_picked":["Ball Lightning+1","Fusion"],"picked":"Cold Snap+1","floor":18},{"not_picked":["Compile Driver+1","Redo+1"],"picked":"Chill","floor":19},{"not_picked":["Skim+1","Streamline+1"],"picked":"Conserve Battery+1","floor":24},{"not_picked":["Aggregate+1","Gash+1"],"picked":"Tempest+1","floor":27},{"not_picked":["Sweeping Beam+1","Gash+1","Turbo+1"],"picked":"SKIP","floor":28},{"not_picked":["Streamline+1","Compile Driver+1"],"picked":"Echo Form","floor":29},{"not_picked":["Reinforced Body","Rebound+1"],"picked":"Genetic Algorithm","floor":30},{"not_picked":["Echo Form","Buffer"],"picked":"Electrodynamics","floor":33},{"not_picked":["Melter+1","Rebound+1"],"picked":"Coolheaded+1","floor":35},{"not_picked":["Compile Driver+1","Steam Power+1","Cold Snap+1"],"picked":"SKIP","floor":37},{"not_picked":["Stack+1","Turbo+1","Doom and Gloom+1"],"picked":"SKIP","floor":38},{"not_picked":["Gash+1","Beam Cell+1"],"picked":"Leap+1","floor":39},{"not_picked":["Creative AI","Melter+1","Beam Cell+1"],"picked":"SKIP","floor":41},{"not_picked":["Storm","Hello World+1","Beam Cell+1"],"picked":"SKIP","floor":44}],"player_experience":166000,"relics_obtained":[{"floor":7,"key":"Torii"},{"floor":9,"key":"Bottled Lightning"},{"floor":11,"key":"Shovel"},{"floor":12,"key":"Regal Pillow"},{"floor":13,"key":"Anchor"},{"floor":15,"key":"Mercury Hourglass"},{"floor":23,"key":"Vajra"},{"floor":24,"key":"Symbiotic Virus"},{"floor":25,"key":"Old Coin"},{"floor":26,"key":"Happy Flower"},{"floor":27,"key":"Art of War"},{"floor":29,"key":"Peace Pipe"},{"floor":41,"key":"Lantern"},{"floor":43,"key":"PreservedInsect"},{"floor":49,"key":"Orichalcum"}],"event_choices":[{"damage_healed":0,"gold_gain":175,"player_choice":"AGREE","damage_taken":0,"max_hp_gain":0,"max_hp_loss":0,"event_name":"Liars Game","floor":2,"gold_loss":0,"cards_obtained":["Doubt"]},{"damage_healed":0,"gold_gain":0,"player_choice":"Cursed","damage_taken":0,"max_hp_gain":0,"max_hp_loss":0,"event_name":"Wheel of Change","floor":21,"gold_loss":0,"cards_obtained":["Decay"]},{"damage_healed":0,"gold_gain":0,"player_choice":"Fight","damage_taken":0,"max_hp_gain":0,"max_hp_loss":0,"event_name":"Colosseum","floor":31,"gold_loss":0},{"damage_healed":0,"gold_gain":0,"player_choice":"Fled From Nobs","damage_taken":0,"max_hp_gain":0,"max_hp_loss":0,"event_name":"Colosseum","floor":31,"gold_loss":0},{"cards_removed":["Decay"],"damage_healed":0,"gold_gain":0,"player_choice":"Purged","damage_taken":0,"max_hp_gain":0,"max_hp_loss":0,"event_name":"Purifier","floor":36,"gold_loss":0},{"damage_healed":0,"gold_gain":0,"player_choice":"Ignored","damage_taken":0,"max_hp_gain":0,"max_hp_loss":0,"event_name":"Tomb of Lord Red Mask","floor":45,"gold_loss":0},{"damage_healed":19,"gold_gain":0,"player_choice":"Writhe","damage_taken":0,"max_hp_gain":0,"max_hp_loss":0,"event_name":"Winding Halls","floor":47,"gold_loss":0,"cards_obtained":["Writhe"]},{"damage_healed":0,"gold_gain":0,"player_choice":"Forge","damage_taken":0,"max_hp_gain":0,"max_hp_loss":0,"event_name":"Accursed Blacksmith","floor":48,"gold_loss":0,"cards_upgraded":["Apotheosis"]}],"is_beta":false,"boss_relics":[{"not_picked":["Coffee Dripper","Tiny House"],"picked":"Fusion Hammer"},{"not_picked":["Calling Bell","Empty Cage"],"picked":"Pandora\u0027s Box"}],"items_purged_floors":[5,46],"is_endless":false,"potions_floor_spawned":[3,10,16,19,28,29,31,33,37,44],"ascension_level":10}