{"gold_per_floor":[112,112,125,50,100,100,131,144,144,144,168,192,192,211,211,307,307,307],"floor_reached":18,"playtime":277,"items_purged":["Shame"],"score":292,"play_id":"e8860d46-acf0-4e26-b372-c1eff0b3092a","local_time":"20190416130054","is_ascension_mode":true,"campfire_choices":[{"data":"Immolate","floor":6,"key":"SMITH"},{"data":"Bash","floor":10,"key":"SMITH"},{"data":"Thunderclap","floor":13,"key":"SMITH"},{"data":"Anger","floor":15,"key":"SMITH"}],"neow_cost":"CURSE","seed_source_timestamp":501012564837349,"circlet_count":0,"master_deck":["AscendersBane","Strike_R","Strike_R","Strike_R","Strike_R","Strike_R","Defend_R","Defend_R","Defend_R","Defend_R","Bash+1","Immolate+1","Thunderclap+1","Anger+1","Reaper"],"relics":["Burning Blood","Golden Idol","Kunai","Matryoshka","Fusion Hammer"],"potions_floor_usage":[16,16],"damage_taken":[{"damage":0,"enemies":"2 Louse","floor":1,"turns":1},{"damage":5,"enemies":"Small Slimes","floor":3,"turns":2},{"damage":16,"enemies":"Gremlin Nob","floor":7,"turns":3},{"damage":1,"enemies":"Cultist","floor":8,"turns":3},{"damage":8,"enemies":"Blue Slaver","floor":11,"turns":2},{"damage":0,"enemies":"Large Slime","floor":12,"turns":3},{"damage":12,"enemies":"Looter","floor":14,"turns":3},{"damage":47,"enemies":"The Guardian","floor":16,"turns":12},{"damage":0,"enemies":"Spheric Guardian","floor":18,"turns":1}],"seed_played":"3513359448952573332","potions_obtained":[{"floor":7,"key":"Poison Potion"},{"floor":8,"key":"Dexterity Potion"},{"floor":11,"key":"Regen Potion"},{"floor":16,"key":"Explosive Potion"}],"is_trial":false,"path_per_floor":["M","?","M","$","?","R","E","M","T","R","M","M","R","M","R","B",null,"M"],"character_chosen":"IRONCLAD","items_purchased":[],"campfire_rested":0,"item_purchase_floors":[],"current_hp_per_floor":[74,48,49,49,49,49,39,44,44,44,42,48,48,42,42,16,60,60],"gold":307,"neow_bonus":"THREE_RARE_CARDS","is_prod":false,"is_daily":false,"chose_seed":false,"campfire_upgraded":4,"win_rate":0,"timestamp":1555434054,"path_taken":["M","?","M","$","?","R","E","M","T","R","M","M","R","?","R","BOSS","M"],"build_version":"2019-01-23","purchased_purges":1,"victory":false,"max_hp_per_floor":[75,75,75,75,75,75,75,75,75,75,75,75,75,75,75,75,75,75],"card_choices":[{"not_picked":["Berserk","Barricade"],"picked":"Immolate","floor":0},{"not_picked":["Perfected Strike","Clothesline","Wild Strike"],"picked":"SKIP","floor":1},{"not_picked":["Warcry","Carnage","Exhume"],"picked":"SKIP","floor":3},{"not_picked":["Hemokinesis","Pummel","Warcry"],"picked":"SKIP","floor":7},{"not_picked":["Perfected Strike","Clothesline","Cleave"],"picked":"SKIP","floor":8},{"not_picked":["Pummel","Whirlwind","Evolve"],"picked":"SKIP","floor":11},{"not_picked":["Warcry","Rampage"],"picked":"Thunderclap","floor":12},{"not_picked":["Whirlwind","Warcry"],"picked":"Anger","floor":14},{"not_picked":["Exhume","Immolate"],"picked":"Reaper","floor":16}],"player_experience":299381,"relics_obtained":[{"floor":7,"key":"Kunai"},{"floor":9,"key":"Matryoshka"}],"event_choices":[{"damage_healed":0,"gold_gain":0,"player_choice":"Take Damage","damage_taken":26,"relics_obtained":["Golden Idol"],"max_hp_gain":0,"max_hp_loss":0,"event_name":"Golden Idol","floor":2,"gold_loss":0},{"damage_healed":0,"gold_gain":50,"player_choice":"Pray","damage_taken":0,"max_hp_gain":0,"max_hp_loss":0,"event_name":"Golden Shrine","floor":5,"gold_loss":0}],"is_beta":false,"boss_relics":[{"not_picked":["Philosopher\u0027s Stone","Calling Bell"],"picked":"Fusion Hammer"}],"items_purged_floors":[4],"is_endless":false,"potions_floor_spawned":[7,8,11,12,16],"killed_by":"Spheric Guardian","ascension_level":16}