{"gold_per_floor":[115,131,148,31,47,79,79,113,139,152,182,196,43,43,43,43],"floor_reached":16,"playtime":448,"items_purged":[],"score":257,"play_id":"c2a627d4-9dc4-4de1-b768-def1b9410447","local_time":"20190411190510","is_ascension_mode":true,"campfire_choices":[{"data":"Hyperbeam","floor":7,"key":"SMITH"},{"data":"Blizzard","floor":15,"key":"SMITH"}],"neow_cost":"NONE","seed_source_timestamp":90667392241727,"circlet_count":0,"master_deck":["AscendersBane","Strike_B","Strike_B","Strike_B","Strike_B","Defend_B","Defend_B","Defend_B","Defend_B","Zap","Dualcast","Hyperbeam+1","Glacier","Ball Lightning","Blizzard+1","Coolheaded","Loop","Self Repair","Defragment+1","Chill"],"relics":["Cracked Core","Thread and Needle","Happy Flower","Centennial Puzzle","Boot","PreservedInsect"],"potions_floor_usage":[8,12,16],"damage_taken":[{"damage":1,"enemies":"Cultist","floor":1,"turns":4},{"damage":2,"enemies":"Jaw Worm","floor":2,"turns":2},{"damage":0,"enemies":"2 Louse","floor":3,"turns":3},{"damage":9,"enemies":"2 Fungi Beasts","floor":5,"turns":2},{"damage":13,"enemies":"Lagavulin","floor":6,"turns":8},{"damage":0,"enemies":"3 Sentries","floor":8,"turns":1},{"damage":5,"enemies":"Red Slaver","floor":10,"turns":2},{"damage":5,"enemies":"Lagavulin","floor":11,"turns":7},{"damage":6,"enemies":"Large Slime","floor":12,"turns":6},{"damage":40,"enemies":"Hexaghost","floor":16,"turns":10}],"seed_played":"6842802055519069259","potions_obtained":[{"floor":0,"key":"Explosive Potion"},{"floor":0,"key":"SkillPotion"},{"floor":8,"key":"Fire Potion"}],"is_trial":false,"path_per_floor":["M","M","M","$","M","E","R","E","T","M","E","M","$","?","R","B"],"character_chosen":"DEFECT","items_purchased":["Blizzard","Coolheaded","PreservedInsect"],"campfire_rested":0,"item_purchase_floors":[4,4,13],"current_hp_per_floor":[63,61,61,61,52,39,39,39,39,34,36,37,37,37,37,0],"gold":43,"neow_bonus":"THREE_SMALL_POTIONS","is_prod":false,"is_daily":false,"chose_seed":false,"campfire_upgraded":2,"win_rate":0,"timestamp":1555023910,"path_taken":["M","M","M","$","M","E","R","E","T","?","E","M","$","?","R","BOSS"],"build_version":"2019-01-23","purchased_purges":0,"victory":false,"max_hp_per_floor":[71,71,71,71,71,71,71,71,71,71,71,71,71,71,71,71],"card_choices":[{"not_picked":["Streamline","Reinforced Body"],"picked":"Hyperbeam","floor":1},{"not_picked":["Barrage","Doom and Gloom"],"picked":"Glacier","floor":2},{"not_picked":["Sweeping Beam","Barrage"],"picked":"Ball Lightning","floor":3},{"not_picked":["Fusion","Stack"],"picked":"Loop","floor":5},{"not_picked":["Auto Shields","Beam Cell","Redo"],"picked":"SKIP","floor":6},{"not_picked":["Auto Shields","Darkness","Streamline"],"picked":"SKIP","floor":8},{"not_picked":["Beam Cell","Sunder"],"picked":"Self Repair","floor":10},{"not_picked":["Force Field","Compile Driver"],"picked":"Defragment","floor":11},{"not_picked":["Fusion","Leap"],"picked":"Chill","floor":12}],"player_experience":276099,"relics_obtained":[{"floor":6,"key":"Thread and Needle"},{"floor":8,"key":"Happy Flower"},{"floor":9,"key":"Centennial Puzzle"},{"floor":11,"key":"Boot"}],"event_choices":[{"damage_healed":0,"gold_gain":0,"player_choice":"Forge","damage_taken":0,"max_hp_gain":0,"max_hp_loss":0,"event_name":"Accursed Blacksmith","floor":14,"gold_loss":0,"cards_upgraded":["Defragment"]}],"is_beta":false,"boss_relics":[],"items_purged_floors":[],"is_endless":false,"potions_floor_spawned":[1,3,8,10],"killed_by":"Hexaghost","ascension_level":15}