{"gold_per_floor":[117,67,87,87,111,111,146,165,165,90,106,172,172,72,72,72],"floor_reached":16,"playtime":651,"items_purged":["Strike_R","Strike_R"],"score":130,"play_id":"20a39268-6274-4060-a119-27e4e51a06e9","local_time":"20190901203609","is_ascension_mode":true,"campfire_choices":[{"data":"Whirlwind","floor":6,"key":"SMITH"},{"data":"Flex","floor":13,"key":"SMITH"},{"floor":15,"key":"REST"}],"neow_cost":"NONE","seed_source_timestamp":509048688183145,"circlet_count":0,"master_deck":["Strike_R","Defend_R","Defend_R","Defend_R","Defend_R","Bash","Shockwave","Whirlwind+1","Flex+1","Thunderclap"],"relics":["Burning Blood","Golden Idol","Du-Vu Doll","Calipers","FossilizedHelix"],"potions_floor_usage":[7,12,12,12,12],"damage_taken":[{"damage":13,"enemies":"Small Slimes","floor":1,"turns":5},{"damage":0,"enemies":"2 Louse","floor":3,"turns":1},{"damage":15,"enemies":"Jaw Worm","floor":5,"turns":5},{"damage":25,"enemies":"3 Sentries","floor":7,"turns":5},{"damage":8,"enemies":"Blue Slaver","floor":8,"turns":5},{"damage":4,"enemies":"Large Slime","floor":11,"turns":4},{"damage":7,"enemies":"Gremlin Nob","floor":12,"turns":3},{"damage":57,"enemies":"Hexaghost","floor":16,"turns":9}],"seed_played":"-1383579975048725436","potions_obtained":[{"floor":1,"key":"Energy Potion"},{"floor":11,"key":"EntropicBrew"}],"is_trial":false,"path_per_floor":["M","?","M","?","M","R","E","M","T","$","M","?","R","$","R","B"],"character_chosen":"IRONCLAD","items_purchased":[],"campfire_rested":1,"item_purchase_floors":[],"current_hp_per_floor":[65,65,71,51,42,42,23,21,21,21,23,31,31,31,55,0],"gold":72,"neow_bonus":"TRANSFORM_CARD","is_prod":false,"is_daily":false,"chose_seed":false,"campfire_upgraded":2,"win_rate":0,"timestamp":1567362969,"path_taken":["M","?","M","?","M","R","E","M","T","$","M","?","R","?","R","BOSS"],"build_version":"2019-07-17","purchased_purges":2,"victory":false,"max_hp_per_floor":[80,80,80,80,80,80,80,80,80,80,80,80,80,80,80,80],"card_choices":[{"not_picked":["Reckless Charge","Pommel Strike"],"picked":"Whirlwind","floor":1},{"not_picked":["Sword Boomerang","Uppercut","Hemokinesis"],"picked":"SKIP","floor":3},{"not_picked":["Armaments","Burning Pact"],"picked":"Flex","floor":5},{"not_picked":["Perfected Strike","Feed","Bloodletting"],"picked":"SKIP","floor":7},{"not_picked":["Carnage","Intimidate"],"picked":"Thunderclap","floor":8},{"not_picked":["Thunderclap","Twin Strike","Sword Boomerang"],"picked":"SKIP","floor":11}],"player_experience":143530,"relics_obtained":[{"floor":7,"key":"Du-Vu Doll"},{"floor":9,"key":"Calipers"},{"floor":12,"key":"FossilizedHelix"}],"event_choices":[{"cards_removed":["Strike_R"],"damage_healed":0,"gold_gain":0,"player_choice":"Card Removal","damage_taken":0,"max_hp_gain":0,"max_hp_loss":0,"event_name":"The Cleric","floor":2,"gold_loss":50},{"damage_healed":0,"gold_gain":0,"player_choice":"Take Damage","damage_taken":20,"relics_obtained":["Golden Idol"],"max_hp_gain":0,"max_hp_loss":0,"event_name":"Golden Idol","floor":4,"gold_loss":0},{"damage_healed":0,"gold_gain":30,"player_choice":"Searched \u00272\u0027 times","damage_taken":0,"max_hp_gain":0,"max_hp_loss":0,"event_name":"Dead Adventurer","floor":12,"gold_loss":0}],"is_beta":false,"boss_relics":[],"items_purged_floors":[10,14],"is_endless":false,"potions_floor_spawned":[1,11],"killed_by":"Hexaghost","ascension_level":6}