{"gold_per_floor":[10,21,32,51,65,65,65,65,65,77,96,123,123,139,139,243,243,257,33,49,49,49,76,76,76,76,90,90,106,125,125,125,220,220,234,252,269,288,304,304,323,323,323,341,441,125,150,150],"floor_reached":48,"playtime":14355,"items_purged":["Regret"],"score":519,"play_id":"7619b344-b6fe-4df6-adab-d1e0eff98539","local_time":"20190825114306","is_ascension_mode":false,"campfire_choices":[{"floor":6.0,"key":"REST"},{"floor":8.0,"key":"REST"},{"floor":13.0,"key":"REST"},{"floor":15.0,"key":"REST"},{"floor":25.0,"key":"REST"},{"floor":32.0,"key":"REST"},{"floor":40.0,"key":"REST"},{"floor":42.0,"key":"REST"}],"neow_cost":"NO_GOLD","seed_source_timestamp":0,"circlet_count":0,"master_deck":["Strike_B+1","Strike_B","Strike_B","Strike_B","Defend_B","Defend_B","Defend_B","Defend_B","Dualcast","The Bomb","Dramatic Entrance","Streamline","Leap","Cold Snap","Coolheaded","Conserve Battery","Compile Driver","Glacier+1","Consume+1","Blizzard","Machine Learning","Cold Snap","Loop","The Bomb+1","Gash","Strike_R+1","Fission+1","Redo+1","Glacier+1","Hologram+1","Echo Form","Gash+1","Aggregate+1","Melter","Sweeping Beam","Capacitor+1","Parasite","Hologram+1","Coolheaded+1","Sweeping Beam+1","Coolheaded+1","Skim+1","Sweeping Beam","Rebound+1"],"special_seed":0,"relics":["Cracked Core","Toxic Egg 2","Torii","Nunchaku","Velvet Choker","Whetstone","MutagenicStrength","Pantograph","Cursed Key","Incense Burner","Unceasing Top","Anchor"],"potions_floor_usage":[47,47,47,48],"damage_taken":[{"damage":1.0,"enemies":"Cultist","floor":1.0,"turns":3.0},{"damage":8.0,"enemies":"Jaw Worm","floor":2.0,"turns":3.0},{"damage":9.0,"enemies":"2 Louse","floor":3.0,"turns":2.0},{"damage":15.0,"enemies":"Exordium Thugs","floor":4.0,"turns":3.0},{"damage":0.0,"enemies":"3 Louse","floor":5.0,"turns":2.0},{"damage":9.0,"enemies":"Exordium Wildlife","floor":10.0,"turns":6.0},{"damage":12.0,"enemies":"Large Slime","floor":11.0,"turns":4.0},{"damage":1.0,"enemies":"Lagavulin","floor":12.0,"turns":7.0},{"damage":2.0,"enemies":"Red Slaver","floor":14.0,"turns":3.0},{"damage":29.0,"enemies":"Hexaghost","floor":16.0,"turns":16.0},{"damage":0.0,"enemies":"Shell Parasite","floor":18.0,"turns":8.0},{"damage":0.0,"enemies":"Spheric Guardian","floor":20.0,"turns":6.0},{"damage":50.0,"enemies":"Slavers","floor":23.0,"turns":5.0},{"damage":9.0,"enemies":"Snake Plant","floor":27.0,"turns":7.0},{"damage":0.0,"enemies":"Centurion and Healer","floor":28.0,"turns":1.0},{"damage":6.0,"enemies":"3 Cultists","floor":29.0,"turns":4.0},{"damage":6.0,"enemies":"Shelled Parasite and Fungi","floor":30.0,"turns":6.0},{"damage":2.0,"enemies":"Snecko","floor":31.0,"turns":5.0},{"damage":18.0,"enemies":"Collector","floor":33.0,"turns":12.0},{"damage":1.0,"enemies":"Orb Walker","floor":35.0,"turns":4.0},{"damage":6.0,"enemies":"3 Darklings","floor":36.0,"turns":3.0},{"damage":8.0,"enemies":"Maw","floor":37.0,"turns":9.0},{"damage":45.0,"enemies":"Transient","floor":38.0,"turns":5.0},{"damage":16.0,"enemies":"Spire Growth","floor":39.0,"turns":4.0},{"damage":10.0,"enemies":"Writhing Mass","floor":41.0,"turns":9.0},{"damage":3.0,"enemies":"3 Darklings","floor":44.0,"turns":5.0},{"damage":22.0,"enemies":"Mind Bloom Boss Battle","floor":45.0,"turns":7.0},{"damage":36,"enemies":"Nemesis","floor":47,"turns":9},{"damage":23,"enemies":"Maw","floor":48,"turns":2}],"seed_played":"9080758966645826538","potions_obtained":[{"floor":3.0,"key":"Block Potion"},{"floor":10.0,"key":"Dexterity Potion"},{"floor":11.0,"key":"Block Potion"},{"floor":14.0,"key":"Ancient Potion"},{"floor":16.0,"key":"SmokeBomb"},{"floor":27.0,"key":"FairyPotion"},{"floor":29.0,"key":"Fire Potion"},{"floor":33.0,"key":"FearPotion"},{"floor":37.0,"key":"SkillPotion"},{"floor":41.0,"key":"AttackPotion"},{"floor":45.0,"key":"Swift Potion"},{"floor":47,"key":"Regen Potion"}],"is_trial":false,"path_per_floor":["M","M","M","M","M","R","?","R","T","M","M","E","R","M","R","B",null,"M","$","M","?","$","E","?","R","T","M","M","M","M","M","R","B",null,"M","M","M","M","M","R","M","R","T","M","?","$","E","M"],"character_chosen":"DEFECT","items_purchased":["Loop","The Bomb+1","EntropicBrew","Coolheaded+1","Skim+1","Sweeping Beam"],"campfire_rested":8,"item_purchase_floors":[19,19,46,46,46,46],"current_hp_per_floor":[74,66,57,42,42,64,39,61,61,52,40,39,61,59,75,46,75,75,75,75,75,75,25,25,47,47,38,38,32,26,24,46,53,75,74,68,60,15,7,29,19,41,41,38,41,41,5,0],"gold":150,"neow_bonus":"RANDOM_COLORLESS_2","is_prod":false,"is_daily":false,"chose_seed":false,"campfire_upgraded":0,"win_rate":0.0,"timestamp":1566726186,"path_taken":["M","?","M","M","M","R","?","R","T","M","M","E","R","M","R","BOSS","M","$","M","?","?","E","?","R","T","M","M","M","M","M","R","BOSS","M","M","M","M","M","R","M","R","T","M","?","$","E","M"],"build_version":"2019-06-28","purchased_purges":1,"victory":false,"max_hp_per_floor":[75,75,75,75,75,75,75,75,75,75,75,75,75,75,75,75,75,75,75,75,75,75,75,75,75,75,75,75,75,75,75,75,75,75,75,75,75,75,75,75,75,75,75,75,75,75,75,75],"card_choices":[{"not_picked":["Compile Driver","Ball Lightning"],"picked":"Streamline","floor":1.0},{"not_picked":["FTL","Tempest"],"picked":"Leap","floor":2.0},{"not_picked":["Static Discharge","Ball Lightning"],"picked":"Cold Snap","floor":3.0},{"not_picked":["Aggregate","Gash"],"picked":"Coolheaded","floor":4.0},{"not_picked":["Steam","Beam Cell"],"picked":"Conserve Battery","floor":5.0},{"not_picked":["Steam Power+1","Heatsinks"],"picked":"Compile Driver","floor":10.0},{"not_picked":["Melter","Sweeping Beam"],"picked":"Glacier+1","floor":11.0},{"not_picked":["Sweeping Beam","Barrage"],"picked":"Consume+1","floor":12.0},{"not_picked":["Go for the Eyes","Undo+1"],"picked":"Blizzard","floor":14.0},{"not_picked":["Reboot+1","Seek+1"],"picked":"Machine Learning","floor":16.0},{"not_picked":["Streamline","Sweeping Beam+1"],"picked":"Cold Snap","floor":18.0},{"not_picked":["Ball Lightning+1","Double Energy+1"],"picked":"Gash","floor":20.0},{"not_picked":["Rebound","Stack+1"],"picked":"Fission+1","floor":23.0},{"not_picked":["Heatsinks+1","Compile Driver+1"],"picked":"Redo+1","floor":27.0},{"not_picked":["Steam+1","Stack+1"],"picked":"Glacier+1","floor":29.0},{"not_picked":["Ball Lightning","Fusion+1"],"picked":"Hologram+1","floor":30.0},{"not_picked":["Ball Lightning+1","Thunder Strike","Reinforced Body+1"],"picked":"SKIP","floor":31.0},{"not_picked":["Fission+1","Amplify+1"],"picked":"Echo Form","floor":33.0},{"not_picked":["Streamline+1","Coolheaded+1"],"picked":"Gash+1","floor":35.0},{"not_picked":["Lockon+1","Storm"],"picked":"Aggregate+1","floor":36.0},{"not_picked":["Rip and Tear","Tempest+1"],"picked":"Melter","floor":37.0},{"not_picked":["Undo+1","Go for the Eyes"],"picked":"Sweeping Beam","floor":38.0},{"not_picked":["Rip and Tear","Double Energy+1"],"picked":"Capacitor+1","floor":39.0},{"not_picked":["Rip and Tear+1","Thunder Strike"],"picked":"Hologram+1","floor":41.0},{"not_picked":["Streamline","Go for the Eyes+1"],"picked":"Coolheaded+1","floor":44.0},{"not_picked":["Beam Cell+1","Machine Learning"],"picked":"Sweeping Beam+1","floor":45.0},{"not_picked":["Loop+1","Consume+1"],"picked":"Rebound+1","floor":47}],"player_experience":38641,"relics_obtained":[{"floor":9.0,"key":"Torii"},{"floor":12.0,"key":"Nunchaku"},{"floor":23.0,"key":"Whetstone"},{"floor":26.0,"key":"Pantograph"},{"floor":43.0,"key":"Incense Burner"},{"floor":45.0,"key":"Unceasing Top"},{"floor":47,"key":"Anchor"}],"event_choices":[{"damage_healed":0.0,"max_hp_gain":0.0,"max_hp_loss":0.0,"gold_gain":0.0,"event_name":"Scrap Ooze","player_choice":"Success","floor":7.0,"gold_loss":0.0,"damage_taken":25.0,"relics_obtained":["Toxic Egg 2"]},{"cards_removed":["Zap"],"damage_healed":0.0,"max_hp_gain":0.0,"max_hp_loss":0.0,"gold_gain":0.0,"event_name":"NoteForYourself","player_choice":"Took Card","floor":21.0,"gold_loss":0.0,"damage_taken":0.0,"cards_obtained":["Strike_R"]},{"damage_healed":0.0,"max_hp_gain":0.0,"max_hp_loss":0.0,"gold_gain":0.0,"event_name":"Drug Dealer","player_choice":"Inject Mutagens","floor":24.0,"gold_loss":0.0,"damage_taken":0.0,"relics_obtained":["MutagenicStrength"]},{"damage_healed":0.0,"max_hp_gain":0.0,"max_hp_loss":0.0,"gold_gain":0.0,"event_name":"MindBloom","player_choice":"Fight","floor":45.0,"gold_loss":0.0,"damage_taken":0.0}],"is_beta":true,"boss_relics":[{"not_picked":["Eternal Feather","Busted Crown"],"picked":"Velvet Choker"},{"not_picked":["Astrolabe","Snecko Eye"],"picked":"Cursed Key"}],"items_purged_floors":[46],"is_endless":false,"potions_floor_spawned":[3,10,11,14,16,20,27,28,29,31,33,37,41,45,47],"killed_by":"Maw","ascension_level":0}