{"gold_per_floor":[115,127,30,42,7,7,32,51,51,62,62,72,72,4,4,4],"floor_reached":16,"playtime":309,"items_purged":[],"score":173,"play_id":"8e154904-967a-460f-8efe-2d13c6749957","local_time":"20190401203018","is_ascension_mode":true,"campfire_choices":[{"data":"Rampage","floor":6,"key":"SMITH"},{"data":"Infernal Blade","floor":11,"key":"SMITH"},{"data":"Inflame","floor":15,"key":"SMITH"}],"neow_cost":"NONE","seed_source_timestamp":1651347301671280,"circlet_count":0,"master_deck":["AscendersBane","Strike_R","Strike_R","Strike_R","Strike_R","Strike_R","Defend_R","Defend_R","Defend_R","Defend_R","Bash+1","Perfected Strike","Rage","Rampage+1","Warcry","Pommel Strike","Infernal Blade+1","Inflame+1","Reaper"],"relics":["Burning Blood","Omamori","Boot","Frozen Egg 2"],"potions_floor_usage":[7,8,12],"damage_taken":[{"damage":6,"enemies":"Jaw Worm","floor":1,"turns":4},{"damage":10,"enemies":"Small Slimes","floor":2,"turns":4},{"damage":0,"enemies":"2 Louse","floor":4,"turns":2},{"damage":32,"enemies":"Gremlin Nob","floor":7,"turns":4},{"damage":3,"enemies":"Looter","floor":8,"turns":3},{"damage":7,"enemies":"Blue Slaver","floor":10,"turns":3},{"damage":13,"enemies":"Exordium Thugs","floor":12,"turns":4},{"damage":45,"enemies":"Hexaghost","floor":16,"turns":9}],"seed_played":"2486060123666672890","potions_obtained":[{"floor":2,"key":"Strength Potion"},{"floor":4,"key":"Block Potion"},{"floor":8,"key":"SkillPotion"}],"is_trial":false,"path_per_floor":["M","M","$","M","?","R","E","M","T","M","R","M","?","$","R","B"],"character_chosen":"IRONCLAD","items_purchased":["Rampage","Warcry","Reaper"],"campfire_rested":0,"item_purchase_floors":[3,3,14],"current_hp_per_floor":[68,64,64,70,75,75,49,52,52,51,51,44,32,32,32,0],"gold":4,"neow_bonus":"UPGRADE_CARD","is_prod":false,"is_daily":false,"chose_seed":false,"campfire_upgraded":3,"win_rate":0,"timestamp":1554165018,"path_taken":["M","M","$","M","?","R","E","M","T","M","R","M","?","$","R","BOSS"],"build_version":"2019-01-23","purchased_purges":0,"victory":false,"max_hp_per_floor":[75,75,75,75,75,75,75,75,75,75,75,75,75,75,75,75],"card_choices":[{"not_picked":["Clash","Anger"],"picked":"Perfected Strike","floor":1},{"not_picked":["Perfected Strike","Anger"],"picked":"Rage","floor":2},{"not_picked":["Headbutt","Heavy Blade"],"picked":"Pommel Strike","floor":4},{"not_picked":["Headbutt","Clothesline"],"picked":"Infernal Blade","floor":7},{"not_picked":["Body Slam","Warcry","Twin Strike"],"picked":"SKIP","floor":8},{"not_picked":["Feel No Pain","Havoc","Pommel Strike"],"picked":"SKIP","floor":10},{"not_picked":["Ghostly Armor","Cleave"],"picked":"Inflame","floor":12}],"player_experience":230143,"relics_obtained":[{"floor":7,"key":"Omamori"},{"floor":9,"key":"Boot"}],"event_choices":[{"damage_healed":18,"gold_gain":0,"player_choice":"Healed","damage_taken":0,"max_hp_gain":0,"max_hp_loss":0,"event_name":"The Cleric","floor":5,"gold_loss":35},{"damage_healed":0,"gold_gain":0,"player_choice":"Success","damage_taken":12,"relics_obtained":["Frozen Egg 2"],"max_hp_gain":0,"max_hp_loss":0,"event_name":"Scrap Ooze","floor":13,"gold_loss":0}],"is_beta":false,"boss_relics":[],"items_purged_floors":[],"is_endless":false,"potions_floor_spawned":[2,4,8],"killed_by":"Hexaghost","ascension_level":14}