{"gold_per_floor":[112,125,138,138,148,174,174,189,189,189,189,207,207,217,217,317,317,297,297],"floor_reached":19,"playtime":1051,"items_purged":[],"score":180,"play_id":"506fd915-a010-4c5c-8b3f-1f60698a142e","local_time":"20190827025631","is_ascension_mode":true,"campfire_choices":[{"floor":7,"key":"RECALL"},{"floor":11,"key":"REST"},{"floor":15,"key":"REST"}],"neow_cost":"NONE","seed_source_timestamp":281470329963487,"circlet_count":0,"master_deck":["Strike_R","Strike_R","Strike_R","Strike_R","Defend_R","Defend_R","Defend_R","Defend_R","Bash","Searing Blow","Iron Wave+1","Sever Soul","Perfected Strike+1","Reaper","Headbutt","Perfected Strike","Feed","Battle Trance+1"],"relics":["Lizard Tail","Darkstone Periapt","Eternal Feather"],"potions_floor_usage":[3,16,16,19],"damage_taken":[{"damage":16,"enemies":"Jaw Worm","floor":1,"turns":5},{"damage":3,"enemies":"Small Slimes","floor":2,"turns":3},{"damage":0,"enemies":"2 Louse","floor":3,"turns":1},{"damage":13,"enemies":"2 Fungi Beasts","floor":5,"turns":3},{"damage":48,"enemies":"3 Sentries","floor":6,"turns":17},{"damage":15,"enemies":"Looter","floor":8,"turns":3},{"damage":32,"enemies":"Exordium Thugs","floor":12,"turns":6},{"damage":19,"enemies":"Blue Slaver","floor":14,"turns":4},{"damage":25,"enemies":"Slime Boss","floor":16,"turns":10},{"damage":23,"enemies":"2 Thieves","floor":18,"turns":4},{"damage":62,"enemies":"Masked Bandits","floor":19,"turns":4}],"seed_played":"-4148424613520079565","potions_obtained":[{"floor":1,"key":"Explosive Potion"},{"floor":2,"key":"Ancient Potion"},{"floor":8,"key":"Strength Potion"},{"floor":12,"key":"Ancient Potion"},{"floor":16,"key":"Ancient Potion"}],"is_trial":false,"path_per_floor":["M","M","M","?","M","E","R","M","T","?","R","M","?","M","R","B",null,"M","?"],"character_chosen":"IRONCLAD","items_purchased":[],"campfire_rested":2,"item_purchase_floors":[],"current_hp_per_floor":[64,61,61,54,41,36,36,21,21,47,71,47,31,16,40,23,80,57,0],"gold":297,"neow_bonus":"BOSS_RELIC","is_prod":false,"is_daily":false,"chose_seed":false,"campfire_upgraded":0,"win_rate":0,"timestamp":1566867391,"path_taken":["M","M","M","?","M","E","R","M","T","?","R","M","?","M","R","BOSS","M","?"],"build_version":"2019-06-28","purchased_purges":0,"victory":false,"max_hp_per_floor":[80,80,80,80,80,80,80,80,80,80,80,80,80,80,80,80,80,80,80],"card_choices":[{"not_picked":["Sever Soul","Pummel"],"picked":"Searing Blow","floor":1},{"not_picked":["Disarm","Twin Strike"],"picked":"Iron Wave","floor":2},{"not_picked":["Carnage","Anger"],"picked":"Sever Soul","floor":3},{"not_picked":["Dropkick","Heavy Blade"],"picked":"Perfected Strike","floor":5},{"not_picked":["Sword Boomerang","Clash"],"picked":"Reaper","floor":6},{"not_picked":["Fire Breathing","Clash"],"picked":"Headbutt","floor":8},{"not_picked":["Thunderclap","Wild Strike"],"picked":"Perfected Strike","floor":12},{"not_picked":["Anger","Bloodletting","Dropkick"],"picked":"SKIP","floor":14},{"not_picked":["Berserk","Fiend Fire"],"picked":"Feed","floor":16},{"not_picked":["Cleave","Flex"],"picked":"Battle Trance+1","floor":18}],"player_experience":85184,"relics_obtained":[{"floor":6,"key":"Darkstone Periapt"}],"event_choices":[{"cards_removed":["Strike_R"],"damage_healed":0,"gold_gain":0,"player_choice":"Card Removal","damage_taken":7,"max_hp_gain":0,"max_hp_loss":0,"event_name":"Golden Wing","floor":4,"gold_loss":0},{"damage_healed":26,"gold_gain":0,"player_choice":"Banana","damage_taken":0,"max_hp_gain":0,"max_hp_loss":0,"event_name":"Big Fish","floor":10,"gold_loss":0},{"damage_healed":0,"gold_gain":0,"player_choice":"Entered Light","damage_taken":16,"max_hp_gain":0,"max_hp_loss":0,"event_name":"Shining Light","floor":13,"gold_loss":0,"cards_upgraded":["Perfected Strike","Iron Wave"]},{"damage_healed":0,"gold_gain":0,"player_choice":"Fought Bandits","damage_taken":0,"max_hp_gain":0,"max_hp_loss":0,"event_name":"Masked Bandits","floor":19,"gold_loss":0}],"is_beta":true,"boss_relics":[{"not_picked":["Philosopher\u0027s Stone","Tiny House"],"picked":"Eternal Feather"}],"items_purged_floors":[],"is_endless":false,"potions_floor_spawned":[1,2,8,12,16],"killed_by":"Masked Bandits","ascension_level":1}