{"gold_per_floor":[217,217,292,32,50,77,102,114,180,192,218,256,286,322,334,474,486,511,438,466,277,292,292],"floor_reached":23,"playtime":1039,"items_purged":["Strike_R","Strike_R"],"score":193,"play_id":"aded46f9-b37a-49df-bf93-42c9a7655ffc","local_time":"20190811033344","is_ascension_mode":false,"campfire_choices":[{"data":"Heavy Blade","floor":10,"key":"SMITH"},{"data":"Barricade","floor":15,"key":"SMITH"}],"neow_cost":"NONE","seed_source_timestamp":64585377758307,"circlet_count":0,"master_deck":["Strike_R","Strike_R","Strike_R","Defend_R","Defend_R","Defend_R","Defend_R+1","Bash","Flex+1","Uppercut","Sentinel","Heavy Blade+1","Uppercut","Spot Weakness","Warcry","Barricade+1","Juggernaut","Flex","Inflame","Clothesline"],"relics":["Burning Blood","War Paint","Vajra","MawBank","Golden Idol","Oddly Smooth Stone","Orichalcum","Eternal Feather","Shovel"],"potions_floor_usage":[16,16,22,22,23],"damage_taken":[{"damage":18,"enemies":"Jaw Worm","floor":1,"turns":7},{"damage":6,"enemies":"2 Louse","floor":5,"turns":3},{"damage":15,"enemies":"3 Sentries","floor":6,"turns":9},{"damage":0,"enemies":"Small Slimes","floor":7,"turns":2},{"damage":7,"enemies":"Looter","floor":11,"turns":3},{"damage":4,"enemies":"Large Slime","floor":13,"turns":5},{"damage":0,"enemies":"Exordium Wildlife","floor":14,"turns":3},{"damage":29,"enemies":"The Guardian","floor":16,"turns":7},{"damage":14,"enemies":"Shell Parasite","floor":18,"turns":5},{"damage":36,"enemies":"Spheric Guardian","floor":20,"turns":6},{"damage":10,"enemies":"Snecko","floor":22,"turns":4},{"damage":21,"enemies":"Book of Stabbing","floor":23,"turns":4}],"seed_played":"9192981752723056854","potions_obtained":[{"floor":5,"key":"FearPotion"},{"floor":7,"key":"AttackPotion"},{"floor":11,"key":"SkillPotion"},{"floor":13,"key":"EssenceOfSteel"},{"floor":14,"key":"Strength Potion"},{"floor":18,"key":"Fire Potion"},{"floor":22,"key":"Ancient Potion"}],"is_trial":false,"path_per_floor":["M","?","?","$","M","E","M","?","T","R","M","T","M","M","R","B",null,"M","?","M","$","M","E"],"character_chosen":"IRONCLAD","items_purchased":["Vajra","Uppercut","Flex","Inflame"],"campfire_rested":0,"item_purchase_floors":[4,4,21,21],"current_hp_per_floor":[68,61,50,50,50,41,47,47,47,47,46,46,48,54,54,31,74,66,66,36,36,32,11],"gold":292,"neow_bonus":"HUNDRED_GOLD","is_prod":false,"is_daily":false,"chose_seed":false,"campfire_upgraded":2,"win_rate":0.0,"timestamp":1565462024,"path_taken":["M","?","?","$","M","E","M","?","T","R","M","?","M","M","R","BOSS","M","?","M","$","M","E"],"build_version":"2019-07-17","purchased_purges":2,"victory":false,"max_hp_per_floor":[80,80,80,80,80,80,80,74,74,74,74,74,74,74,74,74,74,74,74,74,74,74,74],"card_choices":[{"not_picked":["Iron Wave","Clash"],"picked":"Flex","floor":1},{"not_picked":["Perfected Strike","Heavy Blade"],"picked":"Sentinel","floor":5},{"not_picked":["Blood for Blood","Feel No Pain"],"picked":"Heavy Blade","floor":6},{"not_picked":["Whirlwind","Wild Strike"],"picked":"Uppercut","floor":7},{"not_picked":["Headbutt","Thunderclap"],"picked":"Spot Weakness","floor":11},{"not_picked":["Rampage","Perfected Strike"],"picked":"Warcry","floor":13},{"not_picked":["Warcry","Perfected Strike"],"picked":"Barricade","floor":14},{"not_picked":["Immolate","Double Tap"],"picked":"Juggernaut","floor":16},{"not_picked":["Rupture","Sword Boomerang+1","Cleave"],"picked":"SKIP","floor":18},{"not_picked":["Blood for Blood+1","Anger","Sword Boomerang"],"picked":"SKIP","floor":20},{"not_picked":["Warcry","Clash"],"picked":"Clothesline","floor":22}],"player_experience":37240,"relics_obtained":[{"floor":6,"key":"MawBank"},{"floor":9,"key":"Oddly Smooth Stone"},{"floor":12,"key":"Orichalcum"}],"event_choices":[{"damage_healed":0,"gold_gain":0,"player_choice":"Success","damage_taken":7,"relics_obtained":["War Paint"],"max_hp_gain":0,"max_hp_loss":0,"event_name":"Scrap Ooze","floor":2,"gold_loss":0},{"damage_healed":0,"gold_gain":75,"player_choice":"Gather Gold","damage_taken":11,"max_hp_gain":0,"max_hp_loss":0,"event_name":"World of Goop","floor":3,"gold_loss":0},{"damage_healed":0,"gold_gain":0,"player_choice":"Lose Max HP","damage_taken":0,"relics_obtained":["Golden Idol"],"max_hp_gain":0,"max_hp_loss":6,"event_name":"Golden Idol","floor":8,"gold_loss":0},{"damage_healed":0,"gold_gain":0,"player_choice":"Obtained Relic","damage_taken":0,"relics_obtained":["Shovel"],"max_hp_gain":0,"max_hp_loss":0,"event_name":"Addict","floor":19,"gold_loss":85}],"is_beta":false,"boss_relics":[{"not_picked":["Ectoplasm","Sozu"],"picked":"Eternal Feather"}],"items_purged_floors":[4,21],"is_endless":false,"potions_floor_spawned":[5,7,11,13,14,18,22],"killed_by":"Book of Stabbing","ascension_level":0}