{"gold_per_floor":[109,184,204,73,73,91,91,125,179,191],"floor_reached":10,"playtime":341,"items_purged":["Strike_G"],"score":132,"play_id":"c5dbe37c-8f54-42ce-8444-ae9933f81585","local_time":"20190827174032","is_ascension_mode":true,"campfire_choices":[{"data":"Flying Knee","floor":7,"key":"SMITH"}],"neow_cost":"NONE","seed_source_timestamp":934281126387876,"circlet_count":0,"master_deck":["AscendersBane","Strike_G","Strike_G","Strike_G","Strike_G","Defend_G","Defend_G","Defend_G","Defend_G","Defend_G","Survivor","Neutralize","Flying Knee+1","Backflip","Night Terror"],"relics":["Snecko Eye","Happy Flower","MawBank"],"potions_floor_usage":[8,8],"damage_taken":[{"damage":7,"enemies":"Jaw Worm","floor":1,"turns":6},{"damage":4,"enemies":"Cultist","floor":3,"turns":5},{"damage":0,"enemies":"2 Louse","floor":6,"turns":3},{"damage":27,"enemies":"3 Sentries","floor":8,"turns":13},{"damage":8,"enemies":"Gremlin Nob","floor":10,"turns":3}],"seed_played":"-9008011462476255590","potions_obtained":[{"floor":5,"key":"PowerPotion"},{"floor":6,"key":"Regen Potion"}],"is_trial":false,"path_per_floor":["M","?","M","$","?","M","R","E","T","E"],"character_chosen":"THE_SILENT","items_purchased":["Explosive Potion"],"campfire_rested":0,"item_purchase_floors":[4],"current_hp_per_floor":[52,41,37,37,37,37,37,25,25,17],"gold":191,"neow_bonus":"BOSS_RELIC","is_prod":false,"is_daily":false,"chose_seed":false,"campfire_upgraded":1,"win_rate":0,"timestamp":1566942032,"path_taken":["M","?","M","$","?","M","R","E","T","E"],"build_version":"2019-07-17","purchased_purges":1,"victory":false,"max_hp_per_floor":[66,66,66,66,66,66,66,66,66,66],"card_choices":[{"not_picked":["Outmaneuver","Quick Slash"],"picked":"Flying Knee","floor":1},{"not_picked":["Sucker Punch","Blade Dance"],"picked":"Backflip","floor":3},{"not_picked":["Dagger Spray","Deadly Poison","Dodge and Roll"],"picked":"SKIP","floor":6},{"not_picked":["Endless Agony","Blade Dance"],"picked":"Night Terror","floor":8}],"player_experience":606583,"relics_obtained":[{"floor":8,"key":"Happy Flower"},{"floor":9,"key":"MawBank"}],"event_choices":[{"damage_healed":0,"gold_gain":75,"player_choice":"Gather Gold","damage_taken":11,"max_hp_gain":0,"max_hp_loss":0,"event_name":"World of Goop","floor":2,"gold_loss":0},{"damage_healed":0,"gold_gain":0,"player_choice":"Got Potions","damage_taken":0,"max_hp_gain":0,"max_hp_loss":0,"event_name":"Lab","floor":5,"gold_loss":0}],"is_beta":false,"boss_relics":[],"items_purged_floors":[4],"is_endless":false,"potions_floor_spawned":[6],"killed_by":"Gremlin Nob","ascension_level":20}