{"gold_per_floor":[114,130,146,157,175,204,218,218,266,283,248,23,54,66,66,164,164,181,9,9,26,41,41],"floor_reached":23,"playtime":1510,"items_purged":["Strike_R","Strike_R"],"score":259,"play_id":"1c8e8e49-de97-4ea7-99d8-12198827f86b","local_time":"20190824093815","is_ascension_mode":true,"campfire_choices":[{"data":"True Grit","floor":8,"key":"SMITH"},{"data":"Rampage","floor":15,"key":"SMITH"}],"neow_cost":"NONE","seed_source_timestamp":3947855474675,"circlet_count":0,"master_deck":["Defend_R","Defend_R","Defend_R","Defend_R","Bash","Cleave","Rampage+1","Second Wind","Intimidate","True Grit+1","Brutality","Corruption","Shrug It Off","Feel No Pain","Warcry","Havoc","Fiend Fire","Dual Wield","Burning Pact","Headbutt"],"relics":["Burning Blood","Bag of Preparation","Meat on the Bone","Vajra","PreservedInsect","Empty Cage"],"potions_floor_usage":[10,16,16,18,21,23,23],"damage_taken":[{"damage":1,"enemies":"Cultist","floor":1,"turns":4},{"damage":3,"enemies":"Jaw Worm","floor":2,"turns":4},{"damage":0,"enemies":"Small Slimes","floor":3,"turns":2},{"damage":25,"enemies":"Exordium Thugs","floor":4,"turns":5},{"damage":15,"enemies":"Large Slime","floor":5,"turns":4},{"damage":35,"enemies":"Lagavulin","floor":6,"turns":8},{"damage":13,"enemies":"Exordium Wildlife","floor":7,"turns":5},{"damage":13,"enemies":"Lots of Slimes","floor":10,"turns":4},{"damage":31,"enemies":"3 Sentries","floor":13,"turns":8},{"damage":12,"enemies":"Exordium Thugs","floor":14,"turns":4},{"damage":22,"enemies":"Hexaghost","floor":16,"turns":11},{"damage":26,"enemies":"3 Byrds","floor":18,"turns":5},{"damage":2,"enemies":"Chosen","floor":21,"turns":7},{"damage":15,"enemies":"Snecko","floor":22,"turns":4},{"damage":59,"enemies":"Slavers","floor":23,"turns":6}],"seed_played":"-5075166920744748482","potions_obtained":[{"floor":5,"key":"SpeedPotion"},{"floor":7,"key":"Swift Potion"},{"floor":14,"key":"SteroidPotion"},{"floor":16,"key":"Energy Potion"},{"floor":18,"key":"Explosive Potion"},{"floor":22,"key":"Block Potion"}],"is_trial":false,"path_per_floor":["M","M","M","M","M","E","M","R","T","M","?","$","E","M","R","B",null,"M","$","?","M","M","E"],"character_chosen":"IRONCLAD","items_purchased":["Feel No Pain","LiquidBronze","Burning Pact"],"campfire_rested":0,"item_purchase_floors":[12,12,19],"current_hp_per_floor":[80,80,80,61,52,23,28,28,28,33,53,53,40,46,46,42,71,51,51,51,55,58,0],"gold":41,"neow_bonus":"RANDOM_COMMON_RELIC","is_prod":false,"is_daily":false,"chose_seed":false,"campfire_upgraded":2,"win_rate":0,"timestamp":1566607095,"path_taken":["M","M","M","?","M","E","M","R","T","M","?","$","E","M","R","BOSS","M","$","?","M","M","E"],"build_version":"2019-07-17","purchased_purges":2,"victory":false,"max_hp_per_floor":[80,80,80,80,80,80,80,80,80,80,80,80,80,80,80,80,80,80,80,80,80,80,80],"card_choices":[{"not_picked":["Twin Strike","Havoc"],"picked":"Cleave","floor":1},{"not_picked":["Headbutt","Thunderclap"],"picked":"Rampage","floor":2},{"not_picked":["Sever Soul","Wild Strike"],"picked":"Second Wind","floor":3},{"not_picked":["Pommel Strike","Iron Wave"],"picked":"Intimidate","floor":4},{"not_picked":["Fire Breathing","Twin Strike"],"picked":"True Grit","floor":5},{"not_picked":["Sword Boomerang","Intimidate"],"picked":"Brutality","floor":6},{"not_picked":["Warcry","Heavy Blade"],"picked":"Corruption","floor":7},{"not_picked":["Body Slam","Wild Strike"],"picked":"Shrug It Off","floor":10},{"not_picked":["Clash","Whirlwind"],"picked":"Warcry","floor":13},{"not_picked":["True Grit","Cleave"],"picked":"Havoc","floor":14},{"not_picked":["Brutality","Demon Form"],"picked":"Fiend Fire","floor":16},{"not_picked":["Body Slam","Sword Boomerang+1"],"picked":"Dual Wield","floor":18},{"not_picked":["Sword Boomerang","Iron Wave+1"],"picked":"Headbutt","floor":21},{"not_picked":["Rupture","Anger","Sword Boomerang"],"picked":"SKIP","floor":22}],"player_experience":226602,"relics_obtained":[{"floor":6,"key":"Meat on the Bone"},{"floor":9,"key":"Vajra"},{"floor":13,"key":"PreservedInsect"}],"event_choices":[{"damage_healed":20,"gold_gain":0,"player_choice":"Healed","damage_taken":0,"max_hp_gain":0,"max_hp_loss":0,"event_name":"The Cleric","floor":11,"gold_loss":35},{"cards_removed":["Strike_R"],"damage_healed":0,"gold_gain":0,"player_choice":"Offered Basic","damage_taken":0,"max_hp_gain":0,"max_hp_loss":0,"event_name":"Bonfire Elementals","floor":20,"gold_loss":0}],"is_beta":false,"boss_relics":[{"not_picked":["Calling Bell","Snecko Eye"],"picked":"Empty Cage"}],"items_purged_floors":[12,19],"is_endless":false,"potions_floor_spawned":[5,7,14,16,18,22],"killed_by":"Slavers","ascension_level":5}