{"gold_per_floor":[119,119,38,38,188,188,113,113,137,137,165,165,199,217,217,290,290,230,115,115,115,0,0,0,0,0,0,0,0,0,0,0,0,0,0,0,0,0,0,0,0,0,0,0,0],"floor_reached":45,"playtime":4409,"items_purged":["Doubt"],"score":838,"play_id":"5749c975-b748-44aa-9ea6-10b5a717c37e","local_time":"20180923213059","is_ascension_mode":true,"campfire_choices":[{"data":"Zap","floor":6.0,"key":"SMITH"},{"data":"Hologram","floor":8.0,"key":"SMITH"},{"data":"Ball Lightning","floor":10.0,"key":"SMITH"},{"floor":12.0,"key":"REST"},{"data":"Streamline","floor":15.0,"key":"SMITH"},{"data":"Self Repair","floor":23.0,"key":"SMITH"},{"floor":28.0,"key":"REST"},{"floor":32.0,"key":"REST"},{"data":"Defragment","floor":40,"key":"SMITH"},{"data":"Defragment","floor":42,"key":"SMITH"}],"neow_cost":"NONE","seed_source_timestamp":885076486012328,"circlet_count":0,"master_deck":["Strike_B","Strike_B","Strike_B","Defend_B","Defend_B","Defend_B","Defend_B","Zap+1","Dualcast","AscendersBane","Hologram+1","Ball Lightning+1","Turbo","Streamline+1","Coolheaded","Hologram","Echo Form","Capacitor","Self Repair+1","Reinforced Body","Consume+1","Chaos+1","Steam+1","Biased Cognition","Leap+1","Echo Form","Cold Snap","Defragment+1","Defragment+1","Madness+1","Madness+1"],"special_seed":0,"relics":["Cracked Core","Bag of Preparation","GremlinMask","Boot","Anchor","Gremlin Horn","Ectoplasm","Toxic Egg 2","White Beast Statue","Red Mask","Bronze Scales"],"potions_floor_usage":[38],"damage_taken":[{"damage":1.0,"enemies":"Cultist","floor":1.0,"turns":4.0},{"damage":40.0,"enemies":"Lagavulin","floor":11.0,"turns":5.0},{"damage":7.0,"enemies":"Gremlin Nob","floor":13.0,"turns":3.0},{"damage":0.0,"enemies":"Jaw Worm","floor":14.0,"turns":2.0},{"damage":31.0,"enemies":"The Guardian","floor":16.0,"turns":11.0},{"damage":7.0,"enemies":"2 Thieves","floor":18.0,"turns":3.0},{"damage":18.0,"enemies":"Chosen","floor":21.0,"turns":4.0},{"damage":35.0,"enemies":"Snake Plant","floor":24.0,"turns":5.0},{"damage":5.0,"enemies":"Snecko","floor":27.0,"turns":6.0},{"damage":16.0,"enemies":"Cultist and Chosen","floor":29.0,"turns":7.0},{"damage":36.0,"enemies":"Shelled Parasite and Fungi","floor":31.0,"turns":5.0},{"damage":40.0,"enemies":"Champ","floor":33.0,"turns":11.0},{"damage":17.0,"enemies":"Orb Walker","floor":35.0,"turns":6.0},{"damage":0.0,"enemies":"3 Shapes","floor":37.0,"turns":4.0},{"damage":28,"enemies":"Jaw Worm Horde","floor":38,"turns":8},{"damage":44,"enemies":"3 Darklings","floor":41,"turns":8},{"damage":30,"enemies":"Spire Growth","floor":45,"turns":2}],"seed_played":"-2158921937276044232","potions_obtained":[{"floor":11.0,"key":"Energy Potion"},{"floor":13.0,"key":"EssenceOfSteel"},{"floor":14.0,"key":"Explosive Potion"},{"floor":24.0,"key":"Explosive Potion"},{"floor":29.0,"key":"AttackPotion"},{"floor":35.0,"key":"Energy Potion"},{"floor":37.0,"key":"LiquidBronze"},{"floor":38,"key":"LiquidBronze"},{"floor":41,"key":"EssenceOfSteel"}],"is_trial":false,"path_per_floor":["M","?","$","?","?","R","$","R","T","R","E","R","E","M","R","B",null,"M","$","?","M","?","R","M","?","T","M","R","M","$","M","R","B",null,"M","?","M","M","?","R","M","R","T","?"],"character_chosen":"DEFECT","items_purchased":["Ball Lightning","Turbo","Fruit Juice"],"campfire_rested":3,"item_purchase_floors":[3,3,19],"current_hp_per_floor":[70,65,65,65,65,65,65,65,65,65,25,48,41,41,41,10,61,54,59,59,41,41,41,16,16,16,21,45,49,49,33,57,37,72,65,65,83,65,65,65,41,41,41,26,0],"gold":0,"neow_bonus":"TEN_PERCENT_HP_BONUS","is_prod":false,"is_daily":false,"chose_seed":false,"campfire_upgraded":7,"win_rate":0,"timestamp":1537763459,"path_taken":["M","?","?","?","?","R","$","R","T","R","E","R","E","M","R","BOSS","M","$","?","?","?","R","M","?","T","M","R","M","$","M","R","BOSS","M","?","M","M","?","R","M","R","T","?","M"],"build_version":"2018-09-20","purchased_purges":1,"victory":false,"max_hp_per_floor":[78,78,78,78,78,78,78,78,78,78,78,78,78,78,78,78,78,78,83,83,83,83,83,83,83,83,83,83,83,83,83,83,83,83,83,83,83,83,83,83,83,83,83,83,83],"card_choices":[{"not_picked":["Conserve Battery","Undo"],"picked":"Hologram","floor":1.0},{"not_picked":["Genetic Algorithm","Beam Cell"],"picked":"Streamline","floor":11.0},{"not_picked":["Conserve Battery","Sunder"],"picked":"Coolheaded","floor":13.0},{"not_picked":["Gash","Melter"],"picked":"Hologram","floor":14.0},{"not_picked":["Multi-Cast","Seek"],"picked":"Echo Form","floor":16.0},{"not_picked":["Auto Shields","Leap"],"picked":"Capacitor","floor":18.0},{"not_picked":["Steam Power","Go for the Eyes"],"picked":"Self Repair","floor":21.0},{"not_picked":["Go for the Eyes","Storm"],"picked":"Reinforced Body","floor":24.0},{"not_picked":["Melter","BootSequence+1"],"picked":"Consume+1","floor":27.0},{"not_picked":["Rebound","Reprogram+1"],"picked":"Chaos+1","floor":29.0},{"not_picked":["Amplify+1","Rip and Tear"],"picked":"Steam+1","floor":31.0},{"not_picked":["Reboot+1","Meteor Strike"],"picked":"Biased Cognition","floor":33.0},{"not_picked":["Sweeping Beam","Barrage"],"picked":"Leap+1","floor":35.0},{"not_picked":["Hello World","Rip and Tear"],"picked":"Cold Snap","floor":37.0},{"not_picked":["Go for the Eyes","Hello World+1"],"picked":"Defragment","floor":38},{"not_picked":["Leap+1","Gash"],"picked":"Defragment","floor":41}],"player_experience":2380033,"relics_obtained":[{"floor":9.0,"key":"Boot"},{"floor":11.0,"key":"Anchor"},{"floor":13.0,"key":"Gremlin Horn"},{"floor":26.0,"key":"Toxic Egg 2"},{"floor":43,"key":"Bronze Scales"}],"event_choices":[{"event_name":"Scrap Ooze","player_choice":"success","floor":2.0,"damage_taken":5.0},{"event_name":"FaceTrader","player_choice":"Trade","floor":4.0,"damage_taken":0.0},{"event_name":"Liars Game","player_choice":"agreed","floor":5.0,"damage_taken":0.0},{"event_name":"Purifier","player_choice":"One Purge","floor":20.0,"damage_taken":0.0},{"event_name":"Masked Bandits","player_choice":"Paid Fearfully","floor":22.0,"damage_taken":0.0},{"event_name":"Cursed Tome","player_choice":"Ignored","floor":25.0,"damage_taken":0.0},{"event_name":"Duplicator","player_choice":"One dupe","floor":36.0,"damage_taken":0.0},{"event_name":"Tomb of Lord Red Mask","player_choice":"Paid","floor":39,"damage_taken":0},{"event_name":"Winding Halls","player_choice":"Embrace Madness","floor":44,"damage_taken":0}],"is_beta":true,"boss_relics":[{"not_picked":["Philosopher\u0027s Stone","Runic Dome"],"picked":"Ectoplasm"},{"not_picked":["Coffee Dripper","Black Star"],"picked":"White Beast Statue"}],"items_purged_floors":[7],"is_endless":false,"potions_floor_spawned":[11,13,14,24,29,35,37,38,41],"killed_by":"Spire Growth","ascension_level":20}