{"gold_per_floor":[119,129,149,39,53,85,85,85,85,11,26,26,40,40,40,142,142,160,160,12,12,287,287,302,334,360,360,392,25,25,38,38,142,142,156,176,45,45,45,45,56,56,81,81,108,8,8,8,8,8,8,8,8,8],"floor_reached":54,"playtime":4052,"items_purged":["Strike_R"],"score":699,"play_id":"e6b24841-10d9-49f8-bd61-737f223d0cfc","local_time":"20190827235104","is_ascension_mode":false,"campfire_choices":[{"data":"Corruption","floor":7,"key":"SMITH"},{"data":"Battle Trance","floor":12,"key":"SMITH"},{"floor":15,"key":"REST"},{"data":"Feed","floor":23,"key":"SMITH"},{"data":"Demon Form","floor":27,"key":"SMITH"},{"floor":30,"key":"REST"},{"floor":32,"key":"REST"},{"data":"Feel No Pain","floor":40,"key":"SMITH"},{"data":"Feel No Pain","floor":42,"key":"SMITH"},{"data":"Fiend Fire","floor":44,"key":"SMITH"},{"floor":47,"key":"RECALL"},{"data":"True Grit","floor":49,"key":"SMITH"},{"data":"Blood for Blood","floor":52,"key":"SMITH"}],"neow_cost":"NONE","seed_source_timestamp":354567295411606,"circlet_count":0,"master_deck":["Strike_R","Strike_R","Defend_R","Defend_R","Defend_R","Defend_R","Bash+1","Flex+1","Battle Trance+1","Infernal Blade+1","Corruption+1","Burning Pact+1","Spot Weakness+1","Blood for Blood+1","Sentinel","Feed+1","Sentinel+1","Flame Barrier+1","Clash","True Grit+1","Regret","Pommel Strike+1","Demon Form+1","Shrug It Off","Feel No Pain+1","Entrench","Fiend Fire+1","Clothesline+1","Shrug It Off","Bandage Up","Feel No Pain+1","Feel No Pain+1","Rage+1","Thunderclap"],"relics":["Burning Blood","Juzu Bracelet","Self Forming Clay","Gambling Chip","Velvet Choker","Ice Cream","Lantern","War Paint","Empty Cage","Anchor","Thread and Needle","Shuriken"],"potions_floor_usage":[6,11,11,18,25,31,31,31,41,45,50,54],"damage_taken":[{"damage":5,"enemies":"Small Slimes","floor":1,"turns":4},{"damage":0,"enemies":"Cultist","floor":2,"turns":3},{"damage":0,"enemies":"2 Louse","floor":3,"turns":4},{"damage":50,"enemies":"Lots of Slimes","floor":5,"turns":7},{"damage":17,"enemies":"3 Sentries","floor":6,"turns":6},{"damage":0,"enemies":"Red Slaver","floor":11,"turns":2},{"damage":6,"enemies":"Exordium Wildlife","floor":13,"turns":4},{"damage":17,"enemies":"Hexaghost","floor":16,"turns":7},{"damage":12,"enemies":"Chosen","floor":18,"turns":5},{"damage":16,"enemies":"Shell Parasite","floor":24,"turns":5},{"damage":25,"enemies":"Book of Stabbing","floor":25,"turns":5},{"damage":42,"enemies":"Gremlin Leader","floor":28,"turns":6},{"damage":6,"enemies":"Centurion and Healer","floor":31,"turns":5},{"damage":33,"enemies":"Collector","floor":33,"turns":7},{"damage":9,"enemies":"Orb Walker","floor":35,"turns":3},{"damage":22,"enemies":"3 Darklings","floor":36,"turns":8},{"damage":17,"enemies":"Sphere and 2 Shapes","floor":41,"turns":5},{"damage":12,"enemies":"Giant Head","floor":45,"turns":8},{"damage":8,"enemies":"Awakened One","floor":50,"turns":11},{"damage":97,"enemies":"Shield and Spear","floor":54,"turns":11}],"seed_played":"-1704284071601915384","potions_obtained":[{"floor":5,"key":"EssenceOfSteel"},{"floor":6,"key":"Fire Potion"},{"floor":16,"key":"Block Potion"},{"floor":18,"key":"AttackPotion"},{"floor":33,"key":"Ancient Potion"},{"floor":36,"key":"PowerPotion"},{"floor":41,"key":"AttackPotion"}],"is_trial":false,"path_per_floor":["M","M","M","$","M","E","R","?","T","$","M","R","M","?","R","B",null,"M","?","$","?","?","R","M","E","T","R","E","$","R","M","R","B",null,"M","M","$","?","?","R","M","R","T","R","E","$","R","T","R","B",null,"R","$","E"],"character_chosen":"IRONCLAD","items_purchased":["Corruption","Burning Pact","BloodPotion","Clash","True Grit","Feel No Pain","War Paint","Dexterity Potion","AttackPotion","Block Potion","Bandage Up","Feel No Pain","Thunderclap","AttackPotion"],"campfire_rested":3,"item_purchase_floors":[4,4,10,20,20,29,29,29,29,29,37,37,46,46],"current_hp_per_floor":[80,80,80,80,36,25,25,9,9,9,35,35,35,23,47,36,80,74,74,74,74,74,74,68,49,49,49,13,13,38,42,68,41,88,85,69,69,69,69,69,66,66,66,66,64,64,64,64,64,70,96,96,96,0],"gold":8,"neow_bonus":"UPGRADE_CARD","is_prod":false,"is_daily":false,"chose_seed":false,"campfire_upgraded":9,"win_rate":0,"timestamp":1566942664,"path_taken":["M","M","M","$","M","E","R","?","T","$","M","R","M","?","R","BOSS","M","?","$","?","?","R","M","E","T","R","E","?","R","M","R","BOSS","M","M","$","?","?","R","M","R","T","R","E","?","R","?","R","BOSS","R","$","E"],"build_version":"2019-06-28","purchased_purges":1,"victory":false,"max_hp_per_floor":[80,80,80,80,80,80,80,80,80,80,80,80,80,80,80,80,80,80,80,80,80,80,80,84,84,84,84,84,84,84,88,88,88,88,88,88,88,88,88,88,92,92,92,92,92,92,92,92,92,96,96,96,96,96],"card_choices":[{"not_picked":["Sword Boomerang","Anger"],"picked":"Flex","floor":1},{"not_picked":["Shrug It Off","Havoc"],"picked":"Battle Trance","floor":2},{"not_picked":["Heavy Blade","Sever Soul"],"picked":"Infernal Blade","floor":3},{"not_picked":["Sever Soul","Iron Wave"],"picked":"Spot Weakness","floor":5},{"not_picked":["Iron Wave","Metallicize"],"picked":"Blood for Blood","floor":6},{"not_picked":["Pommel Strike","Wild Strike"],"picked":"Sentinel","floor":11},{"not_picked":["Anger","Warcry","Perfected Strike"],"picked":"SKIP","floor":13},{"not_picked":["Bludgeon","Double Tap"],"picked":"Feed","floor":16},{"not_picked":["Heavy Blade+1","Twin Strike+1"],"picked":"Sentinel+1","floor":18},{"not_picked":["Whirlwind+1","Armaments+1"],"picked":"Pommel Strike+1","floor":24},{"not_picked":["Armaments","Wild Strike"],"picked":"Demon Form","floor":25},{"not_picked":["Corruption+1","Sentinel"],"picked":"Shrug It Off","floor":28},{"not_picked":["Battle Trance","Anger"],"picked":"Entrench","floor":31},{"not_picked":["Limit Break","Double Tap"],"picked":"Fiend Fire","floor":33},{"not_picked":["Spot Weakness+1","Headbutt+1"],"picked":"Clothesline+1","floor":35},{"not_picked":["Metallicize+1","Headbutt"],"picked":"Shrug It Off","floor":36},{"not_picked":["Headbutt+1","Wild Strike+1"],"picked":"Feel No Pain","floor":41},{"not_picked":["Carnage","Headbutt"],"picked":"Rage+1","floor":45}],"player_experience":117421,"relics_obtained":[{"floor":6,"key":"Juzu Bracelet"},{"floor":9,"key":"Self Forming Clay"},{"floor":25,"key":"Ice Cream"},{"floor":28,"key":"Lantern"},{"floor":43,"key":"Anchor"},{"floor":45,"key":"Thread and Needle"},{"floor":48,"key":"Shuriken"}],"event_choices":[{"damage_healed":0,"gold_gain":0,"player_choice":"Entered Light","damage_taken":16,"max_hp_gain":0,"max_hp_loss":0,"event_name":"Shining Light","floor":8,"gold_loss":0,"cards_upgraded":["Burning Pact","Infernal Blade"]},{"damage_healed":0,"gold_gain":0,"player_choice":"Success","damage_taken":12,"relics_obtained":["Gambling Chip"],"max_hp_gain":0,"max_hp_loss":0,"event_name":"Scrap Ooze","floor":14,"gold_loss":0},{"damage_healed":0,"gold_gain":0,"player_choice":"Read","damage_taken":0,"max_hp_gain":0,"max_hp_loss":0,"event_name":"The Library","floor":19,"gold_loss":0,"cards_obtained":["Flame Barrier"]},{"damage_healed":0,"gold_gain":0,"player_choice":"Upgraded","damage_taken":0,"max_hp_gain":0,"max_hp_loss":0,"event_name":"Upgrade Shrine","floor":21,"gold_loss":0,"cards_upgraded":["Flame Barrier"]},{"damage_healed":0,"gold_gain":275,"player_choice":"Desecrate","damage_taken":0,"max_hp_gain":0,"max_hp_loss":0,"event_name":"Golden Shrine","floor":22,"gold_loss":0,"cards_obtained":["Regret"]},{"damage_healed":0,"gold_gain":0,"player_choice":"Forge","damage_taken":0,"max_hp_gain":0,"max_hp_loss":0,"event_name":"Accursed Blacksmith","floor":38,"gold_loss":0,"cards_upgraded":["Feel No Pain"]},{"damage_healed":0,"gold_gain":0,"player_choice":"Ignored","damage_taken":0,"max_hp_gain":0,"max_hp_loss":0,"event_name":"SecretPortal","floor":39,"gold_loss":0}],"is_beta":true,"boss_relics":[{"not_picked":["White Beast Statue","Runic Cube"],"picked":"Velvet Choker"},{"not_picked":["Snecko Eye","Runic Dome"],"picked":"Empty Cage"}],"items_purged_floors":[20],"is_endless":false,"potions_floor_spawned":[5,6,16,18,33,36,41],"killed_by":"Shield and Spear","ascension_level":0}