{"gold_per_floor":[117,117,134,153,153,153,166,193,193,225,241,241,17,42,42,140,140,157,10,25,41,57,57,70,95,95,109,109,109,120,120,120,120],"floor_reached":33,"playtime":1101,"items_purged":[],"score":462,"play_id":"6019a19c-cbea-469b-bc29-51c51323853c","local_time":"20190324103921","is_ascension_mode":true,"campfire_choices":[{"data":"Bash","floor":6.0,"key":"SMITH"},{"data":"Infernal Blade","floor":12.0,"key":"SMITH"},{"data":"Juggernaut","floor":15.0,"key":"SMITH"},{"floor":23.0,"key":"REST"},{"floor":28,"key":"REST"},{"floor":32,"key":"REST"}],"neow_cost":"NONE","seed_source_timestamp":923797147086096,"circlet_count":0,"master_deck":["AscendersBane","Defend_R","Defend_R","Defend_R","Defend_R","Bash+1","Shrug It Off","Thunderclap","Infernal Blade+1","Warcry","Uppercut","Juggernaut+1","Shrug It Off","Shrug It Off","Flame Barrier","Pummel","Reaper","True Grit+1","Bloodletting+1","Fire Breathing+1","Entrench","Flame Barrier","Whirlwind","Armaments","Juggernaut","Metallicize","Writhe","Clothesline"],"special_seed":0,"relics":["Burning Blood","Vajra","Ancient Tea Set","PreservedInsect","Sundial","Anchor","Kunai","Astrolabe","Bronze Scales","Blue Candle","Potion Belt","Omamori"],"potions_floor_usage":[27,33,33],"damage_taken":[{"damage":8.0,"enemies":"Jaw Worm","floor":1.0,"turns":5.0},{"damage":0.0,"enemies":"Cultist","floor":3.0,"turns":3.0},{"damage":5.0,"enemies":"Small Slimes","floor":4.0,"turns":3.0},{"damage":4.0,"enemies":"2 Fungi Beasts","floor":7.0,"turns":3.0},{"damage":18.0,"enemies":"3 Sentries","floor":8.0,"turns":8.0},{"damage":24.0,"enemies":"Gremlin Nob","floor":10.0,"turns":4.0},{"damage":16.0,"enemies":"Exordium Thugs","floor":11.0,"turns":6.0},{"damage":4.0,"enemies":"3 Sentries","floor":14.0,"turns":5.0},{"damage":39.0,"enemies":"Hexaghost","floor":16.0,"turns":10.0},{"damage":18.0,"enemies":"Chosen","floor":18.0,"turns":7.0},{"damage":0.0,"enemies":"3 Byrds","floor":20.0,"turns":3.0},{"damage":26.0,"enemies":"3 Cultists","floor":21.0,"turns":5.0},{"damage":22.0,"enemies":"Shelled Parasite and Fungi","floor":22.0,"turns":5.0},{"damage":12.0,"enemies":"Centurion and Healer","floor":24.0,"turns":5.0},{"damage":49.0,"enemies":"Gremlin Leader","floor":25.0,"turns":4.0},{"damage":20,"enemies":"Snake Plant","floor":27,"turns":5},{"damage":1,"enemies":"Snecko","floor":30,"turns":7},{"damage":63,"enemies":"Collector","floor":33,"turns":7}],"seed_played":"5975478897845430238","potions_obtained":[{"floor":4.0,"key":"PowerPotion"},{"floor":7.0,"key":"SkillPotion"},{"floor":10.0,"key":"Energy Potion"},{"floor":18.0,"key":"Block Potion"},{"floor":22.0,"key":"Energy Potion"},{"floor":24.0,"key":"SpeedPotion"},{"floor":27,"key":"SteroidPotion"}],"is_trial":false,"path_per_floor":["M","?","M","M","?","R","M","E","T","E","M","R","$","E","R","B",null,"M","$","M","M","M","R","M","E","T","M","R","?","M","?","R","B"],"character_chosen":"IRONCLAD","items_purchased":["Anchor","Flame Barrier","Bronze Scales"],"campfire_rested":3,"item_purchase_floors":[13,13,19],"current_hp_per_floor":[70,70,76,77,77,77,79,67,67,49,39,39,39,41,41,8,62,55,55,67,50,34,58,57,21,21,7,31,31,43,19,43,0],"gold":120,"neow_bonus":"RANDOM_COMMON_RELIC","is_prod":false,"is_daily":false,"chose_seed":false,"campfire_upgraded":3,"win_rate":0,"timestamp":1553438361,"path_taken":["M","?","?","M","?","R","M","E","T","E","M","R","$","E","R","BOSS","M","?","?","M","M","R","M","E","T","M","R","?","M","?","R","BOSS"],"build_version":"2019-01-23","purchased_purges":0,"victory":false,"max_hp_per_floor":[80,80,80,80,80,80,80,80,80,80,80,80,80,80,80,80,80,80,80,80,80,80,80,80,80,80,80,80,80,80,80,80,80],"card_choices":[{"not_picked":["Twin Strike","Combust"],"picked":"Shrug It Off","floor":1.0},{"not_picked":["Bloodletting","Clothesline"],"picked":"Thunderclap","floor":3.0},{"not_picked":["Reckless Charge","Iron Wave"],"picked":"Infernal Blade","floor":4.0},{"not_picked":["Cleave","Seeing Red"],"picked":"Uppercut","floor":7.0},{"not_picked":["Hemokinesis","Cleave"],"picked":"Juggernaut","floor":8.0},{"not_picked":["Seeing Red","Power Through"],"picked":"Shrug It Off","floor":10.0},{"not_picked":["Havoc","Hemokinesis"],"picked":"Shrug It Off","floor":11.0},{"not_picked":["Clash","Warcry"],"picked":"Pummel","floor":14.0},{"not_picked":["Dark Embrace","Offering"],"picked":"Reaper","floor":16.0},{"not_picked":["Clothesline","Perfected Strike"],"picked":"Entrench","floor":18.0},{"not_picked":["Twin Strike","Blood for Blood"],"picked":"Flame Barrier","floor":20.0},{"not_picked":["Blood for Blood","Headbutt"],"picked":"Whirlwind","floor":21.0},{"not_picked":["Pommel Strike","Havoc"],"picked":"Armaments","floor":22.0},{"not_picked":["Burning Pact","Entrench"],"picked":"Juggernaut","floor":24.0},{"not_picked":["Iron Wave","Anger"],"picked":"Metallicize","floor":25.0},{"not_picked":["Pummel","Rampage","Combust"],"picked":"SKIP","floor":27},{"not_picked":["Fire Breathing","Rampage"],"picked":"Clothesline","floor":30}],"player_experience":209734,"relics_obtained":[{"floor":8.0,"key":"Ancient Tea Set"},{"floor":9.0,"key":"PreservedInsect"},{"floor":10.0,"key":"Sundial"},{"floor":14.0,"key":"Kunai"},{"floor":25.0,"key":"Blue Candle"},{"floor":26.0,"key":"Potion Belt"}],"event_choices":[{"cards_removed":["Strike_R"],"damage_healed":0.0,"max_hp_gain":0.0,"max_hp_loss":0.0,"gold_gain":0.0,"event_name":"Bonfire Elementals","player_choice":"Offered Basic","floor":2.0,"gold_loss":0.0,"damage_taken":0.0},{"damage_healed":0.0,"max_hp_gain":0.0,"max_hp_loss":0.0,"gold_gain":0.0,"cards_transformed":["Strike_R"],"event_name":"Transmorgrifier","player_choice":"Transformed","floor":5.0,"gold_loss":0.0,"damage_taken":0.0,"cards_obtained":["Warcry"]},{"damage_healed":0,"gold_gain":0,"player_choice":"Opened","damage_taken":0,"relics_obtained":["Omamori"],"max_hp_gain":0,"max_hp_loss":0,"event_name":"The Mausoleum","floor":29,"gold_loss":0,"cards_obtained":["Writhe"]},{"damage_healed":0,"gold_gain":0,"player_choice":"POTION POTION ","damage_taken":24,"max_hp_gain":0,"max_hp_loss":0,"event_name":"Knowing Skull","floor":31,"potions_obtained":["SneckoOil","Poison Potion"],"gold_loss":0,"cards_obtained":[]}],"is_beta":false,"boss_relics":[{"not_picked":["Black Star","Runic Dome"],"picked":"Astrolabe"}],"items_purged_floors":[],"is_endless":false,"potions_floor_spawned":[4,7,10,18,22,24,27],"killed_by":"Collector","ascension_level":12}