{"gold_per_floor":[359,44,44,20,20,51,51,64,64,82,105,105,132,148,148,148],"floor_reached":16,"playtime":676,"items_purged":["Strike_R"],"score":113,"play_id":"e0925b45-3f94-44ed-80aa-37b2fb85f3ca","local_time":"20190811134251","is_ascension_mode":true,"campfire_choices":[{"data":"Heavy Blade","floor":7,"key":"SMITH"},{"data":"Flex","floor":12,"key":"SMITH"},{"data":"Corruption","floor":15,"key":"SMITH"}],"neow_cost":"PERCENT_DAMAGE","seed_source_timestamp":12188291663912,"circlet_count":0,"master_deck":["Strike_R","Strike_R","Strike_R+1","Defend_R","Defend_R","Defend_R","Defend_R","Bash+1","Flex+1","Heavy Blade+1","Thunderclap","Battle Trance","True Grit","Corruption+1","Heavy Blade"],"relics":["Burning Blood","Matryoshka","Self Forming Clay","Juzu Bracelet","Blue Candle","Pear","Ancient Tea Set","Sundial"],"potions_floor_usage":[16,16],"damage_taken":[{"damage":1,"enemies":"2 Louse","floor":1,"turns":3},{"damage":18,"enemies":"Gremlin Nob","floor":6,"turns":4},{"damage":1,"enemies":"Cultist","floor":8,"turns":4},{"damage":11,"enemies":"Jaw Worm","floor":10,"turns":2},{"damage":11,"enemies":"3 Sentries","floor":13,"turns":7},{"damage":12,"enemies":"Exordium Wildlife","floor":14,"turns":7},{"damage":26,"enemies":"Hexaghost","floor":16,"turns":9}],"seed_played":"1958089060651709986","potions_obtained":[{"floor":6,"key":"Ancient Potion"},{"floor":10,"key":"PowerPotion"}],"is_trial":false,"path_per_floor":["M","$","?","$","?","E","R","M","T","M","T","R","E","M","R","B"],"character_chosen":"IRONCLAD","items_purchased":["Matryoshka","Heavy Blade"],"campfire_rested":0,"item_purchase_floors":[2,4],"current_hp_per_floor":[61,61,61,61,45,33,33,38,38,33,43,43,38,32,32,6],"gold":148,"neow_bonus":"TWO_FIFTY_GOLD","is_prod":false,"is_daily":false,"chose_seed":false,"campfire_upgraded":3,"win_rate":0,"timestamp":1565498571,"path_taken":["M","$","?","?","?","E","R","?","T","M","?","R","E","M","R","BOSS"],"build_version":"2019-07-17","purchased_purges":1,"victory":false,"max_hp_per_floor":[80,80,80,80,80,80,80,80,80,80,90,90,90,90,90,90],"card_choices":[{"not_picked":["Clash","Warcry"],"picked":"Flex","floor":1},{"not_picked":["Hemokinesis","Rage"],"picked":"Thunderclap","floor":6},{"not_picked":["Perfected Strike","Shrug It Off"],"picked":"Battle Trance","floor":8},{"not_picked":["Wild Strike","Blood for Blood"],"picked":"True Grit","floor":10},{"not_picked":["Pommel Strike","Havoc"],"picked":"Corruption","floor":13},{"not_picked":["Sever Soul","Iron Wave"],"picked":"Heavy Blade","floor":14}],"player_experience":54606,"relics_obtained":[{"floor":6,"key":"Self Forming Clay"},{"floor":9,"key":"Juzu Bracelet"},{"floor":9,"key":"Blue Candle"},{"floor":11,"key":"Pear"},{"floor":11,"key":"Ancient Tea Set"},{"floor":13,"key":"Sundial"}],"event_choices":[{"cards_removed":["Strike_R"],"damage_healed":0,"gold_gain":0,"player_choice":"Purged","damage_taken":0,"max_hp_gain":0,"max_hp_loss":0,"event_name":"Purifier","floor":3,"gold_loss":0},{"damage_healed":0,"gold_gain":0,"player_choice":"Entered Light","damage_taken":16,"max_hp_gain":0,"max_hp_loss":0,"event_name":"Shining Light","floor":5,"gold_loss":0,"cards_upgraded":["Strike_R","Bash"]}],"is_beta":false,"boss_relics":[],"items_purged_floors":[2],"is_endless":false,"potions_floor_spawned":[6,10],"killed_by":"Hexaghost","ascension_level":1}