{"gold_per_floor":[115,16,91,110,110,110,139,153,153,166,23,56,56,83,83,186,186,186,111,125,46,46,46,72,72,72,86,86,164,164,174,174,278,278,297,312,312,412,14,44,44,73,73,26,44,44,60,80,80,80],"floor_reached":51,"playtime":2142,"items_purged":["Strike_G"],"score":1147,"play_id":"54b14724-1c1e-4527-9b89-0cfc4f469d42","local_time":"20190223165425","is_ascension_mode":true,"campfire_choices":[{"data":"Deadly Poison","floor":6,"key":"SMITH"},{"data":"Footwork","floor":13,"key":"SMITH"},{"data":"Infinite Blades","floor":15,"key":"SMITH"},{"data":"Noxious Fumes","floor":23,"key":"SMITH"},{"data":"Calculated Gamble","floor":28,"key":"SMITH"},{"floor":30,"key":"REST"},{"data":"Bouncing Flask","floor":32,"key":"SMITH"},{"floor":46,"key":"REST"},{"floor":49,"key":"REST"}],"neow_cost":"NONE","seed_source_timestamp":387414232150140,"circlet_count":0,"master_deck":["Defend_G","Defend_G","Defend_G+1","Defend_G","Defend_G","Survivor+1","Neutralize+1","Well Laid Plans","Dagger Spray","Deadly Poison+1","Dash","Backstab","Well Laid Plans","Footwork+1","Infinite Blades+1","Calculated Gamble+1","Die Die Die","Underhanded Strike+1","Adrenaline+1","Bouncing Flask+1","Noxious Fumes+1","Deadly Poison+1","Cloak And Dagger+1","Caltrops","Outmaneuver+1","Adrenaline+1","Escape Plan+1","Blade Dance+1","Blade Dance+1","A Thousand Cuts","PiercingWail+1","Leg Sweep+1","Slice+1","Deflect+1","Warcry+1","Writhe","Backflip+1","Backflip+1","Parasite","Uppercut+1","Blind+1","Backstab+1"],"relics":["Ring of the Snake","NeowsBlessing","Art of War","Shuriken","PreservedInsect","Ornamental Fan","Astrolabe","Toxic Egg 2","War Paint","Tiny Chest","Orrery","Pocketwatch","Unceasing Top","Bag of Marbles","PrismaticShard","Anchor","Bottled Tornado","Mummified Hand"],"potions_floor_usage":[14,18,20,33,36,50,50,50],"damage_taken":[{"damage":0,"enemies":"Cultist","floor":1,"turns":1},{"damage":0,"enemies":"2 Louse","floor":4,"turns":1},{"damage":0,"enemies":"3 Sentries","floor":7,"turns":1},{"damage":0,"enemies":"Small Slimes","floor":8,"turns":2},{"damage":7,"enemies":"Looter","floor":10,"turns":3},{"damage":15,"enemies":"Lagavulin","floor":12,"turns":7},{"damage":0,"enemies":"Gremlin Nob","floor":14,"turns":2},{"damage":5,"enemies":"The Guardian","floor":16,"turns":9},{"damage":0,"enemies":"Chosen","floor":18,"turns":1},{"damage":3,"enemies":"3 Byrds","floor":20,"turns":3},{"damage":2,"enemies":"Gremlin Leader","floor":24,"turns":5},{"damage":9,"enemies":"Centurion and Healer","floor":27,"turns":6},{"damage":4,"enemies":"Cultist and Chosen","floor":31,"turns":6},{"damage":36,"enemies":"Champ","floor":33,"turns":9},{"damage":1,"enemies":"3 Shapes","floor":35,"turns":6},{"damage":6,"enemies":"Orb Walker","floor":36,"turns":4},{"damage":0,"enemies":"Mind Bloom Boss Battle","floor":38,"turns":5},{"damage":24,"enemies":"Nemesis","floor":40,"turns":7},{"damage":9,"enemies":"Giant Head","floor":42,"turns":6},{"damage":8,"enemies":"Writhing Mass","floor":45,"turns":5},{"damage":17,"enemies":"Jaw Worm Horde","floor":47,"turns":5},{"damage":2,"enemies":"Transient","floor":48,"turns":5},{"damage":47,"enemies":"Donu and Deca","floor":50,"turns":8}],"seed_played":"7535444091443530143","potions_obtained":[{"floor":1,"key":"Strength Potion"},{"floor":4,"key":"LiquidBronze"},{"floor":12,"key":"SmokeBomb"},{"floor":14,"key":"SteroidPotion"},{"floor":20,"key":"PowerPotion"},{"floor":24,"key":"SpeedPotion"},{"floor":31,"key":"Explosive Potion"},{"floor":35,"key":"Regen Potion"},{"floor":36,"key":"LiquidBronze"}],"is_trial":false,"path_per_floor":["M","$","?","M","?","R","E","M","T","M","$","E","R","E","R","B",null,"M","?","M","$","?","R","E","?","T","M","R","T","R","M","R","B",null,"M","M","T","?","$","E","?","E","T","$","M","R","M","M","R","B",null],"character_chosen":"THE_SILENT","items_purchased":["Well Laid Plans","Dagger Spray","Footwork","Noxious Fumes","Bag of Marbles","PrismaticShard","Deflect+1","Backflip+1"],"campfire_rested":3,"item_purchase_floors":[2,2,11,21,39,39,39,44],"current_hp_per_floor":[63,63,52,52,52,52,52,52,52,45,45,30,30,30,30,25,59,59,59,56,56,56,56,54,54,54,45,45,45,66,62,62,26,59,58,64,64,64,64,40,58,49,49,49,41,62,45,43,64,17],"gold":80,"neow_bonus":"THREE_ENEMY_KILL","is_prod":false,"is_daily":false,"chose_seed":false,"campfire_upgraded":6,"win_rate":0,"timestamp":1550958865,"path_taken":["M","$","?","M","?","R","E","M","T","?","$","E","R","E","R","BOSS","M","?","M","$","?","R","E","?","T","M","R","?","R","?","R","BOSS","M","M","?","?","?","E","?","E","T","$","M","R","M","?","R","BOSS"],"build_version":"2019-01-23","purchased_purges":1,"victory":true,"max_hp_per_floor":[70,70,70,70,70,70,70,70,70,70,70,70,70,70,70,70,70,70,70,70,70,70,70,70,70,70,70,70,70,70,70,70,70,70,70,70,70,70,70,70,70,70,70,70,70,70,70,70,70,70],"card_choices":[{"not_picked":["Reflex","Expertise","Dodge and Roll"],"picked":"SKIP","floor":1},{"not_picked":["Flying Knee","Slice"],"picked":"Deadly Poison","floor":4},{"not_picked":["PiercingWail","Predator"],"picked":"Dash","floor":7},{"not_picked":["Dagger Spray","Acrobatics"],"picked":"Backstab","floor":8},{"not_picked":["Choke","All Out Attack"],"picked":"Well Laid Plans","floor":10},{"not_picked":["Dash","Blur"],"picked":"Infinite Blades","floor":12},{"not_picked":["Masterful Stab","Distraction"],"picked":"Calculated Gamble","floor":14},{"not_picked":["Phantasmal Killer","Doppelganger"],"picked":"Die Die Die","floor":16},{"not_picked":["Deflect","Heel Hook"],"picked":"Bouncing Flask","floor":20},{"not_picked":["Accuracy","Dash"],"picked":"Deadly Poison","floor":24},{"not_picked":["Dagger Spray","Prepared+1"],"picked":"Caltrops","floor":27},{"not_picked":["Flying Knee","Bane"],"picked":"Outmaneuver+1","floor":31},{"not_picked":["Envenom","Bullet Time+1"],"picked":"Adrenaline+1","floor":33},{"not_picked":["Accuracy","Dodge and Roll+1"],"picked":"Escape Plan+1","floor":34},{"not_picked":["Prepared+1","Deadly Poison+1"],"picked":"Blade Dance+1","floor":34},{"not_picked":["Crippling Poison+1","Dodge and Roll+1"],"picked":"Blade Dance+1","floor":34},{"not_picked":["Dagger Throw","Quick Slash"],"picked":"A Thousand Cuts","floor":34},{"not_picked":["Dagger Throw+1","Bouncing Flask+1"],"picked":"PiercingWail+1","floor":35},{"not_picked":["Blade Dance+1","Concentrate+1"],"picked":"Leg Sweep+1","floor":36},{"not_picked":["Outmaneuver+1","Flechettes+1"],"picked":"Slice+1","floor":38},{"not_picked":["PiercingWail+1","Bane+1"],"picked":"Warcry+1","floor":40},{"not_picked":["Fire Breathing","Barricade"],"picked":"Backflip+1","floor":42},{"not_picked":["Blizzard","Well Laid Plans+1"],"picked":"Uppercut+1","floor":45},{"not_picked":["Armaments+1","Leap+1"],"picked":"Blind+1","floor":47},{"not_picked":["Auto Shields+1","PiercingWail+1"],"picked":"Backstab+1","floor":48}],"player_experience":130081,"relics_obtained":[{"floor":7,"key":"Art of War"},{"floor":9,"key":"Shuriken"},{"floor":12,"key":"PreservedInsect"},{"floor":14,"key":"Ornamental Fan"},{"floor":24,"key":"Toxic Egg 2"},{"floor":26,"key":"War Paint"},{"floor":29,"key":"Tiny Chest"},{"floor":37,"key":"Pocketwatch"},{"floor":38,"key":"Unceasing Top"},{"floor":40,"key":"Anchor"},{"floor":42,"key":"Bottled Tornado"},{"floor":43,"key":"Mummified Hand"}],"event_choices":[{"damage_healed":0,"gold_gain":75,"player_choice":"Gather Gold","damage_taken":11,"max_hp_gain":0,"max_hp_loss":0,"event_name":"World of Goop","floor":3,"gold_loss":0},{"damage_healed":0,"gold_gain":0,"player_choice":"Upgraded","damage_taken":0,"max_hp_gain":0,"max_hp_loss":0,"event_name":"Upgrade Shrine","floor":5,"gold_loss":0,"cards_upgraded":["Neutralize"]},{"cards_removed":["Strike_G"],"damage_healed":0,"gold_gain":0,"player_choice":"Gave Gold","damage_taken":0,"max_hp_gain":0,"max_hp_loss":0,"event_name":"Beggar","floor":19,"gold_loss":75},{"cards_removed":["Reflex"],"damage_healed":0,"gold_gain":0,"player_choice":"Elegance","damage_taken":0,"max_hp_gain":0,"max_hp_loss":0,"event_name":"Back to Basics","floor":22,"gold_loss":0},{"damage_healed":0,"gold_gain":0,"player_choice":"Read","damage_taken":0,"max_hp_gain":0,"max_hp_loss":0,"event_name":"The Library","floor":25,"gold_loss":0,"cards_obtained":["Cloak And Dagger"]},{"damage_healed":0,"gold_gain":0,"player_choice":"Fight","damage_taken":0,"max_hp_gain":0,"max_hp_loss":0,"event_name":"MindBloom","floor":38,"gold_loss":0},{"damage_healed":18,"gold_gain":0,"player_choice":"Writhe","damage_taken":0,"max_hp_gain":0,"max_hp_loss":0,"event_name":"Winding Halls","floor":41,"gold_loss":0,"cards_obtained":["Writhe"]}],"is_beta":false,"boss_relics":[{"not_picked":["Busted Crown","Pandora\u0027s Box"],"picked":"Astrolabe"},{"not_picked":["Velvet Choker","Snecko Eye"],"picked":"Orrery"}],"items_purged_floors":[11],"is_endless":false,"potions_floor_spawned":[1,4,12,14,20,24,31,35,36],"ascension_level":8}