{"gold_per_floor":[117,117,192,209,209,209,1,1,1,35,47,57,110,123,123,123],"floor_reached":16,"playtime":340,"items_purged":[],"score":155,"play_id":"53f4d72b-a23a-4531-a685-c72200692045","local_time":"20190306004626","is_ascension_mode":true,"campfire_choices":[{"data":"Feed","floor":6.0,"key":"SMITH"},{"data":"Immolate","floor":8.0,"key":"SMITH"},{"floor":15,"key":"REST"}],"neow_cost":"TEN_PERCENT_HP_LOSS","seed_source_timestamp":0,"circlet_count":0,"master_deck":["AscendersBane","Strike_R","Strike_R","Strike_R+1","Strike_R","Strike_R","Defend_R","Defend_R","Defend_R","Defend_R","Bash","Feed+1","Shrug It Off+1","Thunderclap","Immolate+1","Headbutt","Exhume","Spot Weakness","Metallicize"],"special_seed":0,"relics":["Burning Blood","Letter Opener","Bottled Lightning"],"potions_floor_usage":[11,16],"damage_taken":[{"damage":23.0,"enemies":"Jaw Worm","floor":1.0,"turns":4.0},{"damage":0.0,"enemies":"Small Slimes","floor":4.0,"turns":5.0},{"damage":32.0,"enemies":"Gremlin Nob","floor":10.0,"turns":4.0},{"damage":6,"enemies":"Cultist","floor":11,"turns":3},{"damage":8,"enemies":"Blue Slaver","floor":12,"turns":3},{"damage":13,"enemies":"Large Slime","floor":14,"turns":5},{"damage":31,"enemies":"The Guardian","floor":16,"turns":5}],"seed_played":"-6808246941647831904","potions_obtained":[{"floor":10,"key":"Poison Potion"},{"floor":14,"key":"GamblersBrew"}],"is_trial":false,"path_per_floor":["M","?","?","M","?","R","$","R","T","E","M","M","?","M","R","B"],"character_chosen":"IRONCLAD","items_purchased":["Immolate","Headbutt"],"campfire_rested":1,"item_purchase_floors":[7,7],"current_hp_per_floor":[55,41,30,39,39,39,39,39,39,17,17,15,15,8,31,0],"gold":123,"neow_bonus":"THREE_RARE_CARDS","is_prod":false,"is_daily":false,"chose_seed":false,"campfire_upgraded":2,"win_rate":0,"timestamp":1551851186,"path_taken":["M","?","?","M","?","R","$","R","T","E","?","M","?","M","R","BOSS"],"build_version":"2019-01-23","purchased_purges":0,"victory":false,"max_hp_per_floor":[72,72,72,75,75,75,75,75,75,79,79,79,79,79,79,79],"card_choices":[{"not_picked":["Limit Break","Berserk"],"picked":"Feed","floor":0.0},{"not_picked":["Clash","Iron Wave"],"picked":"Shrug It Off","floor":1.0},{"not_picked":["Flex","Infernal Blade"],"picked":"Thunderclap","floor":4.0},{"not_picked":["Rage","True Grit"],"picked":"Exhume","floor":10},{"not_picked":["Seeing Red","Entrench"],"picked":"Spot Weakness","floor":11},{"not_picked":["Evolve","Havoc"],"picked":"Metallicize","floor":12},{"not_picked":["Body Slam","Warcry","Dropkick"],"picked":"SKIP","floor":14}],"player_experience":176787,"relics_obtained":[{"floor":9.0,"key":"Letter Opener"},{"floor":10,"key":"Bottled Lightning"}],"event_choices":[{"damage_healed":0.0,"max_hp_gain":0.0,"max_hp_loss":0.0,"gold_gain":0.0,"event_name":"Shining Light","player_choice":"Entered Light","floor":2.0,"gold_loss":0.0,"damage_taken":14.0,"cards_upgraded":["Shrug It Off","Strike_R"]},{"damage_healed":0.0,"max_hp_gain":0.0,"max_hp_loss":0.0,"gold_gain":75.0,"event_name":"World of Goop","player_choice":"Gather Gold","floor":3.0,"gold_loss":0.0,"damage_taken":11.0},{"damage_healed":0.0,"max_hp_gain":0.0,"max_hp_loss":0.0,"gold_gain":0.0,"event_name":"Match and Keep!","player_choice":"0 cards matched","floor":5.0,"gold_loss":0.0,"damage_taken":0.0,"cards_obtained":[]},{"damage_healed":0,"gold_gain":53,"player_choice":"Gained Gold","damage_taken":0,"max_hp_gain":0,"max_hp_loss":0,"event_name":"Golden Wing","floor":13,"gold_loss":0}],"is_beta":false,"boss_relics":[],"items_purged_floors":[],"is_endless":false,"potions_floor_spawned":[10,14],"killed_by":"The Guardian","ascension_level":11}