{"gold_per_floor":[118,132,47,62,137,137,164,164,164,214,214,231,231,246,246,320,320,333,12,25,37,37,37],"floor_reached":23,"playtime":2469,"items_purged":[],"score":382,"play_id":"be18c690-88b7-4aae-b0a8-19dec03c3437","local_time":"20181001003541","is_ascension_mode":true,"campfire_choices":[{"data":"Beam Cell","floor":6,"key":"SMITH"},{"data":"Genetic Algorithm","floor":8,"key":"SMITH"},{"data":"Zap","floor":11,"key":"SMITH"},{"data":"Fission","floor":13,"key":"SMITH"},{"data":"Streamline","floor":15,"key":"SMITH"}],"neow_cost":"NONE","seed_source_timestamp":1503803221400624,"circlet_count":0,"master_deck":["Zap+1","Dualcast","AscendersBane","Ball Lightning","Coolheaded","Ball Lightning","Beam Cell+1","Genetic Algorithm+1","Steam","Fission+1","Streamline+1","Biased Cognition","Fusion","Streamline","Steam","Auto Shields","Skim","Redo","Redo","Ball Lightning","Stack","Dark Shackles","Self Repair","Conserve Battery","Coolheaded"],"special_seed":0,"relics":["Cracked Core","NeowsBlessing","Pantograph","Sundial","Pandora\u0027s Box","Oddly Smooth Stone"],"potions_floor_usage":[23,23],"damage_taken":[{"damage":0.0,"enemies":"Cultist","floor":1.0,"turns":1.0},{"damage":0.0,"enemies":"2 Louse","floor":2.0,"turns":1.0},{"damage":0.0,"enemies":"Jaw Worm","floor":4.0,"turns":1.0},{"damage":10,"enemies":"Gremlin Nob","floor":7,"turns":3},{"damage":8,"enemies":"Large Slime","floor":12,"turns":5},{"damage":2,"enemies":"Lots of Slimes","floor":14,"turns":4},{"damage":40,"enemies":"The Guardian","floor":16,"turns":9},{"damage":0,"enemies":"Chosen","floor":18,"turns":3},{"damage":13,"enemies":"3 Byrds","floor":20,"turns":4},{"damage":14,"enemies":"Centurion and Healer","floor":21,"turns":7},{"damage":48,"enemies":"Book of Stabbing","floor":23,"turns":4}],"seed_played":"6302519054609748092","potions_obtained":[{"floor":7,"key":"Dexterity Potion"},{"floor":14,"key":"Swift Potion"}],"is_trial":false,"path_per_floor":["M","M","$","M","?","R","E","R","T","?","R","M","R","M","R","B",null,"M","$","M","M","?"],"character_chosen":"DEFECT","items_purchased":["Ball Lightning","Beam Cell","Oddly Smooth Stone","Dark Shackles","Self Repair"],"campfire_rested":0,"item_purchase_floors":[3,3,19,19,19],"current_hp_per_floor":[64,64,64,64,53,53,43,43,43,43,43,35,35,33,33,18,58,58,58,52,45,45,0],"gold":37,"neow_bonus":"THREE_ENEMY_KILL","is_prod":false,"is_daily":false,"chose_seed":false,"campfire_upgraded":5,"win_rate":0,"timestamp":1538379341,"path_taken":["M","M","$","?","?","R","E","R","T","?","R","M","R","M","R","BOSS","M","$","M","M","?","E"],"build_version":"2018-09-27","purchased_purges":0,"victory":false,"max_hp_per_floor":[71,71,71,71,71,71,71,71,71,71,71,71,71,71,71,71,71,71,71,71,71,71,71],"card_choices":[{"not_picked":["Turbo","Hologram"],"picked":"Ball Lightning","floor":1.0},{"not_picked":["Aggregate","Stack"],"picked":"Coolheaded","floor":2.0},{"not_picked":["Reinforced Body","Static Discharge"],"picked":"Genetic Algorithm","floor":4},{"not_picked":["Auto Shields","Redo"],"picked":"Steam","floor":7},{"not_picked":["Beam Cell","Redo"],"picked":"Fission","floor":12},{"not_picked":["Steam","Conserve Battery"],"picked":"Streamline","floor":14},{"not_picked":["Electrodynamics","Multi-Cast"],"picked":"Biased Cognition","floor":16},{"not_picked":["Gash","Hello World"],"picked":"Stack","floor":18},{"not_picked":["Stack","Tempest"],"picked":"Conserve Battery","floor":20},{"not_picked":["Streamline","Rebound"],"picked":"Coolheaded","floor":21}],"player_experience":2438162,"relics_obtained":[{"floor":7,"key":"Pantograph"},{"floor":9,"key":"Sundial"}],"event_choices":[{"event_name":"World of Goop","player_choice":"Gather Gold","floor":5,"damage_taken":0},{"event_name":"Golden Shrine","player_choice":"Pray","floor":10,"damage_taken":0},{"event_name":"Beggar","player_choice":"Ignored","floor":22,"damage_taken":0}],"is_beta":true,"boss_relics":[{"not_picked":["Philosopher\u0027s Stone","Empty Cage"],"picked":"Pandora\u0027s Box"}],"items_purged_floors":[],"is_endless":false,"potions_floor_spawned":[7,14,16,21],"killed_by":"Book of Stabbing","ascension_level":20}