{"gold_per_floor":[215,230,247,258,109,109,138,138,138,138,156,168,194,211,211,288,288,300,300,137,187,202,202,220,220,244,272,282,282,382,111,111,182,182,195,195,205,205,305,305,330,330,330,382,382,400,400,435,435,435],"floor_reached":51,"playtime":8265,"items_purged":["Strike_G","Strike_G"],"score":1897,"play_id":"5586d18d-ddb5-4911-a7d0-1a0e2af00afd","local_time":"20190827144542","is_ascension_mode":true,"campfire_choices":[{"data":"Malaise","floor":6.0,"key":"SMITH"},{"data":"Noxious Fumes","floor":8.0,"key":"SMITH"},{"floor":10.0,"key":"REST"},{"floor":15.0,"key":"REST"},{"data":"Ghostly","floor":23.0,"key":"SMITH"},{"data":"Footwork","floor":25.0,"key":"SMITH"},{"data":"After Image","floor":29.0,"key":"SMITH"},{"data":"Ghostly","floor":32.0,"key":"SMITH"},{"data":"Night Terror","floor":40.0,"key":"SMITH"},{"data":"Concentrate","floor":42.0,"key":"SMITH"},{"data":"Burst","floor":45.0,"key":"SMITH"},{"data":"Ghostly","floor":49.0,"key":"SMITH"}],"neow_cost":"NONE","seed_source_timestamp":0,"circlet_count":0,"master_deck":["AscendersBane","Strike_G","Strike_G","Strike_G","Defend_G","Defend_G","Defend_G","Defend_G","Defend_G","Survivor","Neutralize","Sucker Punch","Dagger Throw","Noxious Fumes+1","Backstab","Malaise+1","PiercingWail","Leg Sweep","Venomology","Caltrops","Backflip","Backstab","Predator","Night Terror+1","Noxious Fumes+1","Ghostly+1","Ghostly+1","Ghostly+1","Footwork+1","Concentrate+1","Blur","After Image+1","Cloak And Dagger","Burst+1","Concentrate+1","Grand Finale"],"special_seed":0,"relics":["Ring of the Snake","Dream Catcher","Strawberry","Mummified Hand","Runic Pyramid","Snake Skull","StoneCalendar","Torii","Bottled Tornado","Oddly Smooth Stone","Lizard Tail","Pocketwatch","Omamori","Molten Egg 2","The Specimen","Pear"],"potions_floor_usage":[50,50,50],"damage_taken":[{"damage":4.0,"enemies":"Small Slimes","floor":1.0,"turns":4.0},{"damage":5.0,"enemies":"2 Louse","floor":2.0,"turns":3.0},{"damage":0.0,"enemies":"Cultist","floor":3.0,"turns":3.0},{"damage":3.0,"enemies":"Looter","floor":4.0,"turns":4.0},{"damage":11.0,"enemies":"3 Sentries","floor":7.0,"turns":9.0},{"damage":9.0,"enemies":"Blue Slaver","floor":11.0,"turns":5.0},{"damage":0.0,"enemies":"3 Louse","floor":12.0,"turns":4.0},{"damage":21.0,"enemies":"Lagavulin","floor":13.0,"turns":12.0},{"damage":11.0,"enemies":"Lots of Slimes","floor":14.0,"turns":4.0},{"damage":38.0,"enemies":"Slime Boss","floor":16.0,"turns":10.0},{"damage":4.0,"enemies":"Chosen","floor":18.0,"turns":7.0},{"damage":5.0,"enemies":"3 Byrds","floor":22.0,"turns":6.0},{"damage":4.0,"enemies":"3 Cultists","floor":24.0,"turns":6.0},{"damage":0.0,"enemies":"Gremlin Leader","floor":27.0,"turns":8.0},{"damage":4.0,"enemies":"Snake Plant","floor":28.0,"turns":5.0},{"damage":1.0,"enemies":"Colosseum Slavers","floor":30.0,"turns":5.0},{"damage":0.0,"enemies":"Colosseum Nobs","floor":30.0,"turns":6.0},{"damage":3.0,"enemies":"Champ","floor":33.0,"turns":14.0},{"damage":1.0,"enemies":"3 Shapes","floor":35.0,"turns":7.0},{"damage":1.0,"enemies":"3 Darklings","floor":37.0,"turns":7.0},{"damage":0.0,"enemies":"Writhing Mass","floor":38.0,"turns":2.0},{"damage":0.0,"enemies":"Mind Bloom Boss Battle","floor":39.0,"turns":9.0},{"damage":0.0,"enemies":"Reptomancer","floor":41.0,"turns":8.0},{"damage":0.0,"enemies":"2 Orb Walkers","floor":44.0,"turns":6.0},{"damage":0.0,"enemies":"Spire Growth","floor":46.0,"turns":8.0},{"damage":0.0,"enemies":"Nemesis","floor":48.0,"turns":8.0},{"damage":1,"enemies":"Awakened One","floor":50,"turns":23}],"seed_played":"-7866930369871986913","potions_obtained":[{"floor":1.0,"key":"Block Potion"},{"floor":7.0,"key":"Weak Potion"},{"floor":12.0,"key":"SpeedPotion"},{"floor":14.0,"key":"GamblersBrew"},{"floor":24.0,"key":"Energy Potion"},{"floor":27.0,"key":"SpeedPotion"},{"floor":33.0,"key":"SkillPotion"},{"floor":36.0,"key":"SmokeBomb"},{"floor":41.0,"key":"GhostInAJar"},{"floor":44.0,"key":"LiquidBronze"}],"is_trial":false,"path_per_floor":["M","M","M","M","$","R","E","R","T","R","M","M","E","M","R","B",null,"M","?","$","?","M","R","M","R","T","E","M","R","?","$","R","B",null,"M","?","M","M","?","R","E","R","T","?","R","M","?","E","R","B",null],"character_chosen":"THE_SILENT","items_purchased":["Malaise","Footwork","Oddly Smooth Stone"],"campfire_rested":2,"item_purchase_floors":[5,20,31],"current_hp_per_floor":[55,50,50,47,47,47,36,36,43,64,55,55,34,23,44,6,56,52,36,36,36,31,31,27,27,27,27,23,23,22,22,22,19,32,31,31,30,30,30,30,30,30,30,30,30,30,36,46,46,45],"gold":435,"neow_bonus":"HUNDRED_GOLD","is_prod":false,"is_daily":false,"chose_seed":false,"campfire_upgraded":10,"win_rate":0,"timestamp":1566942342,"path_taken":["M","M","M","M","$","R","E","R","T","R","M","M","E","M","R","BOSS","M","?","$","?","?","R","M","R","T","E","M","R","?","?","R","BOSS","M","?","?","M","?","R","E","R","T","?","R","M","?","E","R","BOSS"],"build_version":"2019-07-17","purchased_purges":2,"victory":true,"max_hp_per_floor":[66,66,66,66,66,66,66,66,73,73,73,73,73,73,73,73,73,73,36,36,36,36,36,36,36,36,36,36,36,36,36,36,36,36,36,36,36,36,36,36,36,36,36,36,36,36,36,46,46,46],"card_choices":[{"not_picked":["Underhanded Strike","Leg Sweep"],"picked":"Sucker Punch","floor":1.0},{"not_picked":["Sucker Punch","Blade Dance"],"picked":"Dagger Throw","floor":2.0},{"not_picked":["Dagger Spray","Dagger Throw"],"picked":"Noxious Fumes","floor":3.0},{"not_picked":["Catalyst","Acrobatics"],"picked":"Backstab","floor":4.0},{"not_picked":["Quick Slash","Blade Dance"],"picked":"PiercingWail","floor":7.0},{"not_picked":["Prepared","PiercingWail"],"picked":"Leg Sweep","floor":10.0},{"not_picked":["Prepared","Backflip"],"picked":"Venomology","floor":11.0},{"not_picked":["Prepared","Blur"],"picked":"Caltrops","floor":12.0},{"not_picked":["Quick Slash","PiercingWail"],"picked":"Backflip","floor":13.0},{"not_picked":["Slice","Deadly Poison"],"picked":"Backstab","floor":14.0},{"not_picked":["Acrobatics","Infinite Blades"],"picked":"Predator","floor":15.0},{"not_picked":["Storm of Steel","Doppelganger"],"picked":"Night Terror","floor":16.0},{"not_picked":["Endless Agony","Sucker Punch"],"picked":"Noxious Fumes+1","floor":18.0},{"not_picked":["Blade Dance+1","Escape Plan+1"],"picked":"Concentrate","floor":22.0},{"not_picked":["Deadly Poison","Flying Knee"],"picked":"Blur","floor":24.0},{"not_picked":["Accuracy+1","Prepared"],"picked":"After Image","floor":27.0},{"not_picked":["Underhanded Strike+1","Acrobatics"],"picked":"Cloak And Dagger","floor":28.0},{"not_picked":["Doppelganger","Grand Finale"],"picked":"Burst","floor":33.0},{"not_picked":["Acrobatics","Crippling Poison"],"picked":"Concentrate+1","floor":35.0},{"not_picked":["Poisoned Stab","Acrobatics","Crippling Poison"],"picked":"SKIP","floor":37.0},{"not_picked":["Poisoned Stab","Acrobatics","Crippling Poison"],"picked":"SKIP","floor":37.0},{"not_picked":["Dash+1","Footwork"],"picked":"Grand Finale","floor":41.0},{"not_picked":["Poisoned Stab+1","Backflip","Well Laid Plans"],"picked":"SKIP","floor":46.0},{"not_picked":["Acrobatics+1","Bullet Time","Backflip"],"picked":"SKIP","floor":48.0}],"player_experience":685684,"relics_obtained":[{"floor":7.0,"key":"Dream Catcher"},{"floor":9.0,"key":"Strawberry"},{"floor":13.0,"key":"Mummified Hand"},{"floor":26.0,"key":"Snake Skull"},{"floor":27.0,"key":"StoneCalendar"},{"floor":30.0,"key":"Torii"},{"floor":30.0,"key":"Bottled Tornado"},{"floor":39.0,"key":"Pocketwatch"},{"floor":41.0,"key":"Omamori"},{"floor":43.0,"key":"Molten Egg 2"},{"floor":44.0,"key":"The Specimen"},{"floor":48.0,"key":"Pear"}],"event_choices":[{"damage_healed":0.0,"max_hp_gain":0.0,"max_hp_loss":37.0,"gold_gain":0.0,"event_name":"Ghosts","player_choice":"Became a Ghost","floor":19.0,"gold_loss":0.0,"damage_taken":0.0,"cards_obtained":["Ghostly","Ghostly","Ghostly"]},{"damage_healed":0.0,"max_hp_gain":0.0,"max_hp_loss":0.0,"gold_gain":50.0,"event_name":"Golden Shrine","player_choice":"Pray","floor":21.0,"gold_loss":0.0,"damage_taken":0.0},{"damage_healed":0.0,"max_hp_gain":0.0,"max_hp_loss":0.0,"gold_gain":0.0,"event_name":"Colosseum","player_choice":"Fight","floor":30.0,"gold_loss":0.0,"damage_taken":0.0},{"damage_healed":0.0,"max_hp_gain":0.0,"max_hp_loss":0.0,"gold_gain":0.0,"event_name":"Colosseum","player_choice":"Fought Nobs","floor":30.0,"gold_loss":0.0,"damage_taken":0.0},{"damage_healed":0.0,"max_hp_gain":0.0,"max_hp_loss":0.0,"gold_gain":0.0,"event_name":"Lab","player_choice":"Got Potions","floor":36.0,"gold_loss":0.0,"damage_taken":0.0},{"damage_healed":0.0,"max_hp_gain":0.0,"max_hp_loss":0.0,"gold_gain":0.0,"event_name":"MindBloom","player_choice":"Fight","floor":39.0,"gold_loss":0.0,"damage_taken":0.0},{"damage_healed":0.0,"max_hp_gain":0.0,"max_hp_loss":0.0,"gold_gain":0.0,"event_name":"Mysterious Sphere","player_choice":"Fight","floor":44.0,"gold_loss":0.0,"damage_taken":0.0},{"damage_healed":7.0,"max_hp_gain":0.0,"max_hp_loss":0.0,"gold_gain":0.0,"event_name":"Winding Halls","player_choice":"Writhe","floor":47.0,"gold_loss":0.0,"damage_taken":0.0,"cards_obtained":["Writhe"]}],"is_beta":false,"boss_relics":[{"not_picked":["Calling Bell","Ring of the Serpent"],"picked":"Runic Pyramid"},{"not_picked":["HoveringKite","Orrery"],"picked":"Lizard Tail"}],"items_purged_floors":[20,31],"is_endless":false,"potions_floor_spawned":[1,7,12,14,24,27,33,39,41,44],"ascension_level":19}