{"gold_per_floor":[111,131,131,155,181,181,202,202,248,272,297,297,368,368],"floor_reached":14,"playtime":528,"items_purged":[],"score":160,"play_id":"c6cde649-eb43-4bff-9fd0-27cde7ad6101","local_time":"20190729213854","is_ascension_mode":true,"campfire_choices":[{"data":"Streamline","floor":6,"key":"SMITH"},{"data":"Loop","floor":8,"key":"SMITH"},{"data":"Conserve Battery","floor":12,"key":"SMITH"}],"neow_cost":"NONE","seed_source_timestamp":268406105996642,"circlet_count":0,"master_deck":["AscendersBane","Strike_B","Strike_B","Strike_B","Strike_B","Defend_B","Defend_B","Defend_B","Defend_B","Zap","Dualcast","Leap","Hello World","Streamline+1","Loop+1","Conserve Battery+1","Gash"],"relics":["Cracked Core","Ancient Tea Set","Golden Idol","Happy Flower","Vajra","Odd Mushroom"],"potions_floor_usage":[11,14],"damage_taken":[{"damage":4,"enemies":"Small Slimes","floor":1,"turns":3},{"damage":0,"enemies":"Jaw Worm","floor":2,"turns":4},{"damage":4,"enemies":"2 Louse","floor":4,"turns":4},{"damage":6,"enemies":"Large Slime","floor":7,"turns":6},{"damage":3,"enemies":"Blue Slaver","floor":10,"turns":2},{"damage":13,"enemies":"The Mushroom Lair","floor":11,"turns":4},{"damage":19,"enemies":"Exordium Thugs","floor":14,"turns":1}],"seed_played":"-5859840380569603018","potions_obtained":[{"floor":2,"key":"Ancient Potion"},{"floor":4,"key":"PowerPotion"},{"floor":10,"key":"SkillPotion"}],"is_trial":false,"path_per_floor":["M","M","?","M","T","R","M","R","T","M","?","R","?","M"],"character_chosen":"DEFECT","items_purchased":[],"campfire_rested":0,"item_purchase_floors":[],"current_hp_per_floor":[60,60,36,32,32,32,26,26,26,23,10,10,10,0],"gold":368,"neow_bonus":"RANDOM_COMMON_RELIC","is_prod":false,"is_daily":false,"chose_seed":false,"campfire_upgraded":3,"win_rate":0,"timestamp":1564461534,"path_taken":["M","M","?","M","?","R","?","R","T","M","?","R","?","M"],"build_version":"2019-07-18","purchased_purges":0,"victory":false,"max_hp_per_floor":[71,71,71,71,71,71,71,71,71,71,71,71,71,71],"card_choices":[{"not_picked":["Redo","Reprogram"],"picked":"Leap","floor":1},{"not_picked":["Beam Cell","Skim"],"picked":"Hello World","floor":2},{"not_picked":["Rebound","Aggregate"],"picked":"Streamline","floor":4},{"not_picked":["Leap","Sweeping Beam"],"picked":"Loop","floor":7},{"not_picked":["Redo","Turbo"],"picked":"Conserve Battery","floor":10},{"not_picked":["Leap","Stack"],"picked":"Gash","floor":11}],"player_experience":2838035,"relics_obtained":[{"floor":5,"key":"Happy Flower"},{"floor":9,"key":"Vajra"},{"floor":11,"key":"Odd Mushroom"}],"event_choices":[{"damage_healed":0,"gold_gain":0,"player_choice":"Take Damage","damage_taken":24,"relics_obtained":["Golden Idol"],"max_hp_gain":0,"max_hp_loss":0,"event_name":"Golden Idol","floor":3,"gold_loss":0},{"damage_healed":0,"gold_gain":0,"player_choice":"Fought Mushrooms","damage_taken":0,"max_hp_gain":0,"max_hp_loss":0,"event_name":"Mushrooms","floor":11,"gold_loss":0},{"damage_healed":0,"gold_gain":71,"player_choice":"Gained Gold","damage_taken":0,"max_hp_gain":0,"max_hp_loss":0,"event_name":"Golden Wing","floor":13,"gold_loss":0}],"is_beta":true,"boss_relics":[],"items_purged_floors":[],"is_endless":false,"potions_floor_spawned":[2,4,10],"killed_by":"Exordium Thugs","ascension_level":20}