{"gold_per_floor":[112,20,36,54,54,54,54,68,68,68,78,109,125,140,140,236,236,249,3,17,31,31,31,31,43,43,56,56,56,90,106,106,209,209,220,320,5,16,63,63,80,80,80,80,0,13,13,32,32,32],"floor_reached":51,"playtime":6350,"items_purged":[],"score":646,"play_id":"5d1f4435-ea19-44ed-8fcc-51214fcb8e22","local_time":"20190824141415","is_ascension_mode":false,"campfire_choices":[{"data":"Footwork","floor":7,"key":"SMITH"},{"floor":15,"key":"REST"},{"floor":23,"key":"REST"},{"floor":29,"key":"REST"},{"floor":32,"key":"REST"},{"floor":40,"key":"REST"},{"floor":44,"key":"REST"},{"floor":49,"key":"REST"}],"neow_cost":"NONE","seed_source_timestamp":57191045951589,"circlet_count":0,"master_deck":["Strike_G","Strike_G","Strike_G","Strike_G","Defend_G","Defend_G","Defend_G","Defend_G","Defend_G","Survivor","Neutralize+1","Poisoned Stab","Predator","Poisoned Stab","Endless Agony+1","Footwork+1","Outmaneuver+1","Noxious Fumes","PiercingWail","Die Die Die","Caltrops+1","Tools of the Trade+1","Prepared+1","Catalyst","Secret Technique","Terror","Finisher","Underhanded Strike","Backflip+1","After Image+1","Predator+1","A Thousand Cuts+1","All Out Attack+1","Dagger Throw+1","Sadistic Nature+1","Tactician","Blade Dance+1","Predator","Backstab+1","Deadly Poison","Backflip","Poisoned Stab","Dash+1"],"relics":["Ring of the Serpent","Darkstone Periapt","Frozen Egg 2","MutagenicStrength","Kunai","Question Card","Pantograph","Busted Crown","Torii","Dream Catcher","The Specimen","Orichalcum","Red Mask"],"potions_floor_usage":[16,16,16,21,25,30,31,39,39,46,50],"damage_taken":[{"damage":0,"enemies":"Small Slimes","floor":1,"turns":5},{"damage":0,"enemies":"2 Louse","floor":3,"turns":3},{"damage":1,"enemies":"Jaw Worm","floor":4,"turns":3},{"damage":5,"enemies":"Looter","floor":8,"turns":3},{"damage":1,"enemies":"Blue Slaver","floor":11,"turns":3},{"damage":23,"enemies":"Gremlin Nob","floor":12,"turns":4},{"damage":0,"enemies":"Exordium Thugs","floor":13,"turns":6},{"damage":0,"enemies":"3 Louse","floor":14,"turns":3},{"damage":22,"enemies":"The Guardian","floor":16,"turns":8},{"damage":27,"enemies":"2 Thieves","floor":18,"turns":4},{"damage":18,"enemies":"Shell Parasite","floor":20,"turns":6},{"damage":20,"enemies":"Cultist and Chosen","floor":21,"turns":5},{"damage":6,"enemies":"3 Cultists","floor":25,"turns":4},{"damage":5,"enemies":"Snecko","floor":27,"turns":5},{"damage":23,"enemies":"Book of Stabbing","floor":30,"turns":7},{"damage":7,"enemies":"Centurion and Healer","floor":31,"turns":9},{"damage":45,"enemies":"Collector","floor":33,"turns":11},{"damage":28,"enemies":"3 Shapes","floor":35,"turns":5},{"damage":0,"enemies":"Mind Bloom Boss Battle","floor":36,"turns":4},{"damage":1,"enemies":"Orb Walker","floor":38,"turns":3},{"damage":36,"enemies":"2 Orb Walkers","floor":39,"turns":5},{"damage":9,"enemies":"Maw","floor":41,"turns":6},{"damage":16,"enemies":"Transient","floor":46,"turns":5},{"damage":28,"enemies":"Spire Growth","floor":48,"turns":6},{"damage":59,"enemies":"Donu and Deca","floor":50,"turns":9}],"seed_played":"-6794388468307216535","potions_obtained":[{"floor":4,"key":"Regen Potion"},{"floor":8,"key":"GhostInAJar"},{"floor":11,"key":"Ancient Potion"},{"floor":14,"key":"FearPotion"},{"floor":18,"key":"Fire Potion"},{"floor":20,"key":"GhostInAJar"},{"floor":27,"key":"GamblersBrew"},{"floor":30,"key":"SkillPotion"},{"floor":33,"key":"SpeedPotion"},{"floor":35,"key":"Block Potion"},{"floor":38,"key":"SkillPotion"},{"floor":39,"key":"Swift Potion"}],"is_trial":false,"path_per_floor":["M","$","M","M","?","?","R","M","T","?","M","E","M","M","R","B",null,"M","$","M","M","?","R","?","M","T","M","T","R","E","M","R","B",null,"M","?","$","M","?","R","M","?","T","R","?","M","$","M","R","B",null],"character_chosen":"THE_SILENT","items_purchased":["Predator","Poisoned Stab","Catalyst","Secret Technique","Sadistic Nature+1","Dream Catcher"],"campfire_rested":7,"item_purchase_floors":[2,2,19,19,37,37],"current_hp_per_floor":[77,77,77,76,61,61,61,56,56,56,55,32,32,32,55,48,77,50,50,32,12,12,35,35,29,29,24,24,47,24,17,40,20,77,49,74,74,73,37,60,51,51,51,74,74,58,58,30,53,18],"gold":32,"neow_bonus":"TEN_PERCENT_HP_BONUS","is_prod":false,"is_daily":false,"chose_seed":false,"campfire_upgraded":1,"win_rate":0.0,"timestamp":1566648855,"path_taken":["M","$","M","M","?","?","R","M","T","?","M","E","M","M","R","BOSS","M","$","M","M","?","R","?","M","T","M","?","R","E","M","R","BOSS","M","?","$","M","?","R","M","?","T","R","?","M","$","M","R","BOSS"],"build_version":"2019-06-28","purchased_purges":0,"victory":true,"max_hp_per_floor":[77,77,77,77,77,77,77,77,77,77,77,77,77,77,77,77,77,77,77,77,77,77,77,77,77,77,77,77,77,77,77,77,77,77,77,77,77,77,77,77,77,77,77,77,77,77,77,77,77,77],"card_choices":[{"not_picked":["PiercingWail","Slice"],"picked":"Poisoned Stab","floor":1},{"not_picked":["Sucker Punch","Deflect"],"picked":"Endless Agony","floor":3},{"not_picked":["Calculated Gamble","Dagger Spray"],"picked":"Footwork","floor":4},{"not_picked":["Deflect","Slice"],"picked":"Outmaneuver","floor":8},{"not_picked":["Distraction","Blade Dance"],"picked":"Noxious Fumes","floor":11},{"not_picked":["Outmaneuver","Calculated Gamble"],"picked":"PiercingWail","floor":12},{"not_picked":["PiercingWail","Dagger Spray"],"picked":"Die Die Die","floor":13},{"not_picked":["Poisoned Stab","Backflip"],"picked":"Caltrops+1","floor":14},{"not_picked":["Doppelganger","Night Terror"],"picked":"Tools of the Trade+1","floor":16},{"not_picked":["Deflect","Sucker Punch"],"picked":"Prepared+1","floor":18},{"not_picked":["Slice+1","Outmaneuver"],"picked":"Terror","floor":20},{"not_picked":["Blur","Flechettes"],"picked":"Finisher","floor":21},{"not_picked":["Calculated Gamble","Deadly Poison"],"picked":"Underhanded Strike","floor":25},{"not_picked":["Outmaneuver+1","Dagger Spray"],"picked":"Backflip+1","floor":27},{"not_picked":["Underhanded Strike","Backflip","Backstab"],"picked":"After Image+1","floor":30},{"not_picked":["Escape Plan","Dagger Spray","Slice"],"picked":"Predator+1","floor":31},{"not_picked":["Malaise","After Image+1","Adrenaline"],"picked":"A Thousand Cuts+1","floor":33},{"not_picked":["Prepared"],"picked":"All Out Attack+1","floor":35},{"not_picked":["Dodge and Roll+1"],"picked":"Dagger Throw+1","floor":36},{"not_picked":["Dodge and Roll+1"],"picked":"Tactician","floor":38},{"not_picked":["Acrobatics+1"],"picked":"Blade Dance+1","floor":39},{"not_picked":["Outmaneuver"],"picked":"Predator","floor":40},{"not_picked":["Quick Slash+1"],"picked":"Backstab+1","floor":41},{"not_picked":["Dagger Throw"],"picked":"Deadly Poison","floor":44},{"not_picked":["Heel Hook"],"picked":"Backflip","floor":46},{"not_picked":["Slice"],"picked":"Poisoned Stab","floor":48},{"not_picked":["Deadly Poison"],"picked":"Dash+1","floor":49}],"player_experience":27660,"relics_obtained":[{"floor":9,"key":"Darkstone Periapt"},{"floor":12,"key":"Frozen Egg 2"},{"floor":26,"key":"Kunai"},{"floor":28,"key":"Question Card"},{"floor":30,"key":"Pantograph"},{"floor":36,"key":"Torii"},{"floor":39,"key":"The Specimen"},{"floor":43,"key":"Orichalcum"}],"event_choices":[{"damage_healed":0,"gold_gain":0,"player_choice":"Entered Light","damage_taken":15,"max_hp_gain":0,"max_hp_loss":0,"event_name":"Shining Light","floor":5,"gold_loss":0,"cards_upgraded":["Endless Agony","Neutralize"]},{"damage_healed":0,"gold_gain":0,"player_choice":"Leave","damage_taken":0,"max_hp_gain":0,"max_hp_loss":0,"event_name":"The Cleric","floor":6,"gold_loss":0},{"damage_healed":0,"gold_gain":0,"player_choice":"Grow","damage_taken":0,"max_hp_gain":0,"max_hp_loss":0,"event_name":"Living Wall","floor":10,"gold_loss":0,"cards_upgraded":["Outmaneuver"]},{"damage_healed":0,"gold_gain":0,"player_choice":"Inject Mutagens","damage_taken":0,"relics_obtained":["MutagenicStrength"],"max_hp_gain":0,"max_hp_loss":0,"event_name":"Drug Dealer","floor":22,"gold_loss":0},{"damage_healed":0,"gold_gain":0,"player_choice":"Ignored","damage_taken":0,"max_hp_gain":0,"max_hp_loss":0,"event_name":"Cursed Tome","floor":24,"gold_loss":0},{"damage_healed":0,"gold_gain":0,"player_choice":"Fight","damage_taken":0,"max_hp_gain":0,"max_hp_loss":0,"event_name":"MindBloom","floor":36,"gold_loss":0},{"damage_healed":0,"gold_gain":0,"player_choice":"Fight","damage_taken":0,"max_hp_gain":0,"max_hp_loss":0,"event_name":"Mysterious Sphere","floor":39,"gold_loss":0},{"cards_removed":["Strike_G"],"damage_healed":0,"gold_gain":0,"player_choice":"Removed Attack","damage_taken":0,"max_hp_gain":0,"max_hp_loss":0,"event_name":"Falling","floor":42,"gold_loss":0},{"damage_healed":0,"gold_gain":0,"player_choice":"Paid","damage_taken":0,"relics_obtained":["Red Mask"],"max_hp_gain":0,"max_hp_loss":0,"event_name":"Tomb of Lord Red Mask","floor":45,"gold_loss":80}],"is_beta":true,"boss_relics":[{"not_picked":["Tiny House","Lizard Tail"],"picked":"Ring of the Serpent"},{"not_picked":["Orrery","Runic Pyramid"],"picked":"Busted Crown"}],"items_purged_floors":[],"is_endless":false,"potions_floor_spawned":[4,8,11,14,18,20,27,30,33,35,38,39],"ascension_level":0}