{"gold_per_floor":[18,30,50,62,62,62,76,140,167,167,167],"floor_reached":11,"playtime":1432,"items_purged":[],"score":139,"play_id":"94fe3a3d-1de1-47b7-bf28-cc1764d1bbc1","local_time":"20190823162859","is_ascension_mode":true,"campfire_choices":[{"data":"Neutralize","floor":6,"key":"SMITH"}],"neow_cost":"NO_GOLD","seed_source_timestamp":0,"circlet_count":0,"master_deck":["AscendersBane","Strike_G","Strike_G","Strike_G","Strike_G","Strike_G","Defend_G","Defend_G","Defend_G","Defend_G","Defend_G","Survivor","Neutralize+1","Quick Slash","Poisoned Stab","Noxious Fumes","Sucker Punch","Deadly Poison"],"special_seed":0,"relics":["Ring of the Snake","Tiny Chest","Bronze Scales"],"potions_floor_usage":[8,8,11],"damage_taken":[{"damage":11.0,"enemies":"Jaw Worm","floor":1.0,"turns":6.0},{"damage":7.0,"enemies":"Small Slimes","floor":2.0,"turns":6.0},{"damage":5.0,"enemies":"2 Louse","floor":3.0,"turns":4.0},{"damage":4,"enemies":"Blue Slaver","floor":4,"turns":5},{"damage":12,"enemies":"Gremlin Gang","floor":7,"turns":5},{"damage":19,"enemies":"3 Sentries","floor":8,"turns":7},{"damage":18,"enemies":"Gremlin Nob","floor":11,"turns":4}],"seed_played":"-2116841436023398355","potions_obtained":[{"floor":4,"key":"Strength Potion"},{"floor":7,"key":"Block Potion"},{"floor":8,"key":"Weak Potion"}],"is_trial":false,"path_per_floor":["M","M","M","M","$","R","M","E","T","?","E"],"character_chosen":"THE_SILENT","items_purchased":[],"campfire_rested":0,"item_purchase_floors":[],"current_hp_per_floor":[60,53,48,44,44,44,32,13,13,13,0],"gold":167,"neow_bonus":"TWENTY_PERCENT_HP_BONUS","is_prod":false,"is_daily":false,"chose_seed":false,"campfire_upgraded":1,"win_rate":0,"timestamp":1566602939,"path_taken":["M","M","M","M","$","R","M","E","T","?","E"],"build_version":"2019-07-17","purchased_purges":0,"victory":false,"max_hp_per_floor":[78,78,78,78,78,78,78,78,78,78,78],"card_choices":[{"not_picked":["Backflip","PiercingWail"],"picked":"Quick Slash","floor":1.0},{"not_picked":["Slice","Backflip"],"picked":"Poisoned Stab","floor":2.0},{"not_picked":["Crippling Poison","Finisher"],"picked":"Noxious Fumes","floor":3},{"not_picked":["Crippling Poison","Poisoned Stab"],"picked":"Sucker Punch","floor":4},{"not_picked":["Prepared","Flying Knee"],"picked":"Deadly Poison","floor":7},{"not_picked":["Accuracy","Sucker Punch","Deadly Poison"],"picked":"SKIP","floor":8}],"player_experience":648410,"relics_obtained":[{"floor":8,"key":"Tiny Chest"},{"floor":9,"key":"Bronze Scales"}],"event_choices":[{"damage_healed":0,"gold_gain":0,"player_choice":"Ignored","damage_taken":0,"max_hp_gain":0,"max_hp_loss":0,"event_name":"Shining Light","floor":10,"gold_loss":0}],"is_beta":false,"boss_relics":[],"items_purged_floors":[],"is_endless":false,"potions_floor_spawned":[4,7,8],"killed_by":"Gremlin Nob","ascension_level":17}