{"gold_per_floor":[117,127,145,145,245,272,272,286,312,312,11,29,29,56,56,161,161,177,203,203,213,63,63],"floor_reached":23,"playtime":2138,"items_purged":[],"score":318,"play_id":"5f1d2e30-6c0a-4043-a6ff-400a44a462ed","local_time":"20190805155850","is_ascension_mode":true,"campfire_choices":[{"data":"Berserk","floor":7.0,"key":"SMITH"},{"data":"Armaments","floor":10.0,"key":"SMITH"},{"data":"Uppercut","floor":15,"key":"SMITH"}],"neow_cost":"TEN_PERCENT_HP_LOSS","seed_source_timestamp":78830012841900,"circlet_count":0,"master_deck":["AscendersBane","Strike_R","Strike_R","Defend_R","Defend_R","Defend_R","Defend_R","Bash","Berserk+1","Havoc","Armaments+1","Uppercut+1","Shrug It Off","Body Slam","Shockwave","Hemokinesis","Headbutt","Carnage","Demon Form","Shrug It Off","Battle Trance"],"special_seed":0,"relics":["Burning Blood","Oddly Smooth Stone","Blood Vial","Ancient Tea Set","Tiny Chest","Juzu Bracelet","Pen Nib","Sozu","Red Skull","Bag of Marbles"],"potions_floor_usage":[14],"damage_taken":[{"damage":10.0,"enemies":"2 Louse","floor":1.0,"turns":4.0},{"damage":16.0,"enemies":"Jaw Worm","floor":2.0,"turns":7.0},{"damage":0.0,"enemies":"Cultist","floor":3.0,"turns":4.0},{"damage":2.0,"enemies":"Lagavulin","floor":6.0,"turns":8.0},{"damage":5.0,"enemies":"Looter","floor":8.0,"turns":4.0},{"damage":2.0,"enemies":"Red Slaver","floor":12.0,"turns":3.0},{"damage":16,"enemies":"Gremlin Nob","floor":14,"turns":3},{"damage":23,"enemies":"The Guardian","floor":16,"turns":8},{"damage":18,"enemies":"Spheric Guardian","floor":18,"turns":4},{"damage":27,"enemies":"3 Byrds","floor":21,"turns":7},{"damage":42,"enemies":"Slavers","floor":23,"turns":4}],"seed_played":"705529189498205485","potions_obtained":[{"floor":1.0,"key":"SpeedPotion"},{"floor":6.0,"key":"Explosive Potion"}],"is_trial":false,"path_per_floor":["M","M","M","?","?","E","R","M","T","R","$","M","?","E","R","B",null,"M","T","?","M","$","E"],"character_chosen":"IRONCLAD","items_purchased":["Tiny Chest","Juzu Bracelet","Hemokinesis","Bag of Marbles"],"campfire_rested":0,"item_purchase_floors":[11,11,11,22],"current_hp_per_floor":[68,58,64,57,57,61,61,64,64,64,64,70,70,62,62,47,66,56,56,56,37,37,0],"gold":63,"neow_bonus":"TRANSFORM_TWO_CARDS","is_prod":false,"is_daily":false,"chose_seed":false,"campfire_upgraded":3,"win_rate":0,"timestamp":1565045930,"path_taken":["M","M","M","?","?","E","R","?","T","R","$","M","?","E","R","BOSS","M","?","?","M","?","E"],"build_version":"2019-07-17","purchased_purges":0,"victory":false,"max_hp_per_floor":[72,72,72,72,72,72,72,72,72,72,72,72,72,72,72,72,72,72,72,72,72,72,72],"card_choices":[{"not_picked":["Pommel Strike","Anger"],"picked":"Armaments","floor":1.0},{"not_picked":["Twin Strike","Wild Strike"],"picked":"Uppercut","floor":2.0},{"not_picked":["Twin Strike","Second Wind"],"picked":"Shrug It Off","floor":3.0},{"not_picked":["Perfected Strike","Combust"],"picked":"Body Slam","floor":6.0},{"not_picked":["Armaments","Clothesline"],"picked":"Shockwave","floor":8.0},{"not_picked":["Cleave","Shrug It Off"],"picked":"Headbutt","floor":12.0},{"not_picked":["Thunderclap","Burning Pact"],"picked":"Carnage","floor":14},{"not_picked":["Offering","Bludgeon"],"picked":"Demon Form","floor":16},{"not_picked":["Anger+1","Body Slam"],"picked":"Shrug It Off","floor":18},{"not_picked":["Anger","Dual Wield","Havoc"],"picked":"SKIP","floor":21}],"player_experience":511834,"relics_obtained":[{"floor":6.0,"key":"Blood Vial"},{"floor":9.0,"key":"Ancient Tea Set"},{"floor":14,"key":"Pen Nib"},{"floor":19,"key":"Red Skull"}],"event_choices":[{"damage_healed":0.0,"max_hp_gain":0.0,"max_hp_loss":0.0,"gold_gain":0.0,"event_name":"Scrap Ooze","player_choice":"Success","floor":4.0,"gold_loss":0.0,"damage_taken":7.0,"relics_obtained":["Oddly Smooth Stone"]},{"damage_healed":0.0,"max_hp_gain":0.0,"max_hp_loss":0.0,"gold_gain":100.0,"event_name":"Wheel of Change","player_choice":"Gold","floor":5.0,"gold_loss":0.0,"damage_taken":0.0},{"cards_removed":["Strike_R"],"damage_healed":0,"gold_gain":0,"player_choice":"Purged","damage_taken":0,"max_hp_gain":0,"max_hp_loss":0,"event_name":"Purifier","floor":13,"gold_loss":0},{"damage_healed":0,"gold_gain":0,"player_choice":"Read","damage_taken":0,"max_hp_gain":0,"max_hp_loss":0,"event_name":"The Library","floor":20,"gold_loss":0,"cards_obtained":["Battle Trance"]}],"is_beta":false,"boss_relics":[{"not_picked":["White Beast Statue","Philosopher\u0027s Stone"],"picked":"Sozu"}],"items_purged_floors":[],"is_endless":false,"potions_floor_spawned":[1,6,18,21],"killed_by":"Slavers","ascension_level":12}