{"gold_per_floor":[20,20,37,54,54,81,81,91,118,131,131,157,157,157,157,254,254,264,279,22,22,40,72,72,72,72,106,120,120,39,52,52,149,149,168,181,28,128,128,156,172,172,172,0,14,14,31,31,31,31],"floor_reached":51,"playtime":2176,"items_purged":["Pain"],"score":1038,"play_id":"156b8368-8801-44ad-9dc8-f0857dbebcf6","local_time":"20190208002122","is_ascension_mode":true,"campfire_choices":[{"data":"Endless Agony","floor":7,"key":"SMITH"},{"data":"Cloak And Dagger","floor":11,"key":"SMITH"},{"floor":13,"key":"REST"},{"data":"Blade Dance","floor":15,"key":"SMITH"},{"floor":24,"key":"REST"},{"floor":32,"key":"REST"},{"data":"After Image","floor":42,"key":"SMITH"},{"data":"Tools of the Trade","floor":46,"key":"SMITH"},{"floor":49,"key":"REST"}],"neow_cost":"NO_GOLD","seed_source_timestamp":118056678259494,"circlet_count":0,"master_deck":["Defend_G","Defend_G","Defend_G+1","Defend_G","Defend_G","Strike_G","Strike_G","Strike_G","Survivor","Neutralize","Cloak And Dagger+1","Dagger Spray","Endless Agony+1","Blur","Tools of the Trade+1","Blade Dance+1","Deflect","Adrenaline","Crippling Poison","Cloak And Dagger+1","Footwork","Regret","Backstab","Noxious Fumes","Footwork","Footwork","Adrenaline+1","Leg Sweep+1","PiercingWail","After Image+1","Cloak And Dagger+1","Cloak And Dagger+1","Crippling Poison+1","Regret","Deflect","Riddle With Holes"],"relics":["Ring of the Serpent","StoneCalendar","Mummified Hand","Bottled Flame","Happy Flower","Shuriken","Cursed Key","Question Card","WarpedTongs","Anchor","Turnip","Regal Pillow","MutagenicStrength","Nunchaku","War Paint","Meat on the Bone","Red Mask"],"potions_floor_usage":[10,12,33,33,47,50,50],"damage_taken":[{"damage":1,"enemies":"Cultist","floor":1,"turns":4},{"damage":2,"enemies":"Small Slimes","floor":3,"turns":4},{"damage":0,"enemies":"Jaw Worm","floor":4,"turns":4},{"damage":19,"enemies":"3 Sentries","floor":6,"turns":7},{"damage":5,"enemies":"Large Slime","floor":8,"turns":7},{"damage":0,"enemies":"Looter","floor":10,"turns":3},{"damage":40,"enemies":"Lagavulin","floor":12,"turns":7},{"damage":6,"enemies":"Hexaghost","floor":16,"turns":8},{"damage":0,"enemies":"Chosen","floor":18,"turns":4},{"damage":0,"enemies":"3 Byrds","floor":19,"turns":3},{"damage":10,"enemies":"Snake Plant","floor":22,"turns":7},{"damage":28,"enemies":"Book of Stabbing","floor":23,"turns":5},{"damage":6,"enemies":"Gremlin Leader","floor":27,"turns":7},{"damage":0,"enemies":"Chosen and Byrds","floor":28,"turns":4},{"damage":8,"enemies":"Centurion and Healer","floor":31,"turns":5},{"damage":10,"enemies":"Champ","floor":33,"turns":8},{"damage":2,"enemies":"3 Shapes","floor":35,"turns":3},{"damage":4,"enemies":"3 Darklings","floor":36,"turns":6},{"damage":2,"enemies":"Mind Bloom Boss Battle","floor":38,"turns":8},{"damage":3,"enemies":"Reptomancer","floor":40,"turns":7},{"damage":0,"enemies":"Jaw Worm Horde","floor":41,"turns":4},{"damage":1,"enemies":"Maw","floor":45,"turns":7},{"damage":15,"enemies":"Transient","floor":47,"turns":5},{"damage":1,"enemies":"Donu and Deca","floor":50,"turns":10}],"seed_played":"8341346352863301829","potions_obtained":[{"floor":6,"key":"SkillPotion"},{"floor":10,"key":"SkillPotion"},{"floor":27,"key":"GamblersBrew"},{"floor":28,"key":"Poison Potion"},{"floor":31,"key":"Fire Potion"},{"floor":35,"key":"FearPotion"},{"floor":38,"key":"Poison Potion"},{"floor":45,"key":"Fire Potion"}],"is_trial":false,"path_per_floor":["M","?","M","M","T","E","R","M","T","M","R","E","R","?","R","B",null,"M","M","$","?","M","E","R","$","T","E","M","?","$","M","R","B",null,"M","M","$","?","?","E","M","R","T","?","M","R","M","?","R","B",null],"character_chosen":"THE_SILENT","items_purchased":["Question Card","Footwork","After Image"],"campfire_rested":4,"item_purchase_floors":[20,30,37],"current_hp_per_floor":[69,69,67,67,67,48,48,43,43,43,43,3,24,24,24,18,57,57,57,57,57,47,19,40,40,40,34,34,34,34,26,62,52,66,64,60,60,58,58,55,55,55,55,55,54,54,39,39,70,69],"gold":31,"neow_bonus":"ONE_RARE_RELIC","is_prod":false,"is_daily":false,"chose_seed":false,"campfire_upgraded":5,"win_rate":0,"timestamp":1549603282,"path_taken":["M","?","?","M","?","E","R","M","T","M","R","E","R","?","R","BOSS","M","M","$","?","M","E","R","$","T","E","?","?","$","M","R","BOSS","M","M","$","?","?","E","M","R","T","?","M","R","M","?","R","BOSS"],"build_version":"2019-01-23","purchased_purges":1,"victory":true,"max_hp_per_floor":[70,70,70,70,70,70,70,70,70,70,70,70,70,70,70,70,70,70,70,70,70,70,70,70,70,70,70,70,70,70,70,70,70,70,70,70,70,70,70,70,70,70,70,70,70,70,70,70,70,70],"card_choices":[{"not_picked":["PiercingWail","Dodge and Roll"],"picked":"Cloak And Dagger","floor":1},{"not_picked":["Finisher","Acrobatics"],"picked":"Dagger Spray","floor":3},{"not_picked":["Flechettes","Concentrate"],"picked":"Endless Agony","floor":4},{"not_picked":["Flechettes","Prepared"],"picked":"Blur","floor":6},{"not_picked":["Dagger Throw","Slice","Tools of the Trade"],"picked":"SKIP","floor":8},{"not_picked":["Dagger Throw","Slice"],"picked":"Tools of the Trade","floor":8},{"not_picked":["Blur","Dagger Spray"],"picked":"Blade Dance","floor":10},{"not_picked":["Finisher","Expertise"],"picked":"Deflect","floor":12},{"not_picked":["Storm of Steel","Die Die Die"],"picked":"Adrenaline","floor":16},{"not_picked":["Prepared+1","Backflip"],"picked":"Crippling Poison","floor":18},{"not_picked":["Acrobatics","Masterful Stab","Expertise"],"picked":"SKIP","floor":19},{"not_picked":["Backflip","Deadly Poison","Dagger Throw+1"],"picked":"Cloak And Dagger+1","floor":22},{"not_picked":["PiercingWail","Unload","Caltrops"],"picked":"Footwork","floor":23},{"not_picked":["Slice","Deadly Poison","Sucker Punch"],"picked":"Backstab","floor":27},{"not_picked":["Cloak And Dagger+1","Underhanded Strike","Well Laid Plans"],"picked":"Noxious Fumes","floor":28},{"not_picked":["Underhanded Strike+1","Catalyst","Blade Dance"],"picked":"Footwork","floor":31},{"not_picked":["Doppelganger","Glass Knife","Night Terror"],"picked":"Adrenaline","floor":33},{"not_picked":["Flying Knee","Sucker Punch","Setup"],"picked":"Leg Sweep+1","floor":35},{"not_picked":["Quick Slash+1","Blade Dance","Bane"],"picked":"PiercingWail","floor":36},{"not_picked":["Infinite Blades+1","Predator+1","Slice"],"picked":"Cloak And Dagger+1","floor":38},{"not_picked":["Calculated Gamble+1","Skewer+1","Eviscerate"],"picked":"Cloak And Dagger+1","floor":40},{"not_picked":["Calculated Gamble+1","Riddle With Holes+1","PiercingWail+1"],"picked":"Crippling Poison+1","floor":41},{"not_picked":["Underhanded Strike+1","Bane+1","Dagger Spray"],"picked":"Deflect","floor":45},{"not_picked":["Expertise+1","Terror","Dodge and Roll"],"picked":"Riddle With Holes","floor":47}],"player_experience":39444,"relics_obtained":[{"floor":5,"key":"Mummified Hand"},{"floor":6,"key":"Bottled Flame"},{"floor":9,"key":"Happy Flower"},{"floor":12,"key":"Shuriken"},{"floor":23,"key":"Anchor"},{"floor":26,"key":"Turnip"},{"floor":27,"key":"Regal Pillow"},{"floor":38,"key":"Nunchaku"},{"floor":40,"key":"War Paint"},{"floor":43,"key":"Meat on the Bone"}],"event_choices":[{"cards_removed":["Strike_G"],"damage_healed":0,"gold_gain":0,"player_choice":"Offered Basic","damage_taken":0,"max_hp_gain":0,"max_hp_loss":0,"event_name":"Bonfire Elementals","floor":2,"gold_loss":0},{"damage_healed":0,"gold_gain":0,"player_choice":"Searched \u00270\u0027 times","damage_taken":0,"max_hp_gain":0,"max_hp_loss":0,"event_name":"Dead Adventurer","floor":14,"gold_loss":0},{"damage_healed":0,"gold_gain":0,"player_choice":"Rummage","damage_taken":0,"relics_obtained":["WarpedTongs"],"max_hp_gain":0,"max_hp_loss":0,"event_name":"Accursed Blacksmith","floor":21,"gold_loss":0,"cards_obtained":["Pain"]},{"damage_healed":0,"gold_gain":0,"player_choice":"Inject Mutagens","damage_taken":0,"relics_obtained":["MutagenicStrength"],"max_hp_gain":0,"max_hp_loss":0,"event_name":"Drug Dealer","floor":29,"gold_loss":0},{"damage_healed":0,"gold_gain":0,"player_choice":"Fight","damage_taken":0,"max_hp_gain":0,"max_hp_loss":0,"event_name":"MindBloom","floor":38,"gold_loss":0},{"cards_removed":["Strike_G"],"damage_healed":0,"gold_gain":0,"player_choice":"Removed Attack","damage_taken":0,"max_hp_gain":0,"max_hp_loss":0,"event_name":"Falling","floor":39,"gold_loss":0},{"damage_healed":0,"gold_gain":0,"player_choice":"Paid","damage_taken":0,"relics_obtained":["Red Mask"],"max_hp_gain":0,"max_hp_loss":0,"event_name":"Tomb of Lord Red Mask","floor":44,"gold_loss":172},{"damage_healed":0,"gold_gain":0,"player_choice":"Ignored","damage_taken":0,"max_hp_gain":0,"max_hp_loss":0,"event_name":"Mysterious Sphere","floor":48,"gold_loss":0}],"is_beta":false,"boss_relics":[{"not_picked":["Calling Bell","WristBlade"],"picked":"Cursed Key"},{"not_picked":["White Beast Statue","Orrery"],"picked":"Ring of the Serpent"}],"items_purged_floors":[37],"is_endless":false,"potions_floor_spawned":[6,10,27,28,31,35,38,45],"ascension_level":5}