{"gold_per_floor":[118,118,293,303,318,318,344,360,433,433,161,180,198,208,208,306,306,323,323,109,109,109,109,125,143,143,154,172,183,4,4,4,4],"floor_reached":33,"playtime":2415,"items_purged":["Doubt","Strike_R","Bash"],"score":276,"play_id":"0bc886b5-33f4-4186-9e15-49f07a17089c","local_time":"20190811023458","is_ascension_mode":false,"campfire_choices":[{"data":"Shrug It Off","floor":6,"key":"SMITH"},{"data":"Offering","floor":15,"key":"SMITH"},{"data":"Rampage","floor":23,"key":"SMITH"},{"data":"Bloodletting","floor":32,"key":"SMITH"}],"neow_cost":"NONE","seed_source_timestamp":59682622510608,"circlet_count":0,"master_deck":["Defend_R","Defend_R","Defend_R","Battle Trance","Burning Pact","Shrug It Off+1","Offering+1","Flex","Warcry","Headbutt","Rampage+1","Shrug It Off","Cleave","Offering","Headbutt","Bloodletting+1","Corruption","RitualDagger","Feed","Sever Soul","Sentinel","Pommel Strike"],"relics":["Burning Blood","Thread and Needle","Pear","Empty Cage","Shuriken","Frozen Egg 2"],"potions_floor_usage":[7,16,24,29,33,33],"damage_taken":[{"damage":1,"enemies":"Jaw Worm","floor":1,"turns":5},{"damage":0,"enemies":"Small Slimes","floor":4,"turns":3},{"damage":10,"enemies":"Cultist","floor":5,"turns":4},{"damage":30,"enemies":"3 Sentries","floor":7,"turns":16},{"damage":3,"enemies":"Blue Slaver","floor":8,"turns":6},{"damage":6,"enemies":"2 Fungi Beasts","floor":12,"turns":3},{"damage":0,"enemies":"Exordium Wildlife","floor":13,"turns":4},{"damage":0,"enemies":"Red Slaver","floor":14,"turns":4},{"damage":38,"enemies":"Slime Boss","floor":16,"turns":8},{"damage":13,"enemies":"Chosen","floor":18,"turns":6},{"damage":12,"enemies":"Shell Parasite","floor":24,"turns":4},{"damage":8,"enemies":"Centurion and Healer","floor":25,"turns":10},{"damage":15,"enemies":"Snake Plant","floor":27,"turns":5},{"damage":12,"enemies":"3 Cultists","floor":28,"turns":4},{"damage":11,"enemies":"Centurion and Healer","floor":29,"turns":4},{"damage":69,"enemies":"Collector","floor":33,"turns":7}],"seed_played":"1599252924478260893","potions_obtained":[{"floor":1,"key":"FearPotion"},{"floor":4,"key":"SkillPotion"},{"floor":8,"key":"FearPotion"},{"floor":12,"key":"Poison Potion"},{"floor":13,"key":"Explosive Potion"},{"floor":18,"key":"SteroidPotion"},{"floor":28,"key":"Strength Potion"},{"floor":29,"key":"LiquidBronze"}],"is_trial":false,"path_per_floor":["M","?","?","M","M","R","E","M","T","?","$","M","M","M","R","B",null,"M","?","$","?","?","R","M","M","T","M","M","M","$","T","R","B"],"character_chosen":"IRONCLAD","items_purchased":["Flex","Warcry","Headbutt","Rampage","Bloodletting","Corruption","Pommel Strike"],"campfire_rested":0,"item_purchase_floors":[11,11,11,11,20,20,30],"current_hp_per_floor":[80,73,73,79,75,75,51,54,64,69,69,69,75,81,81,49,95,88,88,88,82,82,82,76,77,77,68,65,60,60,60,60,0],"gold":4,"neow_bonus":"REMOVE_CARD","is_prod":false,"is_daily":false,"chose_seed":false,"campfire_upgraded":4,"win_rate":0.0,"timestamp":1565458498,"path_taken":["M","?","?","M","M","R","E","M","T","?","$","M","?","M","R","BOSS","M","?","$","?","?","R","M","M","T","M","M","?","$","?","R","BOSS"],"build_version":"2019-07-17","purchased_purges":3,"victory":false,"max_hp_per_floor":[80,80,80,80,80,80,80,80,90,95,95,95,95,95,95,95,95,95,95,95,95,95,95,95,98,98,98,101,101,101,101,101,101],"card_choices":[{"not_picked":["Clash","Intimidate"],"picked":"Battle Trance","floor":1},{"not_picked":["Rupture","Uppercut"],"picked":"Burning Pact","floor":4},{"not_picked":["Pommel Strike","Havoc"],"picked":"Shrug It Off","floor":5},{"not_picked":["Clothesline","Inflame"],"picked":"Offering","floor":7},{"not_picked":["Searing Blow","Whirlwind"],"picked":"Anger","floor":8},{"not_picked":["True Grit","Metallicize","Sword Boomerang"],"picked":"SKIP","floor":12},{"not_picked":["Flex","Sword Boomerang"],"picked":"Shrug It Off","floor":13},{"not_picked":["Pummel","Iron Wave"],"picked":"Cleave","floor":14},{"not_picked":["Dark Embrace","Impervious"],"picked":"Offering","floor":16},{"not_picked":["Sword Boomerang","Second Wind"],"picked":"Headbutt","floor":18},{"not_picked":["Shrug It Off","Twin Strike"],"picked":"Sentinel","floor":24},{"not_picked":["Anger+1","Armaments","Wild Strike"],"picked":"SKIP","floor":25},{"not_picked":["Thunderclap","True Grit","Pummel"],"picked":"SKIP","floor":27},{"not_picked":["Spot Weakness","Armaments+1","Body Slam"],"picked":"SKIP","floor":28},{"not_picked":["Body Slam","Twin Strike","Dual Wield"],"picked":"SKIP","floor":29}],"player_experience":32370,"relics_obtained":[{"floor":7,"key":"Thread and Needle"},{"floor":9,"key":"Pear"},{"floor":26,"key":"Shuriken"},{"floor":31,"key":"Frozen Egg 2"}],"event_choices":[{"cards_removed":["Strike_R"],"damage_healed":0,"gold_gain":0,"player_choice":"Card Removal","damage_taken":7,"max_hp_gain":0,"max_hp_loss":0,"event_name":"Golden Wing","floor":2,"gold_loss":0},{"damage_healed":0,"gold_gain":175,"player_choice":"AGREE","damage_taken":0,"max_hp_gain":0,"max_hp_loss":0,"event_name":"Liars Game","floor":3,"gold_loss":0,"cards_obtained":["Doubt"]},{"damage_healed":0,"gold_gain":0,"player_choice":"Donut","damage_taken":0,"max_hp_gain":5,"max_hp_loss":0,"event_name":"Big Fish","floor":10,"gold_loss":0},{"damage_healed":0,"gold_gain":0,"player_choice":"Ignored","damage_taken":0,"max_hp_gain":0,"max_hp_loss":0,"event_name":"Ghosts","floor":19,"gold_loss":0},{"damage_healed":0,"gold_gain":0,"player_choice":"Joined the Cult","damage_taken":6,"max_hp_gain":0,"max_hp_loss":0,"event_name":"Nest","floor":21,"gold_loss":0,"cards_obtained":["RitualDagger"]},{"damage_healed":0,"gold_gain":0,"cards_transformed":["Strike_R","Defend_R"],"player_choice":"Became Test Subject","damage_taken":0,"max_hp_gain":0,"max_hp_loss":0,"event_name":"Drug Dealer","floor":22,"gold_loss":0,"cards_obtained":["Feed","Sever Soul"]}],"is_beta":false,"boss_relics":[{"not_picked":["Black Star","Cursed Key"],"picked":"Empty Cage"}],"items_purged_floors":[11,20,30],"is_endless":false,"potions_floor_spawned":[1,4,8,12,13,18,28,29],"killed_by":"Collector","ascension_level":0}