{"gold_per_floor":[117,117,117,135,149,149,181,200,200,200,211,165,145],"floor_reached":13,"playtime":704,"items_purged":[],"score":174,"play_id":"2d0ea1e3-470d-4dca-af24-382c0fef1efe","local_time":"20181019015804","is_ascension_mode":true,"campfire_choices":[{"data":"Streamline","floor":6.0,"key":"SMITH"},{"data":"Loop","floor":10.0,"key":"SMITH"}],"neow_cost":"NONE","seed_source_timestamp":725032308250909,"circlet_count":0,"master_deck":["Strike_B","Strike_B","Strike_B","Defend_B","Defend_B","Defend_B","Defend_B","Zap","Dualcast","AscendersBane","Redo","Streamline+1","Loop+1","Cold Snap","Self Repair","Cold Snap","Cold Snap"],"special_seed":0,"relics":["Cracked Core","Bronze Scales","Matryoshka"],"potions_floor_usage":[11],"damage_taken":[{"damage":8.0,"enemies":"2 Louse","floor":1.0,"turns":3.0},{"damage":0.0,"enemies":"Cultist","floor":4.0,"turns":3.0},{"damage":5.0,"enemies":"Small Slimes","floor":5.0,"turns":3.0},{"damage":45.0,"enemies":"3 Sentries","floor":7.0,"turns":9.0},{"damage":11.0,"enemies":"Blue Slaver","floor":8.0,"turns":3.0},{"damage":1,"enemies":"Large Slime","floor":11,"turns":4},{"damage":9,"enemies":"Exordium Thugs","floor":12,"turns":5},{"damage":11,"enemies":"Looter","floor":13,"turns":1}],"seed_played":"-8980359476814173327","potions_obtained":[{"floor":4.0,"key":"EssenceOfSteel"},{"floor":7.0,"key":"Ancient Potion"},{"floor":12,"key":"Ancient Potion"}],"is_trial":false,"path_per_floor":["M","?","?","M","M","R","E","M","T","R","M","M"],"character_chosen":"DEFECT","items_purchased":[],"campfire_rested":0,"item_purchase_floors":[],"current_hp_per_floor":[56,81,74,74,69,69,24,13,13,13,12,10,0],"gold":145,"neow_bonus":"ONE_RANDOM_RARE_CARD","is_prod":false,"is_daily":false,"chose_seed":false,"campfire_upgraded":2,"win_rate":0,"timestamp":1539939484,"path_taken":["M","?","?","M","?","R","E","M","T","R","M","M","M"],"build_version":"2018-10-18","purchased_purges":0,"victory":false,"max_hp_per_floor":[71,81,81,81,81,81,81,81,81,81,81,81,81],"card_choices":[{"not_picked":["Turbo","Leap"],"picked":"Redo","floor":1.0},{"not_picked":["Sweeping Beam","Chaos"],"picked":"Streamline","floor":4.0},{"not_picked":["Leap","White Noise"],"picked":"Loop","floor":5.0},{"not_picked":["Reboot","Blizzard"],"picked":"Cold Snap","floor":7.0},{"not_picked":["Darkness","Consume"],"picked":"Self Repair","floor":8.0},{"not_picked":["Go for the Eyes","Fusion"],"picked":"Cold Snap","floor":11},{"not_picked":["Compile Driver","Beam Cell"],"picked":"Cold Snap","floor":12}],"player_experience":2577472,"relics_obtained":[{"floor":7.0,"key":"Bronze Scales"},{"floor":9.0,"key":"Matryoshka"}],"event_choices":[{"cards_removed":["Thunder Strike"],"damage_healed":15.0,"max_hp_gain":10.0,"max_hp_loss":0.0,"gold_gain":0.0,"event_name":"Bonfire Elementals","player_choice":"Offered Rare","floor":2.0,"gold_loss":0.0,"damage_taken":0.0},{"cards_removed":["Strike_B"],"damage_healed":0.0,"max_hp_gain":0.0,"max_hp_loss":0.0,"gold_gain":0.0,"event_name":"Golden Wing","player_choice":"Card Removal","floor":3.0,"gold_loss":0.0,"damage_taken":7.0}],"is_beta":true,"boss_relics":[],"items_purged_floors":[],"is_endless":false,"potions_floor_spawned":[4,7,12],"killed_by":"Looter","ascension_level":20}