{"gold_per_floor":[116,41,41,55,130,130,140,140,140,140,157,169,186,198,198,295,295],"floor_reached":17,"playtime":581,"items_purged":["Strike_R"],"score":156,"play_id":"169d605a-e9ce-4ad5-ac89-9d94f88f514a","local_time":"20190901212501","is_ascension_mode":true,"campfire_choices":[{"data":"Bash","floor":6,"key":"SMITH"},{"data":"Strike_R","floor":10,"key":"SMITH"},{"data":"Rampage","floor":15,"key":"SMITH"}],"neow_cost":"NONE","seed_source_timestamp":254447008421600,"circlet_count":0,"master_deck":["Bash+1","Dual Wield+1","Thunderclap","Rampage+1","Warcry","Havoc","Second Wind","Sentinel","Twin Strike","Fire Breathing+1","Fiend Fire","Rampage"],"relics":["Burning Blood","War Paint","Frozen Egg 2","Pandora\u0027s Box"],"potions_floor_usage":[11,16,16],"damage_taken":[{"damage":2,"enemies":"Small Slimes","floor":1,"turns":3},{"damage":0,"enemies":"Jaw Worm","floor":4,"turns":4},{"damage":8,"enemies":"2 Louse","floor":7,"turns":3},{"damage":14,"enemies":"Exordium Thugs","floor":11,"turns":6},{"damage":16,"enemies":"Gremlin Gang","floor":12,"turns":7},{"damage":0,"enemies":"2 Fungi Beasts","floor":13,"turns":4},{"damage":8,"enemies":"Lots of Slimes","floor":14,"turns":5},{"damage":12,"enemies":"Slime Boss","floor":16,"turns":5}],"seed_played":"3660680177244961140","potions_obtained":[{"floor":4,"key":"PowerPotion"},{"floor":7,"key":"SkillPotion"},{"floor":13,"key":"PowerPotion"},{"floor":14,"key":"BloodPotion"}],"is_trial":false,"path_per_floor":["M","$","?","M","?","R","M","?","T","R","M","M","M","M","R","B",null],"character_chosen":"IRONCLAD","items_purchased":[],"campfire_rested":0,"item_purchase_floors":[],"current_hp_per_floor":[80,80,80,80,69,69,67,67,67,67,59,49,55,53,53,47,80],"gold":295,"neow_bonus":"RANDOM_COMMON_RELIC","is_prod":false,"is_daily":false,"chose_seed":false,"campfire_upgraded":3,"win_rate":0,"timestamp":1567398301,"path_taken":["M","$","?","M","?","R","M","?","T","R","M","?","M","?","R","BOSS"],"build_version":"2019-07-17","purchased_purges":1,"victory":false,"max_hp_per_floor":[80,80,80,80,80,80,80,80,80,80,80,80,80,80,80,80,80],"card_choices":[{"not_picked":["Wild Strike","Anger"],"picked":"Dual Wield","floor":1},{"not_picked":["Rupture","Dual Wield","Cleave"],"picked":"SKIP","floor":4},{"not_picked":["Iron Wave","Perfected Strike","Clash"],"picked":"SKIP","floor":7},{"not_picked":["Reckless Charge","Havoc","Heavy Blade"],"picked":"SKIP","floor":11},{"not_picked":["Carnage","Combust+1"],"picked":"Thunderclap","floor":12},{"not_picked":["Twin Strike","Headbutt","Infernal Blade"],"picked":"SKIP","floor":13},{"not_picked":["Seeing Red","Warcry"],"picked":"Rampage","floor":14}],"player_experience":747117,"relics_obtained":[{"floor":9,"key":"Frozen Egg 2"}],"event_choices":[{"damage_healed":0,"gold_gain":0,"player_choice":"Leave","damage_taken":0,"max_hp_gain":0,"max_hp_loss":0,"event_name":"The Cleric","floor":3,"gold_loss":0},{"damage_healed":0,"gold_gain":75,"player_choice":"Gather Gold","damage_taken":11,"max_hp_gain":0,"max_hp_loss":0,"event_name":"World of Goop","floor":5,"gold_loss":0},{"damage_healed":0,"gold_gain":0,"player_choice":"Upgraded","damage_taken":0,"max_hp_gain":0,"max_hp_loss":0,"event_name":"Upgrade Shrine","floor":8,"gold_loss":0,"cards_upgraded":["Dual Wield"]}],"is_beta":false,"boss_relics":[{"not_picked":["Black Blood","Black Star"],"picked":"Pandora\u0027s Box"}],"items_purged_floors":[2],"is_endless":false,"potions_floor_spawned":[4,7,13,14],"ascension_level":1}