{"gold_per_floor":[217,230,230,246,246,246,263,263,287,287,298,316,316,17,17,88,88,104,104,18,68,94,94,0,12,12,12,12,12,28,28,28,28],"floor_reached":33,"playtime":2110,"items_purged":[],"score":506,"play_id":"1256abce-087d-4943-9f2a-8835afb713dc","local_time":"20190809235906","is_ascension_mode":true,"campfire_choices":[{"data":"Zap","floor":6.0,"key":"SMITH"},{"data":"Go for the Eyes","floor":8.0,"key":"SMITH"},{"data":"Fission","floor":13.0,"key":"SMITH"},{"data":"Defragment","floor":15.0,"key":"SMITH"},{"floor":23.0,"key":"REST"},{"data":"Leap","floor":29.0,"key":"SMITH"},{"floor":32.0,"key":"REST"}],"neow_cost":"NONE","seed_source_timestamp":676531840604462,"circlet_count":0,"master_deck":["AscendersBane","Zap+1","Dualcast","Hologram+1","Leap+1","Gash","Go for the Eyes+1","Ball Lightning","Fission+1","Defragment+1","Echo Form","Gash","Steam","Capacitor","Self Repair","Stack","Meteor Strike","Echo Form","Coolheaded","Necronomicurse","Leap","Defragment"],"special_seed":0,"relics":["Cracked Core","Dodecahedron","Lee\u0027s Waffle","Pandora\u0027s Box","Necronomicon","Pen Nib","Ginger"],"potions_floor_usage":[],"damage_taken":[{"damage":0.0,"enemies":"2 Louse","floor":1.0,"turns":4.0},{"damage":12.0,"enemies":"Jaw Worm","floor":2.0,"turns":4.0},{"damage":1.0,"enemies":"Cultist","floor":4.0,"turns":3.0},{"damage":0.0,"enemies":"3 Louse","floor":7.0,"turns":4.0},{"damage":1.0,"enemies":"Large Slime","floor":11.0,"turns":6.0},{"damage":0.0,"enemies":"Blue Slaver","floor":12.0,"turns":3.0},{"damage":33.0,"enemies":"Hexaghost","floor":16.0,"turns":9.0},{"damage":43.0,"enemies":"3 Byrds","floor":18.0,"turns":7.0},{"damage":26.0,"enemies":"Spheric Guardian","floor":25.0,"turns":6.0},{"damage":45.0,"enemies":"Cultist and Chosen","floor":30.0,"turns":6.0},{"damage":0.0,"enemies":"Slavers","floor":31.0,"turns":1.0},{"damage":65,"enemies":"Automaton","floor":33,"turns":6}],"seed_played":"-4818428557780088205","potions_obtained":[{"floor":11.0,"key":"Strength Potion"},{"floor":16.0,"key":"FearPotion"},{"floor":28.0,"key":"SmokeBomb"},{"floor":28.0,"key":"Swift Potion"}],"is_trial":false,"path_per_floor":["M","M","?","M","?","R","M","R","T","T","M","M","R","$","R","B",null,"M","?","$","?","T","R","?","M","T","?","?","R","M","E","R","B"],"character_chosen":"DEFECT","items_purchased":["Defragment","Lee\u0027s Waffle","Regen Potion"],"campfire_rested":2,"item_purchase_floors":[14,14,20],"current_hp_per_floor":[64,52,52,51,44,44,44,44,44,44,43,43,43,78,78,45,70,41,20,20,20,20,43,43,45,45,61,61,61,23,23,46,0],"gold":28,"neow_bonus":"HUNDRED_GOLD","is_prod":false,"is_daily":false,"chose_seed":false,"campfire_upgraded":5,"win_rate":0,"timestamp":1565420346,"path_taken":["M","M","?","M","?","R","M","R","T","?","?","M","R","$","R","BOSS","M","?","$","?","?","R","?","M","T","?","?","R","M","E","R","BOSS"],"build_version":"2019-07-18","purchased_purges":0,"victory":false,"max_hp_per_floor":[71,71,71,71,71,71,71,71,71,71,71,71,71,78,78,78,78,78,78,78,78,78,78,78,78,78,78,78,78,78,78,78,78],"card_choices":[{"not_picked":["Redo","Leap"],"picked":"Hologram","floor":1.0},{"not_picked":["Steam","Turbo"],"picked":"Leap","floor":2.0},{"not_picked":["Skim","Chaos"],"picked":"Gash","floor":4.0},{"not_picked":["Force Field","Rip and Tear"],"picked":"Go for the Eyes","floor":7.0},{"not_picked":["Tempest","Sweeping Beam"],"picked":"Ball Lightning","floor":11.0},{"not_picked":["Undo","Storm"],"picked":"Fission","floor":12.0},{"not_picked":["Reboot","Fission"],"picked":"Echo Form","floor":16.0},{"not_picked":["Streamline","Force Field"],"picked":"Coolheaded","floor":18.0},{"not_picked":["Reinforced Body","Lockon"],"picked":"Leap","floor":25.0},{"not_picked":["White Noise","Static Discharge"],"picked":"Defragment","floor":30.0}],"player_experience":2905354,"relics_obtained":[{"floor":10.0,"key":"Dodecahedron"},{"floor":19.0,"key":"Necronomicon"},{"floor":22.0,"key":"Pen Nib"},{"floor":26.0,"key":"Ginger"}],"event_choices":[{"damage_healed":0.0,"max_hp_gain":0.0,"max_hp_loss":0.0,"gold_gain":0.0,"event_name":"Living Wall","player_choice":"Grow","floor":3.0,"gold_loss":0.0,"damage_taken":0.0,"cards_upgraded":["Hologram"]},{"cards_removed":["Strike_B"],"damage_healed":0.0,"max_hp_gain":0.0,"max_hp_loss":0.0,"gold_gain":0.0,"event_name":"Golden Wing","player_choice":"Card Removal","floor":5.0,"gold_loss":0.0,"damage_taken":7.0},{"damage_healed":0.0,"max_hp_gain":0.0,"max_hp_loss":0.0,"gold_gain":0.0,"event_name":"Cursed Tome","player_choice":"Obtained Book","floor":19.0,"gold_loss":0.0,"damage_taken":21.0},{"damage_healed":0.0,"max_hp_gain":0.0,"max_hp_loss":0.0,"gold_gain":50.0,"event_name":"Nest","player_choice":"Stole From Cult","floor":21.0,"gold_loss":0.0,"damage_taken":0.0},{"damage_healed":0.0,"max_hp_gain":0.0,"max_hp_loss":0.0,"gold_gain":0.0,"event_name":"Masked Bandits","player_choice":"Paid Fearfully","floor":24.0,"gold_loss":94.0,"damage_taken":0.0},{"damage_healed":16.0,"max_hp_gain":0.0,"max_hp_loss":0.0,"gold_gain":0.0,"event_name":"The Library","player_choice":"Heal","floor":27.0,"gold_loss":0.0,"damage_taken":0.0},{"damage_healed":0.0,"max_hp_gain":0.0,"max_hp_loss":0.0,"gold_gain":0.0,"event_name":"Lab","player_choice":"Got Potions","floor":28.0,"gold_loss":0.0,"damage_taken":0.0}],"is_beta":true,"boss_relics":[{"not_picked":["Runic Dome","Lizard Tail"],"picked":"Pandora\u0027s Box"}],"items_purged_floors":[],"is_endless":false,"potions_floor_spawned":[11,16],"killed_by":"Automaton","ascension_level":20}