{"gold_per_floor":[118,134,150,165,165,165,185,185,185,185,217,230,38,69,69,170,170,181,181,197,213,128,128,128,161,213,240,150,168,186,40,40,141,141,164,193,205,229,241,283,295,407,419,431,443,480,503,88,88,88],"floor_reached":51,"playtime":2002,"items_purged":["Shame"],"score":1228,"play_id":"0c1fd688-d119-4271-8ca7-7933a020d404","local_time":"20190304131143","is_ascension_mode":true,"campfire_choices":[{"data":"Apotheosis","floor":6,"key":"SMITH"},{"data":"Deadly Poison","floor":8,"key":"SMITH"},{"data":"Dagger Spray","floor":15,"key":"SMITH"},{"data":"Wraith Form v2","floor":23,"key":"SMITH"},{"floor":32,"key":"REST"},{"floor":41,"key":"REST"},{"data":"Discovery","floor":44,"key":"SMITH"},{"data":"Caltrops","floor":49,"key":"SMITH"}],"neow_cost":"TEN_PERCENT_HP_LOSS","seed_source_timestamp":1154188266820456,"circlet_count":0,"master_deck":["AscendersBane","Defend_G","Defend_G","Defend_G","Defend_G","Defend_G","Strike_G","Strike_G","Strike_G","Survivor","Neutralize+1","Apotheosis+1","Finesse+1","Dagger Spray+1","Escape Plan","Deadly Poison+1","Infinite Blades","PiercingWail","Predator","Dagger Spray","Wraith Form v2+1","Crippling Poison","Leg Sweep","Skewer","Leg Sweep","Caltrops+1","Bullet Time","Shame","Parasite","Dash+1","Blade Dance+1","Calculated Gamble","Discovery+1","Backstab+1","Footwork+1","Flechettes+1","Bouncing Flask","Backflip"],"relics":["Ring of the Snake","Odd Mushroom","Bag of Marbles","Meat on the Bone","ClockworkSouvenir","Blood Vial","Philosopher\u0027s Stone","Singing Bowl","Mercury Hourglass","Mummified Hand","Bronze Scales","Molten Egg 2","Bag of Preparation","Calling Bell","MawBank","Letter Opener","Thread and Needle","Frozen Egg 2","Dead Branch","Kunai","Bottled Tornado","Happy Flower"],"potions_floor_usage":[7,11,14,16,20,21,27,40,50,50],"damage_taken":[{"damage":0,"enemies":"Cultist","floor":1,"turns":4},{"damage":9,"enemies":"Jaw Worm","floor":2,"turns":5},{"damage":1,"enemies":"Small Slimes","floor":3,"turns":3},{"damage":8,"enemies":"3 Louse","floor":4,"turns":4},{"damage":4,"enemies":"The Mushroom Lair","floor":7,"turns":4},{"damage":9,"enemies":"Gremlin Nob","floor":11,"turns":4},{"damage":0,"enemies":"Exordium Wildlife","floor":12,"turns":3},{"damage":2,"enemies":"3 Sentries","floor":14,"turns":6},{"damage":4,"enemies":"Slime Boss","floor":16,"turns":10},{"damage":1,"enemies":"Shell Parasite","floor":18,"turns":5},{"damage":11,"enemies":"2 Thieves","floor":20,"turns":4},{"damage":0,"enemies":"Chosen and Byrds","floor":21,"turns":6},{"damage":8,"enemies":"Gremlin Leader","floor":25,"turns":9},{"damage":18,"enemies":"Slavers","floor":27,"turns":3},{"damage":9,"enemies":"Centurion and Healer","floor":29,"turns":6},{"damage":10,"enemies":"Sentry and Sphere","floor":30,"turns":4},{"damage":44,"enemies":"Collector","floor":33,"turns":11},{"damage":0,"enemies":"3 Shapes","floor":35,"turns":2},{"damage":0,"enemies":"Orb Walker","floor":36,"turns":4},{"damage":20,"enemies":"Spire Growth","floor":38,"turns":5},{"damage":8,"enemies":"Nemesis","floor":40,"turns":9},{"damage":0,"enemies":"Mind Bloom Boss Battle","floor":42,"turns":7},{"damage":0,"enemies":"Giant Head","floor":46,"turns":8},{"damage":0,"enemies":"Sphere and 2 Shapes","floor":47,"turns":4},{"damage":29,"enemies":"Donu and Deca","floor":50,"turns":9}],"seed_played":"3281450100862670881","potions_obtained":[{"floor":1,"key":"PowerPotion"},{"floor":3,"key":"EssenceOfSteel"},{"floor":12,"key":"Energy Potion"},{"floor":14,"key":"SkillPotion"},{"floor":16,"key":"LiquidBronze"},{"floor":18,"key":"FearPotion"},{"floor":20,"key":"FearPotion"},{"floor":29,"key":"GhostInAJar"},{"floor":33,"key":"SkillPotion"},{"floor":35,"key":"Energy Potion"},{"floor":38,"key":"Block Potion"},{"floor":40,"key":"EssenceOfSteel"}],"is_trial":false,"path_per_floor":["M","M","M","M","?","R","?","R","T","?","E","M","$","E","R","B",null,"M","?","M","M","?","R","T","E","T","E","?","M","M","$","R","B",null,"M","M","?","M","?","E","R","?","T","R","?","E","M","$","R","B",null],"character_chosen":"THE_SILENT","items_purchased":["ClockworkSouvenir","Bag of Preparation","Happy Flower","Flechettes+1","Bouncing Flask","Swift Potion","Backflip"],"campfire_rested":2,"item_purchase_floors":[13,31,48,48,48,48,48],"current_hp_per_floor":[63,54,53,45,38,38,34,34,34,34,25,37,37,35,35,33,56,57,46,37,39,39,39,39,47,47,43,43,36,42,42,63,33,62,64,66,66,48,43,39,61,63,63,63,63,65,69,69,69,42],"gold":88,"neow_bonus":"RANDOM_COLORLESS_2","is_prod":false,"is_daily":false,"chose_seed":false,"campfire_upgraded":6,"win_rate":0,"timestamp":1551723103,"path_taken":["M","M","?","M","?","R","?","R","T","?","E","M","$","E","R","BOSS","M","?","M","M","?","R","?","E","T","E","?","?","M","$","R","BOSS","M","M","?","M","?","E","R","?","T","R","?","E","M","$","R","BOSS"],"build_version":"2019-01-23","purchased_purges":1,"victory":true,"max_hp_per_floor":[63,63,63,63,63,63,63,63,63,63,63,63,63,63,63,63,63,63,68,68,68,68,68,68,70,70,70,70,70,72,72,72,72,72,72,72,72,72,72,74,74,74,74,74,74,74,76,76,76,76],"card_choices":[{"not_picked":["Tactician","Prepared"],"picked":"Dagger Spray","floor":1},{"not_picked":["Dagger Throw","Quick Slash"],"picked":"Escape Plan","floor":2},{"not_picked":["Escape Plan","Deflect"],"picked":"Deadly Poison","floor":3},{"not_picked":["Dagger Throw","Riddle With Holes"],"picked":"Infinite Blades","floor":4},{"not_picked":["Blade Dance","Deadly Poison"],"picked":"PiercingWail","floor":7},{"not_picked":["Eviscerate","Terror","Deadly Poison"],"picked":"SKIP","floor":11},{"not_picked":["Acrobatics","Leg Sweep"],"picked":"Predator","floor":12},{"not_picked":["Outmaneuver","Escape Plan"],"picked":"Dagger Spray","floor":14},{"not_picked":["A Thousand Cuts","Night Terror"],"picked":"Wraith Form v2","floor":16},{"not_picked":["Acrobatics","Escape Plan"],"picked":"Crippling Poison","floor":18},{"not_picked":["Bane","Masterful Stab"],"picked":"Leg Sweep","floor":20},{"not_picked":["Deadly Poison","Flying Knee"],"picked":"Skewer","floor":21},{"not_picked":["Acrobatics","Bane","Sucker Punch"],"picked":"Singing Bowl","floor":25},{"not_picked":["Bane","Crippling Poison"],"picked":"Leg Sweep","floor":27},{"not_picked":["Underhanded Strike+1","Flying Knee+1"],"picked":"Caltrops","floor":29},{"not_picked":["Blade Dance","Outmaneuver","Caltrops"],"picked":"Singing Bowl","floor":30},{"not_picked":["Venomology","Tools of the Trade"],"picked":"Bullet Time","floor":33},{"not_picked":["Blade Dance","Dodge and Roll"],"picked":"Dash+1","floor":35},{"not_picked":["Eviscerate+1","PiercingWail"],"picked":"Blade Dance+1","floor":36},{"not_picked":["Slice+1","PiercingWail+1"],"picked":"Calculated Gamble","floor":38},{"not_picked":["Panacea","Bandage Up"],"picked":"Discovery","floor":39},{"not_picked":["Blind","Bandage Up"],"picked":"Dramatic Entrance+1","floor":39},{"not_picked":["Venomology","PiercingWail","Flying Knee+1"],"picked":"Singing Bowl","floor":40},{"not_picked":["Dagger Throw+1","Deflect+1"],"picked":"Backstab+1","floor":42},{"not_picked":["Riddle With Holes+1","Masterful Stab+1"],"picked":"Footwork+1","floor":46},{"not_picked":["Escape Plan","Poisoned Stab+1","Underhanded Strike+1"],"picked":"Singing Bowl","floor":47}],"player_experience":170169,"relics_obtained":[{"floor":7,"key":"Odd Mushroom"},{"floor":9,"key":"Bag of Marbles"},{"floor":11,"key":"Meat on the Bone"},{"floor":14,"key":"Blood Vial"},{"floor":24,"key":"Mercury Hourglass"},{"floor":25,"key":"Mummified Hand"},{"floor":26,"key":"Bronze Scales"},{"floor":27,"key":"Molten Egg 2"},{"floor":34,"key":"MawBank"},{"floor":34,"key":"Letter Opener"},{"floor":34,"key":"Thread and Needle"},{"floor":40,"key":"Frozen Egg 2"},{"floor":42,"key":"Dead Branch"},{"floor":43,"key":"Kunai"},{"floor":46,"key":"Bottled Tornado"}],"event_choices":[{"cards_removed":["Strike_G"],"damage_healed":0,"gold_gain":0,"player_choice":"Card Removal","damage_taken":7,"max_hp_gain":0,"max_hp_loss":0,"event_name":"Golden Wing","floor":5,"gold_loss":0},{"damage_healed":0,"gold_gain":0,"player_choice":"Fought Mushrooms","damage_taken":0,"max_hp_gain":0,"max_hp_loss":0,"event_name":"Mushrooms","floor":7,"gold_loss":0},{"damage_healed":0,"gold_gain":0,"player_choice":"Grow","damage_taken":0,"max_hp_gain":0,"max_hp_loss":0,"event_name":"Living Wall","floor":10,"gold_loss":0,"cards_upgraded":["Neutralize"]},{"damage_healed":0,"gold_gain":0,"player_choice":"Shed Blood","damage_taken":16,"max_hp_gain":5,"max_hp_loss":0,"event_name":"Forgotten Altar","floor":19,"gold_loss":0},{"damage_healed":0,"gold_gain":0,"player_choice":"Obtained Relic","damage_taken":0,"relics_obtained":["Singing Bowl"],"max_hp_gain":0,"max_hp_loss":0,"event_name":"Addict","floor":22,"gold_loss":85},{"cards_removed":["Strike_G"],"damage_healed":0,"gold_gain":0,"player_choice":"Upgrade and Remove","damage_taken":0,"max_hp_gain":0,"max_hp_loss":0,"event_name":"Designer","floor":28,"gold_loss":90,"cards_upgraded":["Finesse"]},{"damage_healed":0,"gold_gain":0,"player_choice":"Ignored","damage_taken":0,"max_hp_gain":0,"max_hp_loss":0,"event_name":"Tomb of Lord Red Mask","floor":37,"gold_loss":0},{"damage_healed":0,"gold_gain":0,"player_choice":"Memory 2","damage_taken":5,"max_hp_gain":0,"max_hp_loss":0,"event_name":"SensoryStone","floor":39,"gold_loss":0},{"damage_healed":0,"gold_gain":0,"player_choice":"Fight","damage_taken":0,"max_hp_gain":0,"max_hp_loss":0,"event_name":"MindBloom","floor":42,"gold_loss":0},{"cards_removed":["Dramatic Entrance"],"damage_healed":0,"gold_gain":0,"player_choice":"Removed Attack","damage_taken":0,"max_hp_gain":0,"max_hp_loss":0,"event_name":"Falling","floor":45,"gold_loss":0}],"is_beta":false,"boss_relics":[{"not_picked":["Tiny House","HoveringKite"],"picked":"Philosopher\u0027s Stone"},{"not_picked":["White Beast Statue","WristBlade"],"picked":"Calling Bell"}],"items_purged_floors":[48],"is_endless":false,"potions_floor_spawned":[1,3,12,14,16,18,20,29,33,35,38,40],"ascension_level":11}