{"gold_per_floor":[118,68,68,87,87,87,87,114,137,149,178,190,216,234,234,336,336,352,352,146,165,178,203,218,218,218,218,218],"floor_reached":28,"playtime":1592,"items_purged":["Defend_B"],"score":297,"play_id":"3c7996f0-4210-4660-9328-ebde93f6fbfd","local_time":"20190818140100","is_ascension_mode":true,"campfire_choices":[{"data":"Chill","floor":6,"key":"SMITH"},{"data":"Cold Snap","floor":15,"key":"SMITH"},{"data":"Consume","floor":27,"key":"SMITH"}],"neow_cost":"NONE","seed_source_timestamp":12054736871930,"circlet_count":0,"master_deck":["Strike_B","Strike_B","Defend_B","Defend_B","Defend_B","Zap+1","Dualcast","Leap","Chill+1","Auto Shields","Coolheaded","Cold Snap+1","Multi-Cast","Recycle","Chill+1","Streamline","Dark Shackles","Consume+1","Defragment","Capacitor+1"],"relics":["Cracked Core","Anchor","Centennial Puzzle","StoneCalendar","Potion Belt","Shuriken","Meat on the Bone","Lizard Tail","Bird Faced Urn","Frozen Egg 2"],"potions_floor_usage":[16,18,23],"damage_taken":[{"damage":3,"enemies":"2 Louse","floor":1,"turns":3},{"damage":0,"enemies":"Small Slimes","floor":4,"turns":3},{"damage":12,"enemies":"3 Sentries","floor":8,"turns":11},{"damage":0,"enemies":"Cultist","floor":10,"turns":4},{"damage":24,"enemies":"Gremlin Nob","floor":11,"turns":5},{"damage":0,"enemies":"Exordium Wildlife","floor":12,"turns":3},{"damage":3,"enemies":"3 Sentries","floor":13,"turns":7},{"damage":0,"enemies":"Blue Slaver","floor":14,"turns":4},{"damage":8,"enemies":"Slime Boss","floor":16,"turns":8},{"damage":13,"enemies":"3 Byrds","floor":18,"turns":7},{"damage":19,"enemies":"Chosen","floor":21,"turns":7},{"damage":29,"enemies":"Snake Plant","floor":22,"turns":7},{"damage":33,"enemies":"Book of Stabbing","floor":23,"turns":7},{"damage":2,"enemies":"Centurion and Healer","floor":24,"turns":7},{"damage":65,"enemies":"Slavers","floor":28,"turns":4}],"seed_played":"-8478260664202837129","potions_obtained":[{"floor":1,"key":"FairyPotion"},{"floor":11,"key":"SteroidPotion"},{"floor":12,"key":"Block Potion"},{"floor":13,"key":"Energy Potion"},{"floor":18,"key":"Strength Potion"}],"is_trial":false,"path_per_floor":["M","?","?","M","?","R","?","E","T","M","E","M","E","M","R","B",null,"M","?","$","M","M","E","M","?","T","R","E"],"character_chosen":"DEFECT","items_purchased":["Streamline","Dark Shackles"],"campfire_rested":0,"item_purchase_floors":[20,20],"current_hp_per_floor":[72,72,72,72,65,65,62,50,50,50,26,26,23,35,35,39,75,62,62,62,43,26,15,29,13,13,13,0],"gold":218,"neow_bonus":"RANDOM_COMMON_RELIC","is_prod":false,"is_daily":false,"chose_seed":false,"campfire_upgraded":3,"win_rate":0,"timestamp":1566104460,"path_taken":["M","?","?","M","?","R","?","E","T","M","E","M","E","M","R","BOSS","M","?","$","M","M","E","?","?","T","R","E"],"build_version":"2019-07-17","purchased_purges":1,"victory":false,"max_hp_per_floor":[75,75,75,75,75,75,75,75,75,75,75,75,75,75,75,75,75,75,75,75,75,75,75,75,75,75,75,75],"card_choices":[{"not_picked":["Force Field","Chaos"],"picked":"Leap","floor":1},{"not_picked":["Cold Snap","Compile Driver"],"picked":"Chill","floor":4},{"not_picked":["Sweeping Beam","Go for the Eyes"],"picked":"Auto Shields","floor":8},{"not_picked":["Auto Shields","Beam Cell"],"picked":"Coolheaded","floor":10},{"not_picked":["Redo","Turbo"],"picked":"Cold Snap","floor":11},{"not_picked":["Redo","BootSequence","Auto Shields"],"picked":"SKIP","floor":12},{"not_picked":["Leap","Compile Driver","Stack"],"picked":"SKIP","floor":13},{"not_picked":["Scrape","Auto Shields","Steam"],"picked":"SKIP","floor":14},{"not_picked":["Core Surge","Hyperbeam"],"picked":"Multi-Cast","floor":16},{"not_picked":["BootSequence+1","Stack"],"picked":"Recycle","floor":18},{"not_picked":["FTL","Sweeping Beam"],"picked":"Consume","floor":21},{"not_picked":["Lockon","Redo+1"],"picked":"Defragment","floor":22},{"not_picked":["Streamline","White Noise"],"picked":"Capacitor+1","floor":23},{"not_picked":["Recycle+1","Steam+1","Consume+1"],"picked":"SKIP","floor":24}],"player_experience":174134,"relics_obtained":[{"floor":8,"key":"StoneCalendar"},{"floor":9,"key":"Potion Belt"},{"floor":11,"key":"Shuriken"},{"floor":13,"key":"Meat on the Bone"},{"floor":23,"key":"Bird Faced Urn"},{"floor":26,"key":"Frozen Egg 2"}],"event_choices":[{"cards_removed":["Strike_B"],"damage_healed":0,"gold_gain":0,"player_choice":"Card Removal","damage_taken":0,"max_hp_gain":0,"max_hp_loss":0,"event_name":"The Cleric","floor":2,"gold_loss":50},{"damage_healed":0,"gold_gain":0,"player_choice":"Grow","damage_taken":0,"max_hp_gain":0,"max_hp_loss":0,"event_name":"Living Wall","floor":3,"gold_loss":0,"cards_upgraded":["Zap"]},{"cards_removed":["Strike_B"],"damage_healed":0,"gold_gain":0,"player_choice":"Card Removal","damage_taken":7,"max_hp_gain":0,"max_hp_loss":0,"event_name":"Golden Wing","floor":5,"gold_loss":0},{"damage_healed":0,"gold_gain":0,"player_choice":"Success","damage_taken":3,"relics_obtained":["Centennial Puzzle"],"max_hp_gain":0,"max_hp_loss":0,"event_name":"Scrap Ooze","floor":7,"gold_loss":0},{"damage_healed":0,"gold_gain":0,"player_choice":"Copied","damage_taken":0,"max_hp_gain":0,"max_hp_loss":0,"event_name":"Duplicator","floor":19,"gold_loss":0,"cards_obtained":["Chill"]},{"damage_healed":0,"gold_gain":0,"player_choice":"Obtained Book","damage_taken":16,"max_hp_gain":0,"max_hp_loss":0,"event_name":"Cursed Tome","floor":25,"gold_loss":0}],"is_beta":false,"boss_relics":[{"not_picked":["Runic Dome","Ectoplasm"],"picked":"Lizard Tail"}],"items_purged_floors":[20],"is_endless":false,"potions_floor_spawned":[1,11,12,13,18],"killed_by":"Slavers","ascension_level":3}