{"gold_per_floor":[109,109,119,134,2,32,32,32,332,332,348,348,363,363,363,453,453,373,30,46,46,69,69,107,66,66,105,105,121,121,121,121,219,219,244,29,29,29,29,29,49,49,131,172,172,172,187,206,206,206],"floor_reached":51,"playtime":10018,"items_purged":[],"score":1442,"play_id":"188fd378-e93d-46d0-b5e4-9d1b944519ec","local_time":"20190825010249","is_ascension_mode":true,"campfire_choices":[{"data":"Deadly Poison","floor":8.0,"key":"SMITH"},{"data":"Footwork","floor":10.0,"key":"SMITH"},{"data":"Cloak And Dagger","floor":12.0,"key":"SMITH"},{"data":"Malaise","floor":15.0,"key":"SMITH"},{"floor":23.0,"key":"REST"},{"floor":28.0,"key":"REST"},{"floor":32.0,"key":"REST"},{"data":"Noxious Fumes","floor":40.0,"key":"SMITH"},{"data":"Footwork","floor":42.0,"key":"SMITH"},{"data":"Burst","floor":46.0,"key":"SMITH"},{"floor":49.0,"key":"REST"}],"neow_cost":"NONE","seed_source_timestamp":221547954409600,"circlet_count":0,"master_deck":["AscendersBane","Strike_G","Defend_G","Defend_G","Defend_G","Defend_G","Defend_G","Survivor","Neutralize","Cloak And Dagger+1","Malaise+1","Footwork+1","Deadly Poison+1","Well Laid Plans","PiercingWail","Terror","Malaise","Footwork+1","Blur","Poisoned Stab","Dagger Spray","Tactician+1","Noxious Fumes+1","Expertise","Malaise","Dodge and Roll","Burst+1","Grand Finale","Backflip","Reflex","Deadly Poison"],"special_seed":0,"relics":["Ring of the Snake","NeowsBlessing","Tingsha","Golden Idol","Old Coin","HoveringKite","Centennial Puzzle","Regal Pillow","Gremlin Horn","Bag of Preparation","Enchiridion","Runic Pyramid","Tiny Chest","Bottled Lightning","Omamori","Bag of Marbles"],"potions_floor_usage":[50],"damage_taken":[{"damage":0.0,"enemies":"2 Louse","floor":1.0,"turns":1.0},{"damage":0.0,"enemies":"Cultist","floor":3.0,"turns":1.0},{"damage":0.0,"enemies":"Small Slimes","floor":4.0,"turns":1.0},{"damage":6.0,"enemies":"Lagavulin","floor":6.0,"turns":8.0},{"damage":2.0,"enemies":"Red Slaver","floor":11.0,"turns":6.0},{"damage":0.0,"enemies":"Large Slime","floor":13.0,"turns":5.0},{"damage":0.0,"enemies":"The Guardian","floor":16.0,"turns":10.0},{"damage":12.0,"enemies":"2 Thieves","floor":18.0,"turns":4.0},{"damage":4.0,"enemies":"Chosen","floor":20.0,"turns":6.0},{"damage":33.0,"enemies":"Shelled Parasite and Fungi","floor":22.0,"turns":7.0},{"damage":6.0,"enemies":"Book of Stabbing","floor":24.0,"turns":9.0},{"damage":18.0,"enemies":"Gremlin Leader","floor":27.0,"turns":7.0},{"damage":3.0,"enemies":"Centurion and Healer","floor":29.0,"turns":8.0},{"damage":13.0,"enemies":"Colosseum Slavers","floor":31.0,"turns":4.0},{"damage":25.0,"enemies":"Champ","floor":33.0,"turns":23.0},{"damage":0.0,"enemies":"3 Shapes","floor":35.0,"turns":7.0},{"damage":10.0,"enemies":"3 Darklings","floor":41.0,"turns":5.0},{"damage":8.0,"enemies":"Giant Head","floor":44.0,"turns":10.0},{"damage":4.0,"enemies":"4 Shapes","floor":47.0,"turns":7.0},{"damage":6.0,"enemies":"Jaw Worm Horde","floor":48.0,"turns":4.0},{"damage":0,"enemies":"Time Eater","floor":50,"turns":15}],"seed_played":"4309225860882407321","potions_obtained":[{"floor":3.0,"key":"SteroidPotion"},{"floor":6.0,"key":"Explosive Potion"},{"floor":13.0,"key":"LiquidBronze"},{"floor":20.0,"key":"FairyPotion"},{"floor":24.0,"key":"LiquidBronze"},{"floor":29.0,"key":"Weak Potion"},{"floor":33.0,"key":"SneckoOil"},{"floor":41.0,"key":"PowerPotion"},{"floor":48.0,"key":"EssenceOfSteel"}],"is_trial":false,"path_per_floor":["M","?","M","M","$","E","?","R","T","R","M","R","M","?","R","B",null,"M","$","M","?","M","R","E","$","T","E","R","M","?","?","R","B",null,"M","$","?","$","?","R","M","R","T","E","?","R","M","M","R","B",null],"character_chosen":"THE_SILENT","items_purchased":["Well Laid Plans","Fire Potion","Mind Blast","Centennial Puzzle","Footwork","Expertise","Tiny Chest","Grand Finale"],"campfire_rested":4,"item_purchase_floors":[5,5,19,19,19,25,36,36],"current_hp_per_floor":[59,59,59,59,59,53,30,30,30,30,28,28,28,66,66,66,66,54,54,50,50,17,36,30,30,30,12,46,43,22,9,43,18,54,54,54,54,54,54,54,44,44,44,36,36,36,32,26,60,60],"gold":206,"neow_bonus":"THREE_ENEMY_KILL","is_prod":false,"is_daily":false,"chose_seed":false,"campfire_upgraded":7,"win_rate":0,"timestamp":1566720169,"path_taken":["M","?","M","?","$","E","?","R","T","R","M","R","M","?","R","BOSS","BOSS","M","$","M","?","M","R","E","$","T","E","R","M","?","?","R","BOSS","M","$","?","$","?","R","M","R","T","E","?","R","?","M","R","BOSS"],"build_version":"2019-07-17","purchased_purges":0,"victory":true,"max_hp_per_floor":[66,66,66,66,66,66,66,66,66,66,66,66,66,66,66,66,66,66,66,66,66,66,66,66,66,66,66,66,66,66,66,66,66,66,66,66,66,66,66,66,66,66,66,66,66,66,66,66,66,66],"card_choices":[{"not_picked":["Backflip","Choke"],"picked":"Cloak And Dagger","floor":1.0},{"not_picked":["Masterful Stab","Underhanded Strike"],"picked":"Footwork","floor":3.0},{"not_picked":["Tactician","Bouncing Flask"],"picked":"Deadly Poison","floor":4.0},{"not_picked":["Cloak And Dagger","Outmaneuver"],"picked":"PiercingWail","floor":6.0},{"not_picked":["Acrobatics","Outmaneuver"],"picked":"Masterful Stab","floor":11.0},{"not_picked":["Prepared","Quick Slash"],"picked":"Terror","floor":13.0},{"not_picked":["Venomology","Unload"],"picked":"Malaise","floor":16.0},{"not_picked":["Poisoned Stab","Slice","Prepared"],"picked":"SKIP","floor":18.0},{"not_picked":["Concentrate+1","Poisoned Stab"],"picked":"Blur","floor":20.0},{"not_picked":["Finisher","Poisoned Stab"],"picked":"Tactician+1","floor":22.0},{"not_picked":["Cloak And Dagger","Heel Hook"],"picked":"Noxious Fumes","floor":24.0},{"not_picked":["Bullet Time","Poisoned Stab+1"],"picked":"Malaise","floor":27.0},{"not_picked":["Deflect","Deadly Poison"],"picked":"Dodge and Roll","floor":29.0},{"not_picked":["Wraith Form v2","Die Die Die"],"picked":"Burst","floor":33.0},{"not_picked":["Underhanded Strike+1","Blade Dance","Concentrate"],"picked":"SKIP","floor":35.0},{"not_picked":["Calculated Gamble","Deadly Poison","PiercingWail"],"picked":"SKIP","floor":41.0},{"not_picked":["Predator","Infinite Blades"],"picked":"Backflip","floor":44.0},{"not_picked":["Underhanded Strike","Prepared"],"picked":"Reflex","floor":47.0},{"not_picked":["Backstab+1","Die Die Die"],"picked":"Deadly Poison","floor":48.0}],"player_experience":667239,"relics_obtained":[{"floor":6.0,"key":"Tingsha"},{"floor":9.0,"key":"Old Coin"},{"floor":24.0,"key":"Regal Pillow"},{"floor":26.0,"key":"Gremlin Horn"},{"floor":27.0,"key":"Bag of Preparation"},{"floor":30.0,"key":"Enchiridion"},{"floor":43.0,"key":"Bottled Lightning"},{"floor":44.0,"key":"Omamori"}],"event_choices":[{"damage_healed":0.0,"max_hp_gain":0.0,"max_hp_loss":0.0,"gold_gain":0.0,"cards_transformed":["Strike_G"],"event_name":"Transmorgrifier","player_choice":"Transformed","floor":2.0,"gold_loss":0.0,"damage_taken":0.0,"cards_obtained":["Malaise"]},{"damage_healed":0.0,"max_hp_gain":0.0,"max_hp_loss":0.0,"gold_gain":0.0,"event_name":"Golden Idol","player_choice":"Take Damage","floor":7.0,"gold_loss":0.0,"damage_taken":23.0,"relics_obtained":["Golden Idol"]},{"cards_removed":["Masterful Stab"],"damage_healed":38.0,"max_hp_gain":0.0,"max_hp_loss":0.0,"gold_gain":0.0,"event_name":"Bonfire Elementals","player_choice":"Offered Uncommon","floor":14.0,"gold_loss":0.0,"damage_taken":0.0},{"damage_healed":0.0,"max_hp_gain":0.0,"max_hp_loss":0.0,"gold_gain":0.0,"cards_transformed":["Strike_G","Strike_G"],"event_name":"Drug Dealer","player_choice":"Became Test Subject","floor":21.0,"gold_loss":0.0,"damage_taken":0.0,"cards_obtained":["Poisoned Stab","Dagger Spray"]},{"damage_healed":0.0,"max_hp_gain":0.0,"max_hp_loss":0.0,"gold_gain":0.0,"event_name":"Cursed Tome","player_choice":"Obtained Book","floor":30.0,"gold_loss":0.0,"damage_taken":21.0},{"damage_healed":0.0,"max_hp_gain":0.0,"max_hp_loss":0.0,"gold_gain":0.0,"event_name":"Colosseum","player_choice":"Fight","floor":31.0,"gold_loss":0.0,"damage_taken":0.0},{"damage_healed":0.0,"max_hp_gain":0.0,"max_hp_loss":0.0,"gold_gain":0.0,"event_name":"Colosseum","player_choice":"Fled From Nobs","floor":31.0,"gold_loss":0.0,"damage_taken":0.0},{"damage_healed":0.0,"max_hp_gain":0.0,"max_hp_loss":0.0,"gold_gain":0.0,"event_name":"Mysterious Sphere","player_choice":"Ignored","floor":37.0,"gold_loss":0.0,"damage_taken":0.0},{"cards_removed":["Strike_G"],"damage_healed":0.0,"max_hp_gain":0.0,"max_hp_loss":0.0,"gold_gain":0.0,"event_name":"Falling","player_choice":"Removed Attack","floor":39.0,"gold_loss":0.0,"damage_taken":0.0},{"cards_removed":["Mind Blast"],"damage_healed":0.0,"max_hp_gain":0.0,"max_hp_loss":0.0,"gold_gain":0.0,"event_name":"WeMeetAgain","player_choice":"Gave Card","floor":45.0,"gold_loss":0.0,"damage_taken":0.0,"relics_obtained":["Bag of Marbles"]}],"is_beta":false,"boss_relics":[{"not_picked":["Calling Bell","Tiny House"],"picked":"HoveringKite"},{"not_picked":["Pandora\u0027s Box","Philosopher\u0027s Stone"],"picked":"Runic Pyramid"}],"items_purged_floors":[],"is_endless":false,"potions_floor_spawned":[3,6,11,13,20,24,29,33,41,47,48],"ascension_level":18}