{"gold_per_floor":[110,110,110,128,128,128,158,171,171,191,191],"floor_reached":11,"playtime":325,"items_purged":[],"score":146,"play_id":"f9f57413-bf0b-4968-aec1-6aef1488aef5","local_time":"20190720214326","is_ascension_mode":true,"campfire_choices":[{"data":"Go for the Eyes","floor":6,"key":"SMITH"}],"neow_cost":"NONE","seed_source_timestamp":652064187396861,"circlet_count":0,"master_deck":["AscendersBane","Strike_B+1","Strike_B","Strike_B+1","Defend_B","Defend_B","Defend_B","Defend_B","Zap","Dualcast","Conserve Battery","Go for the Eyes+1","Core Surge","Beam Cell","Doom and Gloom"],"relics":["Cracked Core","Whetstone","Gambling Chip","Bird Faced Urn"],"potions_floor_usage":[7,7],"damage_taken":[{"damage":1,"enemies":"Cultist","floor":1,"turns":3},{"damage":9,"enemies":"Jaw Worm","floor":4,"turns":4},{"damage":24,"enemies":"Gremlin Nob","floor":7,"turns":4},{"damage":3,"enemies":"2 Louse","floor":8,"turns":2},{"damage":0,"enemies":"Large Slime","floor":10,"turns":3},{"damage":25,"enemies":"3 Sentries","floor":11,"turns":4}],"seed_played":"4965090989047696450","potions_obtained":[{"floor":1,"key":"SteroidPotion"},{"floor":4,"key":"Weak Potion"},{"floor":8,"key":"FearPotion"}],"is_trial":false,"path_per_floor":["M","$","?","M","$","R","E","M","T","M","E"],"character_chosen":"DEFECT","items_purchased":[],"campfire_rested":0,"item_purchase_floors":[],"current_hp_per_floor":[63,63,56,47,47,47,23,20,20,20,0],"gold":191,"neow_bonus":"RANDOM_COMMON_RELIC","is_prod":false,"is_daily":false,"chose_seed":false,"campfire_upgraded":1,"win_rate":0,"timestamp":1563684206,"path_taken":["M","?","?","?","$","R","E","?","T","M","E"],"build_version":"2019-07-18","purchased_purges":0,"victory":false,"max_hp_per_floor":[71,71,71,71,71,71,71,71,71,71,71],"card_choices":[{"not_picked":["Darkness","Sweeping Beam"],"picked":"Conserve Battery","floor":1},{"not_picked":["Compile Driver","Force Field"],"picked":"Go for the Eyes","floor":4},{"not_picked":["Recycle","Go for the Eyes"],"picked":"Core Surge","floor":7},{"not_picked":["Static Discharge","Skim"],"picked":"Beam Cell","floor":8},{"not_picked":["Hologram","Conserve Battery"],"picked":"Doom and Gloom","floor":10}],"player_experience":2832349,"relics_obtained":[{"floor":7,"key":"Gambling Chip"},{"floor":9,"key":"Bird Faced Urn"}],"event_choices":[{"cards_removed":["Strike_B"],"damage_healed":0,"gold_gain":0,"player_choice":"Card Removal","damage_taken":7,"max_hp_gain":0,"max_hp_loss":0,"event_name":"Golden Wing","floor":3,"gold_loss":0}],"is_beta":true,"boss_relics":[],"items_purged_floors":[],"is_endless":false,"potions_floor_spawned":[1,4,8],"killed_by":"3 Sentries","ascension_level":20}