{"gold_per_floor":[14,14,33,33,52,52,96,119,144,167,167,10,10,25,25,114,114,134,152,172,172,172],"floor_reached":22,"playtime":841,"items_purged":[],"score":376,"play_id":"c64dd326-c257-439e-9e5d-06eaf72e6f93","local_time":"20190819221453","is_ascension_mode":true,"campfire_choices":[{"data":"Melter","floor":6.0,"key":"SMITH"},{"data":"Zap","floor":13.0,"key":"SMITH"},{"floor":15.0,"key":"REST"}],"neow_cost":"NO_GOLD","seed_source_timestamp":372277047210888,"circlet_count":0,"master_deck":["AscendersBane","Strike_B","Defend_B","Defend_B","Defend_B","Defend_B","Zap+1","Dualcast","Coolheaded","Cold Snap","Melter+1","Ball Lightning","Barrage","Capacitor","Scrape","Compile Driver","Echo Form","Gash","Auto Shields+1","Compile Driver"],"special_seed":0,"relics":["Cracked Core","Golden Idol","Centennial Puzzle","Bronze Scales","Happy Flower","Nuclear Battery"],"potions_floor_usage":[20],"damage_taken":[{"damage":0.0,"enemies":"Jaw Worm","floor":1.0,"turns":4.0},{"damage":6.0,"enemies":"2 Louse","floor":3.0,"turns":3.0},{"damage":0.0,"enemies":"Cultist","floor":5.0,"turns":4.0},{"damage":26.0,"enemies":"3 Sentries","floor":7.0,"turns":13.0},{"damage":0.0,"enemies":"2 Fungi Beasts","floor":8.0,"turns":3.0},{"damage":0.0,"enemies":"Large Slime","floor":10.0,"turns":3.0},{"damage":11.0,"enemies":"Looter","floor":14.0,"turns":2.0},{"damage":17.0,"enemies":"Hexaghost","floor":16.0,"turns":7.0},{"damage":18.0,"enemies":"3 Byrds","floor":18.0,"turns":2.0},{"damage":16.0,"enemies":"Shell Parasite","floor":19.0,"turns":3.0},{"damage":15,"enemies":"Snake Plant","floor":20,"turns":4},{"damage":22,"enemies":"Centurion and Healer","floor":22,"turns":4}],"seed_played":"-3868405856286918714","potions_obtained":[{"floor":5.0,"key":"FearPotion"},{"floor":7.0,"key":"Dexterity Potion"},{"floor":10.0,"key":"Regen Potion"},{"floor":19.0,"key":"Fruit Juice"},{"floor":20,"key":"AttackPotion"}],"is_trial":false,"path_per_floor":["M","?","M","?","M","R","E","M","T","M","?","$","R","M","R","B",null,"M","M","M","$","M"],"character_chosen":"DEFECT","items_purchased":["Happy Flower"],"campfire_rested":1,"item_purchase_floors":[12],"current_hp_per_floor":[64,40,34,39,39,39,13,13,13,13,13,13,13,2,24,22,63,45,34,19,19,0],"gold":172,"neow_bonus":"REMOVE_TWO","is_prod":false,"is_daily":false,"chose_seed":false,"campfire_upgraded":2,"win_rate":0,"timestamp":1566278093,"path_taken":["M","?","M","?","M","R","E","M","T","M","?","$","R","M","R","BOSS","M","?","M","$","M"],"build_version":"2019-08-15","purchased_purges":0,"victory":false,"max_hp_per_floor":[71,71,71,76,76,76,76,76,76,76,76,76,76,76,76,76,76,76,81,81,81,81],"card_choices":[{"not_picked":["Storm","Lockon"],"picked":"Coolheaded","floor":1.0},{"not_picked":["Sweeping Beam","Barrage"],"picked":"Cold Snap","floor":3.0},{"not_picked":["Rebound","Leap"],"picked":"Melter","floor":5.0},{"not_picked":["Steam","Gash"],"picked":"Ball Lightning","floor":7.0},{"not_picked":["Heatsinks","Sunder"],"picked":"Barrage","floor":8.0},{"not_picked":["Doom and Gloom","Streamline"],"picked":"Capacitor","floor":10.0},{"not_picked":["Steam","Rip and Tear"],"picked":"Compile Driver","floor":14.0},{"not_picked":["Meteor Strike","Rainbow"],"picked":"Echo Form","floor":16.0},{"not_picked":["Streamline","FTL"],"picked":"Gash","floor":18.0},{"not_picked":["Compile Driver","Rebound+1"],"picked":"Auto Shields+1","floor":19.0},{"not_picked":["Double Energy","Steam"],"picked":"Compile Driver","floor":20}],"player_experience":3008087,"relics_obtained":[{"floor":7.0,"key":"Centennial Puzzle"},{"floor":9.0,"key":"Bronze Scales"}],"event_choices":[{"damage_healed":0.0,"max_hp_gain":0.0,"max_hp_loss":0.0,"gold_gain":0.0,"event_name":"Golden Idol","player_choice":"Take Damage","floor":2.0,"gold_loss":0.0,"damage_taken":24.0,"relics_obtained":["Golden Idol"]},{"damage_healed":0.0,"max_hp_gain":5.0,"max_hp_loss":0.0,"gold_gain":0.0,"event_name":"Big Fish","player_choice":"Donut","floor":4.0,"gold_loss":0.0,"damage_taken":0.0},{"damage_healed":0.0,"max_hp_gain":0.0,"max_hp_loss":0.0,"gold_gain":0.0,"cards_transformed":["Strike_B"],"event_name":"Transmorgrifier","player_choice":"Transformed","floor":11.0,"gold_loss":0.0,"damage_taken":0.0,"cards_obtained":["Scrape"]}],"is_beta":true,"boss_relics":[{"not_picked":["Runic Dome","Fusion Hammer"],"picked":"Nuclear Battery"}],"items_purged_floors":[],"is_endless":false,"potions_floor_spawned":[5,7,10,14,19,20],"killed_by":"Centurion and Healer","ascension_level":20}