{"gold_per_floor":[117,131,306,177,197,197,223,223,273,299,314,314,375,84,84,180,180,190,208,208,226,243,273,273,301,325,295,295,307,307,323,323,422,422,437,36,49,65,17,44,64,91,91,91,142,142,152,168,168,168],"floor_reached":51,"playtime":2891,"items_purged":["Doubt","Strike_R","Strike_R"],"score":1208,"play_id":"9342e3d6-4d9b-482a-b41a-e21a1ae93dfb","local_time":"20190902171356","is_ascension_mode":true,"campfire_choices":[{"data":"Body Slam","floor":6.0,"key":"SMITH"},{"data":"Bash","floor":8.0,"key":"SMITH"},{"data":"Body Slam","floor":12.0,"key":"SMITH"},{"data":"Apotheosis","floor":15.0,"key":"SMITH"},{"data":"1","floor":24.0,"key":"LIFT"},{"floor":30.0,"key":"REST"},{"data":"2","floor":32.0,"key":"LIFT"},{"data":"3","floor":46,"key":"LIFT"},{"floor":49,"key":"REST"}],"neow_cost":"NONE","seed_source_timestamp":0,"circlet_count":0,"master_deck":["Strike_R+1","Strike_R","Strike_R+1","Defend_R","Defend_R","Defend_R","Defend_R","Bash+1","Shrug It Off","Body Slam+1","Metallicize","Body Slam+1","Metallicize","Barricade","Apotheosis+1","Metallicize","Shrug It Off","Impervious","Entrench","Shrug It Off","Body Slam","Battle Trance","Metallicize+1","Parasite"],"special_seed":0,"relics":["Burning Blood","Whetstone","Bronze Scales","Pen Nib","Calipers","Dream Catcher","Fusion Hammer","Girya","Meat on the Bone","Regal Pillow","Cursed Key","Paper Frog","Ancient Tea Set","Anchor","Ice Cream"],"potions_floor_usage":[],"damage_taken":[{"damage":0.0,"enemies":"Small Slimes","floor":1.0,"turns":4.0},{"damage":0.0,"enemies":"2 Louse","floor":2.0,"turns":4.0},{"damage":6.0,"enemies":"Cultist","floor":5.0,"turns":3.0},{"damage":21.0,"enemies":"Lagavulin","floor":7.0,"turns":6.0},{"damage":6.0,"enemies":"3 Sentries","floor":10.0,"turns":8.0},{"damage":5.0,"enemies":"3 Louse","floor":11.0,"turns":6.0},{"damage":13.0,"enemies":"Gremlin Nob","floor":13.0,"turns":3.0},{"damage":30.0,"enemies":"Slime Boss","floor":16.0,"turns":12.0},{"damage":1.0,"enemies":"Spheric Guardian","floor":18.0,"turns":4.0},{"damage":1.0,"enemies":"Chosen","floor":19.0,"turns":4.0},{"damage":3.0,"enemies":"Sentry and Sphere","floor":21.0,"turns":7.0},{"damage":4.0,"enemies":"3 Cultists","floor":22.0,"turns":6.0},{"damage":23.0,"enemies":"Book of Stabbing","floor":23.0,"turns":5.0},{"damage":52.0,"enemies":"Slavers","floor":25.0,"turns":7.0},{"damage":8.0,"enemies":"Book of Stabbing","floor":28.0,"turns":5.0},{"damage":0.0,"enemies":"Centurion and Healer","floor":29.0,"turns":6.0},{"damage":17.0,"enemies":"Shelled Parasite and Fungi","floor":31.0,"turns":5.0},{"damage":41.0,"enemies":"Collector","floor":33.0,"turns":10.0},{"damage":30.0,"enemies":"3 Darklings","floor":35.0,"turns":7.0},{"damage":0,"enemies":"3 Shapes","floor":37,"turns":5},{"damage":0,"enemies":"Transient","floor":38,"turns":5},{"damage":0,"enemies":"Giant Head","floor":40,"turns":4},{"damage":4,"enemies":"Jaw Worm Horde","floor":41,"turns":4},{"damage":5,"enemies":"Nemesis","floor":42,"turns":3},{"damage":6,"enemies":"2 Orb Walkers","floor":45,"turns":5},{"damage":0,"enemies":"Spire Growth","floor":47,"turns":4},{"damage":0,"enemies":"Writhing Mass","floor":48,"turns":3},{"damage":0,"enemies":"Time Eater","floor":50,"turns":6}],"seed_played":"8176802325728683789","potions_obtained":[{"floor":5.0,"key":"Fire Potion"},{"floor":7.0,"key":"SteroidPotion"},{"floor":10.0,"key":"Poison Potion"},{"floor":16.0,"key":"Energy Potion"},{"floor":18.0,"key":"Energy Potion"},{"floor":22.0,"key":"Strength Potion"},{"floor":27.0,"key":"SmokeBomb"},{"floor":27.0,"key":"FairyPotion"},{"floor":31.0,"key":"FearPotion"},{"floor":33.0,"key":"SpeedPotion"},{"floor":37,"key":"Explosive Potion"}],"is_trial":false,"path_per_floor":["M","M","?","$","M","R","E","R","T","E","M","R","?","$","R","B",null,"M","M","?","M","M","E","R","E","T","?","E","M","R","M","R","B",null,"M","$","M","M","$","E","M","E","T","?","?","R","M","M","R","B",null],"character_chosen":"IRONCLAD","items_purchased":["Body Slam","Apotheosis","Entrench","Paper Frog","Body Slam"],"campfire_rested":2,"item_purchase_floors":[4,14,36,36,39],"current_hp_per_floor":[78,80,80,80,80,80,65,65,65,65,66,66,59,59,59,35,69,74,79,79,80,80,63,63,17,17,17,27,45,80,69,69,46,72,48,48,54,60,60,66,68,69,69,69,69,69,75,80,80,80],"gold":168,"neow_bonus":"RANDOM_COMMON_RELIC","is_prod":false,"is_daily":false,"chose_seed":false,"campfire_upgraded":4,"win_rate":0,"timestamp":1567437236,"path_taken":["M","M","?","$","M","R","E","R","T","E","M","R","?","$","R","BOSS","M","M","?","M","M","E","R","E","T","?","E","M","R","M","R","BOSS","M","$","?","M","$","E","M","E","T","?","?","R","M","M","R","BOSS"],"build_version":"2019-07-17","purchased_purges":3,"victory":true,"max_hp_per_floor":[80,80,80,80,80,80,80,80,80,80,80,80,80,80,80,80,80,80,80,80,80,80,80,80,80,80,80,80,80,80,80,80,80,80,80,80,80,80,80,80,80,80,80,80,80,80,80,80,80,80],"card_choices":[{"not_picked":["True Grit","Clothesline"],"picked":"Shrug It Off","floor":1.0},{"not_picked":["Clash","Dropkick","Sentinel"],"picked":"SKIP","floor":2.0},{"not_picked":["Combust","Thunderclap"],"picked":"Metallicize","floor":5.0},{"not_picked":["Dual Wield","Clash","Warcry"],"picked":"SKIP","floor":7.0},{"not_picked":["Metallicize","Headbutt"],"picked":"Body Slam","floor":10.0},{"not_picked":["Rampage","Second Wind"],"picked":"Metallicize","floor":11.0},{"not_picked":["Havoc","Metallicize"],"picked":"Barricade","floor":13.0},{"not_picked":["Wild Strike","Reckless Charge","Clothesline"],"picked":"SKIP","floor":18.0},{"not_picked":["Clash","Armaments","Evolve"],"picked":"SKIP","floor":19.0},{"not_picked":["Pommel Strike","True Grit","Dual Wield"],"picked":"SKIP","floor":21.0},{"not_picked":["Wild Strike","Warcry","Pommel Strike+1"],"picked":"SKIP","floor":22.0},{"not_picked":["Whirlwind","Dark Embrace","Headbutt+1"],"picked":"SKIP","floor":23.0},{"not_picked":["Flex","Clash"],"picked":"Shrug It Off","floor":25.0},{"not_picked":["Warcry+1","Flex","Havoc+1"],"picked":"SKIP","floor":29.0},{"not_picked":["Warcry+1","Flex","Havoc+1"],"picked":"SKIP","floor":29.0},{"not_picked":["Cleave","Armaments","Power Through"],"picked":"SKIP","floor":31.0},{"not_picked":["Exhume","Bludgeon"],"picked":"Impervious","floor":33.0},{"not_picked":["Clothesline+1","Havoc","Sentinel"],"picked":"SKIP","floor":35},{"not_picked":["Body Slam","Metallicize+1"],"picked":"Shrug It Off","floor":37},{"not_picked":["Pommel Strike","Twin Strike","Bloodletting+1"],"picked":"SKIP","floor":38},{"not_picked":["Armaments+1","Pommel Strike+1"],"picked":"Battle Trance","floor":40},{"not_picked":["Iron Wave","Wild Strike+1","Battle Trance+1"],"picked":"SKIP","floor":41},{"not_picked":["Infernal Blade","True Grit+1","Exhume"],"picked":"SKIP","floor":42},{"not_picked":["Evolve+1","Anger"],"picked":"Metallicize+1","floor":45},{"not_picked":["Headbutt+1","Feel No Pain+1","Spot Weakness"],"picked":"SKIP","floor":47},{"not_picked":["Anger+1","Battle Trance","Havoc+1"],"picked":"SKIP","floor":48}],"player_experience":172069,"relics_obtained":[{"floor":7.0,"key":"Bronze Scales"},{"floor":9.0,"key":"Pen Nib"},{"floor":10.0,"key":"Calipers"},{"floor":13.0,"key":"Dream Catcher"},{"floor":23.0,"key":"Girya"},{"floor":25.0,"key":"Meat on the Bone"},{"floor":26.0,"key":"Regal Pillow"},{"floor":40,"key":"Ancient Tea Set"},{"floor":42,"key":"Anchor"},{"floor":45,"key":"Ice Cream"}],"event_choices":[{"damage_healed":0.0,"max_hp_gain":0.0,"max_hp_loss":0.0,"gold_gain":175.0,"event_name":"Liars Game","player_choice":"AGREE","floor":3.0,"gold_loss":0.0,"damage_taken":0.0,"cards_obtained":["Doubt"]},{"damage_healed":0.0,"max_hp_gain":0.0,"max_hp_loss":0.0,"gold_gain":0.0,"event_name":"Dead Adventurer","player_choice":"Searched \u00271\u0027 times","floor":13.0,"gold_loss":0.0,"damage_taken":0.0},{"damage_healed":0.0,"max_hp_gain":0.0,"max_hp_loss":0.0,"gold_gain":0.0,"event_name":"The Library","player_choice":"Read","floor":20.0,"gold_loss":0.0,"damage_taken":0.0,"cards_obtained":["Metallicize"]},{"damage_healed":0.0,"max_hp_gain":0.0,"max_hp_loss":0.0,"gold_gain":0.0,"event_name":"The Woman in Blue","player_choice":"Bought 2 Potions","floor":27.0,"gold_loss":0.0,"damage_taken":0.0},{"damage_healed":0,"gold_gain":0,"player_choice":"Ignored","damage_taken":0,"max_hp_gain":0,"max_hp_loss":0,"event_name":"Tomb of Lord Red Mask","floor":44,"gold_loss":0},{"damage_healed":0,"gold_gain":0,"player_choice":"Fight","damage_taken":0,"max_hp_gain":0,"max_hp_loss":0,"event_name":"Mysterious Sphere","floor":45,"gold_loss":0}],"is_beta":false,"boss_relics":[{"not_picked":["Empty Cage","Calling Bell"],"picked":"Fusion Hammer"},{"not_picked":["Black Blood","Busted Crown"],"picked":"Cursed Key"}],"items_purged_floors":[4,14,36],"is_endless":false,"potions_floor_spawned":[5,7,10,16,18,22,28,31,33,35,37,38,47,48],"ascension_level":8}