{"gold_per_floor":[115,115,40,40,56,90,90,107,107,107,57,92,112,287,287,287],"floor_reached":16,"playtime":475,"items_purged":["Pain"],"score":171,"play_id":"6135c379-87b4-4b0a-bff5-2d0c00bd7d54","local_time":"20190902121033","is_ascension_mode":true,"campfire_choices":[{"data":"Feed","floor":7,"key":"SMITH"},{"data":"Armaments","floor":10,"key":"SMITH"},{"data":"Pummel","floor":15,"key":"SMITH"}],"neow_cost":"CURSE","seed_source_timestamp":10260563835691,"circlet_count":0,"master_deck":["Strike_R","Strike_R","Defend_R","Defend_R","Defend_R","Defend_R","Bash","Second Wind","Cleave+1","Flame Barrier","Twin Strike","Feed+1","Armaments+1","Pummel+1","Headbutt","Doubt"],"relics":["Burning Blood","Blue Candle","Boot","Toxic Egg 2"],"potions_floor_usage":[6,12,16],"damage_taken":[{"damage":14,"enemies":"Jaw Worm","floor":1,"turns":5},{"damage":6,"enemies":"Small Slimes","floor":5,"turns":3},{"damage":30,"enemies":"3 Sentries","floor":6,"turns":10},{"damage":0,"enemies":"2 Louse","floor":8,"turns":3},{"damage":28,"enemies":"Lagavulin","floor":12,"turns":8},{"damage":15,"enemies":"Exordium Thugs","floor":13,"turns":4},{"damage":40,"enemies":"The Guardian","floor":16,"turns":4}],"seed_played":"2278613245899581343","potions_obtained":[{"floor":5,"key":"Fruit Juice"},{"floor":6,"key":"Energy Potion"},{"floor":13,"key":"Poison Potion"}],"is_trial":false,"path_per_floor":["M","?","$","?","M","E","R","M","T","R","?","E","M","?","R","B"],"character_chosen":"IRONCLAD","items_purchased":[],"campfire_rested":0,"item_purchase_floors":[],"current_hp_per_floor":[64,64,64,69,69,50,50,60,60,60,60,42,37,37,37,0],"gold":287,"neow_bonus":"TRANSFORM_TWO_CARDS","is_prod":false,"is_daily":false,"chose_seed":false,"campfire_upgraded":3,"win_rate":0,"timestamp":1567393833,"path_taken":["M","?","$","?","M","E","R","M","T","R","?","E","M","?","R","BOSS"],"build_version":"2019-07-17","purchased_purges":1,"victory":false,"max_hp_per_floor":[80,80,80,85,85,90,90,94,94,94,94,98,102,102,102,102],"card_choices":[{"not_picked":["Hemokinesis","Body Slam"],"picked":"Flame Barrier","floor":1},{"not_picked":["Bloodletting","Rage"],"picked":"Twin Strike","floor":5},{"not_picked":["Pommel Strike","Entrench"],"picked":"Feed","floor":6},{"not_picked":["Anger","Havoc"],"picked":"Armaments","floor":8},{"not_picked":["Clash","Cleave"],"picked":"Pummel","floor":12},{"not_picked":["Flex+1","Anger"],"picked":"Headbutt","floor":13}],"player_experience":279142,"relics_obtained":[{"floor":6,"key":"Blue Candle"},{"floor":9,"key":"Boot"},{"floor":12,"key":"Toxic Egg 2"}],"event_choices":[{"damage_healed":0,"gold_gain":0,"player_choice":"Grow","damage_taken":0,"max_hp_gain":0,"max_hp_loss":0,"event_name":"Living Wall","floor":2,"gold_loss":0,"cards_upgraded":["Cleave"]},{"damage_healed":0,"gold_gain":0,"player_choice":"Donut","damage_taken":0,"max_hp_gain":5,"max_hp_loss":0,"event_name":"Big Fish","floor":4,"gold_loss":0},{"cards_removed":["Strike_R"],"damage_healed":0,"gold_gain":0,"player_choice":"Card Removal","damage_taken":0,"max_hp_gain":0,"max_hp_loss":0,"event_name":"The Cleric","floor":11,"gold_loss":50},{"damage_healed":0,"gold_gain":175,"player_choice":"AGREE","damage_taken":0,"max_hp_gain":0,"max_hp_loss":0,"event_name":"Liars Game","floor":14,"gold_loss":0,"cards_obtained":["Doubt"]}],"is_beta":false,"boss_relics":[],"items_purged_floors":[3],"is_endless":false,"potions_floor_spawned":[5,6,13],"killed_by":"The Guardian","ascension_level":7}