{"gold_per_floor":[112,23,40,56,56,56,90,90,90,90,109,124,124,134,134,211,211,225,8,20,20,20,20,20,20],"floor_reached":25,"playtime":691,"items_purged":["Strike_G"],"score":427,"play_id":"46c366c9-e2f5-432d-b4dd-f84249df15a0","local_time":"20190613211919","is_ascension_mode":true,"campfire_choices":[{"floor":6.0,"key":"REST"},{"data":"Noxious Fumes","floor":8.0,"key":"SMITH"},{"data":"Envenom","floor":10.0,"key":"SMITH"},{"data":"Neutralize","floor":13.0,"key":"SMITH"},{"floor":15,"key":"REST"},{"data":"After Image","floor":23,"key":"SMITH"}],"neow_cost":"NONE","seed_source_timestamp":2945289972798585,"circlet_count":0,"master_deck":["AscendersBane","Defend_G","Defend_G","Defend_G","Defend_G","Defend_G","Survivor+1","Neutralize+1","Envenom+1","Slice","Noxious Fumes+1","Deadly Poison","Quick Slash","Dagger Spray","Caltrops","PiercingWail","PiercingWail","After Image+1","Well Laid Plans","Bite","Bite","Bite","Bite","Bite"],"special_seed":0,"relics":["Ring of the Snake","Letter Opener","Snake Skull","Busted Crown"],"potions_floor_usage":[14,16,22],"damage_taken":[{"damage":8.0,"enemies":"Cultist","floor":1.0,"turns":5.0},{"damage":7.0,"enemies":"2 Louse","floor":3.0,"turns":4.0},{"damage":2.0,"enemies":"Jaw Worm","floor":4.0,"turns":5.0},{"damage":14.0,"enemies":"Lagavulin","floor":7.0,"turns":7.0},{"damage":14.0,"enemies":"2 Fungi Beasts","floor":11.0,"turns":3.0},{"damage":4.0,"enemies":"Large Slime","floor":12.0,"turns":5.0},{"damage":22,"enemies":"Gremlin Gang","floor":14,"turns":4},{"damage":2,"enemies":"The Guardian","floor":16,"turns":8},{"damage":28,"enemies":"3 Byrds","floor":18,"turns":4},{"damage":8,"enemies":"Chosen","floor":20,"turns":5},{"damage":25,"enemies":"Colosseum Slavers","floor":22,"turns":4},{"damage":22,"enemies":"Shelled Parasite and Fungi","floor":25,"turns":4}],"seed_played":"1599132347593362698","potions_obtained":[{"floor":3.0,"key":"Block Potion"},{"floor":4.0,"key":"Regen Potion"},{"floor":12.0,"key":"SkillPotion"},{"floor":14,"key":"Strength Potion"}],"is_trial":false,"path_per_floor":["M","$","M","M","?","R","E","R","T","R","M","M","R","M","R","B",null,"M","$","M","?","?","R","?","M"],"character_chosen":"THE_SILENT","items_purchased":["Noxious Fumes","Well Laid Plans","Explosive Potion"],"campfire_rested":2,"item_purchase_floors":[2,19,19],"current_hp_per_floor":[51,51,44,42,22,41,27,27,27,27,13,23,23,1,20,18,54,26,26,18,18,1,1,10,0],"gold":20,"neow_bonus":"TRANSFORM_CARD","is_prod":false,"is_daily":false,"chose_seed":false,"campfire_upgraded":4,"win_rate":0,"timestamp":1560475159,"path_taken":["M","$","M","?","?","R","E","R","T","R","M","M","R","M","R","BOSS","M","$","M","?","?","R","?","M"],"build_version":"2019-01-23","purchased_purges":1,"victory":false,"max_hp_per_floor":[66,66,66,66,66,66,66,66,66,66,66,66,66,66,66,66,66,66,66,66,46,46,46,46,46],"card_choices":[{"not_picked":["Reflex","Distraction"],"picked":"Slice","floor":1.0},{"not_picked":["Slice","Acrobatics"],"picked":"Deadly Poison","floor":3.0},{"not_picked":["Deadly Poison","Masterful Stab"],"picked":"Quick Slash","floor":4.0},{"not_picked":["Expertise","PiercingWail"],"picked":"Dagger Spray","floor":7.0},{"not_picked":["Dagger Spray","Prepared"],"picked":"Caltrops","floor":11.0},{"not_picked":["Storm of Steel","Bane"],"picked":"PiercingWail","floor":12.0},{"not_picked":["Prepared","Dagger Throw"],"picked":"PiercingWail","floor":14},{"not_picked":["Phantasmal Killer","Doppelganger"],"picked":"After Image","floor":16},{"not_picked":["Expertise"],"picked":"SKIP","floor":18},{"not_picked":["Poisoned Stab"],"picked":"SKIP","floor":20}],"player_experience":428977,"relics_obtained":[{"floor":7.0,"key":"Letter Opener"},{"floor":9.0,"key":"Snake Skull"}],"event_choices":[{"damage_healed":0.0,"max_hp_gain":0.0,"max_hp_loss":0.0,"gold_gain":0.0,"event_name":"Shining Light","player_choice":"Entered Light","floor":5.0,"gold_loss":0.0,"damage_taken":20.0,"cards_upgraded":["Survivor","Strike_G"]},{"damage_healed":0,"gold_gain":0,"player_choice":"Became a vampire","damage_taken":0,"max_hp_gain":0,"max_hp_loss":20,"event_name":"Vampires","floor":21,"gold_loss":0,"cards_obtained":["Bite","Bite","Bite","Bite","Bite"]},{"damage_healed":0,"gold_gain":0,"player_choice":"Fight","damage_taken":0,"max_hp_gain":0,"max_hp_loss":0,"event_name":"Colosseum","floor":22,"gold_loss":0},{"damage_healed":0,"gold_gain":0,"player_choice":"Fled From Nobs","damage_taken":0,"max_hp_gain":0,"max_hp_loss":0,"event_name":"Colosseum","floor":22,"gold_loss":0},{"damage_healed":9,"gold_gain":0,"player_choice":"Heal","damage_taken":0,"max_hp_gain":0,"max_hp_loss":0,"event_name":"The Library","floor":24,"gold_loss":0}],"is_beta":false,"boss_relics":[{"not_picked":["Coffee Dripper","Runic Dome"],"picked":"Busted Crown"}],"items_purged_floors":[19],"is_endless":false,"potions_floor_spawned":[3,4,12,14],"killed_by":"Shelled Parasite and Fungi","ascension_level":20}