{"gold_per_floor":[109,30,30,43,63,92,92,127,175,205,205,205,217,217,217,318,318,334,334,348,348,348,348,360,390,415,434,434,461,461,487,487,588,588,608,608,608,620,620,720,769,143,169,169,169,180,195,207,207,207],"floor_reached":51,"playtime":3725,"items_purged":[],"score":730,"play_id":"4b92a5a2-7d94-4917-8b6e-397b12fc6d02","local_time":"20190206211522","is_ascension_mode":true,"campfire_choices":[{"data":"Infernal Blade","floor":7.0,"key":"SMITH"},{"floor":12.0,"key":"REST"},{"data":"Bash","floor":15.0,"key":"SMITH"},{"data":"Double Tap","floor":23.0,"key":"SMITH"},{"data":"Uppercut","floor":30.0,"key":"SMITH"},{"data":"Shockwave","floor":32.0,"key":"SMITH"},{"floor":45,"key":"REST"},{"data":"Demon Form","floor":49,"key":"SMITH"}],"neow_cost":"NONE","seed_source_timestamp":0,"circlet_count":0,"master_deck":["Strike_R+1","Strike_R+1","Strike_R+1","Defend_R+1","Defend_R+1","Defend_R+1","Defend_R+1","Infernal Blade+1","Reaper","Shrug It Off","Double Tap+1","Offering+1","Bloodletting+1","Flame Barrier+1","Feel No Pain+1","Uppercut+1","Metallicize","Evolve","Double Tap","Shockwave+1","Sword Boomerang+1","Fiend Fire","Demon Form+1","Feel No Pain+1","Heavy Blade+1","Seeing Red+1","The Bomb+1","Flash of Steel","Madness+1","Master of Strategy+1","Dark Shackles+1","Warcry+1","Inflame"],"special_seed":0,"relics":["Black Blood","NeowsBlessing","Mercury Hourglass","Art of War","Ancient Tea Set","Whetstone","Matryoshka","Astrolabe","Gremlin Horn","Potion Belt","Juzu Bracelet","Vajra","Pantograph","Toxic Egg 2","Ice Cream","Thread and Needle","Peace Pipe","Strange Spoon","Regal Pillow","Happy Flower"],"potions_floor_usage":[33,50,50,50],"damage_taken":[{"damage":0.0,"enemies":"Cultist","floor":1.0,"turns":1.0},{"damage":0.0,"enemies":"Jaw Worm","floor":4.0,"turns":1.0},{"damage":0.0,"enemies":"Small Slimes","floor":5.0,"turns":1.0},{"damage":17.0,"enemies":"3 Sentries","floor":6.0,"turns":5.0},{"damage":36.0,"enemies":"Lagavulin","floor":8.0,"turns":5.0},{"damage":16.0,"enemies":"3 Sentries","floor":10.0,"turns":7.0},{"damage":0.0,"enemies":"3 Louse","floor":13.0,"turns":1.0},{"damage":57.0,"enemies":"The Guardian","floor":16.0,"turns":15.0},{"damage":9.0,"enemies":"Shell Parasite","floor":18.0,"turns":3.0},{"damage":30.0,"enemies":"Spheric Guardian","floor":20.0,"turns":6.0},{"damage":6.0,"enemies":"Cultist and Chosen","floor":24.0,"turns":6.0},{"damage":22.0,"enemies":"Gremlin Leader","floor":25.0,"turns":4.0},{"damage":9.0,"enemies":"Centurion and Healer","floor":27.0,"turns":8.0},{"damage":22.0,"enemies":"Book of Stabbing","floor":29.0,"turns":6.0},{"damage":9.0,"enemies":"Gremlin Leader","floor":31.0,"turns":5.0},{"damage":64,"enemies":"Collector","floor":33,"turns":11},{"damage":16,"enemies":"Orb Walker","floor":35,"turns":3},{"damage":32,"enemies":"3 Darklings","floor":38,"turns":3},{"damage":9,"enemies":"Mind Bloom Boss Battle","floor":40,"turns":4},{"damage":50,"enemies":"2 Orb Walkers","floor":41,"turns":6},{"damage":13,"enemies":"Transient","floor":46,"turns":5},{"damage":25,"enemies":"Jaw Worm Horde","floor":47,"turns":3},{"damage":18,"enemies":"4 Shapes","floor":48,"turns":3},{"damage":26,"enemies":"Time Eater","floor":50,"turns":8}],"seed_played":"9052411281014428907","potions_obtained":[{"floor":4.0,"key":"FearPotion"},{"floor":8.0,"key":"FearPotion"},{"floor":13.0,"key":"BloodPotion"},{"floor":16.0,"key":"Regen Potion"},{"floor":24.0,"key":"Explosive Potion"},{"floor":25.0,"key":"Regen Potion"},{"floor":29.0,"key":"FearPotion"},{"floor":31.0,"key":"BloodPotion"},{"floor":35,"key":"Block Potion"},{"floor":46,"key":"SkillPotion"},{"floor":48,"key":"Swift Potion"}],"is_trial":false,"path_per_floor":["M","$","?","M","M","E","R","E","T","E","?","R","M","?","R","B",null,"M","?","M","?","?","R","M","E","T","M","?","E","R","E","R","B",null,"M","?","?","M","T","?","?","$","T","?","R","M","M","M","R","B",null],"character_chosen":"IRONCLAD","items_purchased":["Corruption","Strange Spoon","The Bomb+1","Flash of Steel","Regal Pillow"],"campfire_rested":2,"item_purchase_floors":[2,42,42,42,42],"current_hp_per_floor":[80,80,80,80,80,69,69,39,39,29,13,37,43,48,48,11,85,82,82,62,62,46,46,66,56,56,69,69,72,72,90,90,58,90,90,90,85,63,63,85,52,52,52,42,82,85,79,85,85,69],"gold":207,"neow_bonus":"THREE_ENEMY_KILL","is_prod":false,"is_daily":false,"chose_seed":false,"campfire_upgraded":6,"win_rate":0,"timestamp":1549505722,"path_taken":["M","$","?","M","?","E","R","E","T","E","?","R","M","?","R","BOSS","M","?","M","?","?","R","?","E","T","M","?","E","R","E","R","BOSS","M","?","?","M","?","?","?","$","T","?","R","M","M","M","R","BOSS"],"build_version":"2019-01-23","purchased_purges":0,"victory":true,"max_hp_per_floor":[80,80,80,80,80,80,80,80,80,80,80,80,80,85,85,85,85,85,85,85,85,90,90,90,90,90,90,90,90,90,90,90,90,90,90,90,85,85,85,85,85,85,85,85,85,85,85,85,85,85],"card_choices":[{"not_picked":["Clash","Pommel Strike"],"picked":"Infernal Blade","floor":1.0},{"not_picked":["Flex","Havoc","Fire Breathing"],"picked":"SKIP","floor":4.0},{"not_picked":["Blood for Blood","Burning Pact","Twin Strike"],"picked":"SKIP","floor":5.0},{"not_picked":["Clash","True Grit"],"picked":"Intimidate","floor":6.0},{"not_picked":["Clothesline","Whirlwind","Dropkick"],"picked":"SKIP","floor":8.0},{"not_picked":["Corruption","Infernal Blade"],"picked":"Reaper","floor":10.0},{"not_picked":["Pommel Strike","Body Slam"],"picked":"Shrug It Off","floor":13.0},{"not_picked":["Exhume","Dark Embrace"],"picked":"Double Tap","floor":16.0},{"not_picked":["Clothesline","Flex+1"],"picked":"Feel No Pain+1","floor":18.0},{"not_picked":["Iron Wave","Clash+1","Twin Strike"],"picked":"SKIP","floor":20.0},{"not_picked":["Second Wind+1","Power Through+1"],"picked":"Uppercut","floor":24.0},{"not_picked":["Combust","Heavy Blade"],"picked":"Metallicize","floor":25.0},{"not_picked":["Thunderclap+1","Reckless Charge+1"],"picked":"Evolve","floor":27.0},{"not_picked":["Wild Strike+1","Berserk"],"picked":"Sword Boomerang+1","floor":29.0},{"not_picked":["Wild Strike","Warcry"],"picked":"Fiend Fire","floor":31.0},{"not_picked":["Impervious","Bludgeon"],"picked":"Demon Form","floor":33},{"not_picked":["Searing Blow","Power Through+1","Cleave+1"],"picked":"SKIP","floor":35},{"not_picked":["Combust+1","Wild Strike"],"picked":"Feel No Pain+1","floor":38},{"not_picked":["Pommel Strike","Evolve+1"],"picked":"Heavy Blade+1","floor":40},{"not_picked":["Havoc+1","Searing Blow"],"picked":"Seeing Red+1","floor":41},{"not_picked":["Dramatic Entrance","Flash of Steel"],"picked":"Madness+1","floor":44},{"not_picked":["Blind+1","PanicButton+1"],"picked":"Master of Strategy+1","floor":44},{"not_picked":["Mayhem","Swift Strike"],"picked":"Dark Shackles+1","floor":44},{"not_picked":["Headbutt","Body Slam"],"picked":"Warcry+1","floor":46},{"not_picked":["Pommel Strike+1","Clash"],"picked":"Inflame","floor":47},{"not_picked":["Warcry+1","Searing Blow+1","Evolve+1"],"picked":"SKIP","floor":48}],"player_experience":28139,"relics_obtained":[{"floor":6.0,"key":"Art of War"},{"floor":8.0,"key":"Ancient Tea Set"},{"floor":9.0,"key":"Whetstone"},{"floor":10.0,"key":"Matryoshka"},{"floor":25.0,"key":"Gremlin Horn"},{"floor":26.0,"key":"Potion Belt"},{"floor":26.0,"key":"Juzu Bracelet"},{"floor":29.0,"key":"Vajra"},{"floor":31.0,"key":"Pantograph"},{"floor":39,"key":"Toxic Egg 2"},{"floor":39,"key":"Ice Cream"},{"floor":40,"key":"Thread and Needle"},{"floor":41,"key":"Peace Pipe"},{"floor":43,"key":"Happy Flower"}],"event_choices":[{"cards_removed":["Corruption"],"damage_healed":0.0,"max_hp_gain":0.0,"max_hp_loss":0.0,"gold_gain":0.0,"event_name":"WeMeetAgain","player_choice":"Gave Card","floor":3.0,"gold_loss":0.0,"damage_taken":0.0,"relics_obtained":["Mercury Hourglass"]},{"damage_healed":0.0,"max_hp_gain":0.0,"max_hp_loss":0.0,"gold_gain":0.0,"event_name":"Shining Light","player_choice":"Entered Light","floor":11.0,"gold_loss":0.0,"damage_taken":16.0,"cards_upgraded":["Strike_R","Strike_R"]},{"damage_healed":0.0,"max_hp_gain":5.0,"max_hp_loss":0.0,"gold_gain":0.0,"event_name":"Big Fish","player_choice":"Donut","floor":14.0,"gold_loss":0.0,"damage_taken":0.0},{"damage_healed":0.0,"max_hp_gain":0.0,"max_hp_loss":0.0,"gold_gain":0.0,"event_name":"Vampires","player_choice":"Ignored","floor":19.0,"gold_loss":0.0,"damage_taken":0.0},{"damage_healed":0.0,"max_hp_gain":0.0,"max_hp_loss":0.0,"gold_gain":0.0,"event_name":"Back to Basics","player_choice":"Simplicity","floor":21.0,"gold_loss":0.0,"damage_taken":0.0,"cards_upgraded":["Defend_R","Defend_R","Defend_R","Defend_R"]},{"damage_healed":0.0,"max_hp_gain":5.0,"max_hp_loss":0.0,"gold_gain":0.0,"event_name":"Forgotten Altar","player_choice":"Shed Blood","floor":22.0,"gold_loss":0.0,"damage_taken":21.0},{"damage_healed":0.0,"max_hp_gain":0.0,"max_hp_loss":0.0,"gold_gain":0.0,"event_name":"Match and Keep!","player_choice":"2 cards matched","floor":28.0,"gold_loss":0.0,"damage_taken":0.0,"cards_obtained":["Double Tap","Shockwave"]},{"cards_removed":["Bash"],"damage_healed":0,"gold_gain":0,"player_choice":"Removed Attack","damage_taken":0,"max_hp_gain":0,"max_hp_loss":0,"event_name":"Falling","floor":36,"gold_loss":0},{"damage_healed":0,"gold_gain":0,"player_choice":"Max HP","damage_taken":0,"max_hp_gain":0,"max_hp_loss":5,"event_name":"Winding Halls","floor":37,"gold_loss":0},{"damage_healed":0,"gold_gain":0,"player_choice":"Fight","damage_taken":0,"max_hp_gain":0,"max_hp_loss":0,"event_name":"MindBloom","floor":40,"gold_loss":0},{"damage_healed":0,"gold_gain":0,"player_choice":"Fight","damage_taken":0,"max_hp_gain":0,"max_hp_loss":0,"event_name":"Mysterious Sphere","floor":41,"gold_loss":0},{"damage_healed":0,"gold_gain":0,"player_choice":"Memory 3","damage_taken":10,"max_hp_gain":0,"max_hp_loss":0,"event_name":"SensoryStone","floor":44,"gold_loss":0}],"is_beta":false,"boss_relics":[{"not_picked":["Runic Dome","Tiny House"],"picked":"Astrolabe"},{"not_picked":["Orrery","Velvet Choker"],"picked":"Black Blood"}],"items_purged_floors":[],"is_endless":false,"potions_floor_spawned":[4,8,13,16,24,25,29,31,35,46,48],"ascension_level":1}