{"gold_per_floor":[110,62,62,81,81,81,116,116,140,178,253,253,353,392,392,512,512,528,528,548,568,14,14,30,30,81,115,15,46,46,89,89,210,210,234,42,57,76,37,37,37,37,37,37],"floor_reached":44,"playtime":1819,"items_purged":["Strike_B","Strike_B"],"score":574,"play_id":"6ea30e68-6dc0-4c74-9461-de41910d3434","local_time":"20190208132937","is_ascension_mode":true,"campfire_choices":[{"data":"Glacier","floor":6,"key":"SMITH"},{"data":"Dualcast","floor":8,"key":"SMITH"},{"floor":12,"key":"REST"},{"data":"Self Repair","floor":15,"key":"SMITH"},{"data":"Capacitor","floor":23,"key":"SMITH"},{"data":"Fission","floor":25,"key":"SMITH"},{"data":"Amplify","floor":30,"key":"SMITH"},{"data":"Machine Learning","floor":32,"key":"SMITH"},{"data":"Blizzard","floor":40,"key":"SMITH"},{"data":"Coolheaded","floor":42,"key":"SMITH"}],"neow_cost":"NONE","seed_source_timestamp":165672283132259,"circlet_count":0,"master_deck":["Defend_B+1","Defend_B","Defend_B","Defend_B","Zap+1","Dualcast+1","Glacier+1","Ball Lightning","Self Repair+1","Amplify+1","Glacier","Coolheaded+1","Sunder","Chill+1","Blizzard+1","Capacitor+1","Fission+1","Blizzard+1","Impatience","Tempest+1","Machine Learning+1","Core Surge","Machine Learning+1","Sunder+1","Creative AI+1","Glacier+1","Fusion+1"],"relics":["Cracked Core","Golden Idol","Singing Bowl","Bag of Marbles","Kunai","Gremlin Horn","Orrery","War Paint","Art of War","Toxic Egg 2","Meat on the Bone","Oddly Smooth Stone","Astrolabe","Toolbox","Bottled Tornado","Molten Egg 2"],"potions_floor_usage":[7,16,18,19,21,27],"damage_taken":[{"damage":1,"enemies":"Jaw Worm","floor":1,"turns":4},{"damage":0,"enemies":"2 Louse","floor":4,"turns":3},{"damage":20,"enemies":"Gremlin Nob","floor":7,"turns":4},{"damage":5,"enemies":"Lagavulin","floor":10,"turns":7},{"damage":17,"enemies":"3 Sentries","floor":14,"turns":8},{"damage":18,"enemies":"The Guardian","floor":16,"turns":12},{"damage":0,"enemies":"2 Thieves","floor":18,"turns":3},{"damage":7,"enemies":"Shell Parasite","floor":20,"turns":12},{"damage":25,"enemies":"Cultist and Chosen","floor":21,"turns":7},{"damage":19,"enemies":"Centurion and Healer","floor":24,"turns":6},{"damage":11,"enemies":"Gremlin Leader","floor":27,"turns":7},{"damage":8,"enemies":"Slavers","floor":29,"turns":4},{"damage":26,"enemies":"Gremlin Leader","floor":31,"turns":7},{"damage":50,"enemies":"Automaton","floor":33,"turns":11},{"damage":3,"enemies":"Orb Walker","floor":35,"turns":3},{"damage":0,"enemies":"3 Shapes","floor":37,"turns":3},{"damage":27,"enemies":"Maw","floor":38,"turns":7},{"damage":86,"enemies":"Sphere and 2 Shapes","floor":44,"turns":5}],"seed_played":"-9027312427420333249","potions_obtained":[{"floor":4,"key":"PowerPotion"},{"floor":10,"key":"FocusPotion"},{"floor":14,"key":"SpeedPotion"},{"floor":16,"key":"Fire Potion"},{"floor":18,"key":"Swift Potion"},{"floor":19,"key":"Fruit Juice"},{"floor":19,"key":"Weak Potion"},{"floor":20,"key":"Strength Potion"},{"floor":24,"key":"Swift Potion"},{"floor":29,"key":"SneckoOil"},{"floor":37,"key":"SteroidPotion"}],"is_trial":false,"path_per_floor":["M","$","?","M","?","R","E","R","T","E","?","R","?","E","R","B",null,"M","?","M","M","$","R","M","R","T","E","$","E","R","E","R","B",null,"M","$","M","M","$","R","T","R","T","M"],"character_chosen":"DEFECT","items_purchased":["Ball Lightning","Capacitor","Fission","War Paint","Blizzard","Impatience","Toolbox","Fusion+1"],"campfire_rested":1,"item_purchase_floors":[2,22,22,22,22,22,36,39],"current_hp_per_floor":[74,74,69,69,69,69,51,51,51,48,37,58,58,41,41,33,73,75,80,80,65,65,65,58,58,58,59,59,61,61,57,57,19,84,86,86,88,81,81,81,81,81,81,0],"gold":37,"neow_bonus":"TRANSFORM_CARD","is_prod":false,"is_daily":false,"chose_seed":false,"campfire_upgraded":9,"win_rate":0,"timestamp":1549650577,"path_taken":["M","$","?","M","?","R","E","R","T","E","?","R","?","E","R","BOSS","M","?","M","M","$","R","M","R","T","E","?","E","R","E","R","BOSS","M","$","M","M","?","R","?","R","T","?"],"build_version":"2019-01-23","purchased_purges":2,"victory":false,"max_hp_per_floor":[75,75,69,69,69,69,71,71,71,73,73,73,73,73,73,73,73,75,80,80,80,80,80,82,82,82,84,84,84,84,84,84,84,84,86,86,88,88,88,88,88,88,88,88],"card_choices":[{"not_picked":["Leap","Redo","Reinforced Body"],"picked":"SKIP","floor":1},{"not_picked":["Lockon","Leap","Steam"],"picked":"SKIP","floor":4},{"not_picked":["Hyperbeam","Skim","Scrape"],"picked":"Singing Bowl","floor":7},{"not_picked":["Barrage","Leap","Hologram"],"picked":"Singing Bowl","floor":10},{"not_picked":["BootSequence","Stack"],"picked":"Self Repair","floor":14},{"not_picked":["Rainbow","Fission"],"picked":"Amplify","floor":16},{"not_picked":["Hologram","Go for the Eyes"],"picked":"Glacier","floor":17},{"not_picked":["Sunder","Beam Cell"],"picked":"Heatsinks","floor":17},{"not_picked":["Leap","Stack"],"picked":"Coolheaded","floor":17},{"not_picked":["Barrage","Hyperbeam"],"picked":"Sunder","floor":17},{"not_picked":["Beam Cell","Stack"],"picked":"Chill","floor":17},{"not_picked":["Compile Driver+1","Stack","Doom and Gloom"],"picked":"Singing Bowl","floor":18},{"not_picked":["Recycle","Streamline"],"picked":"Blizzard+1","floor":20},{"not_picked":["Steam","Fusion"],"picked":"Chill","floor":21},{"not_picked":["Hologram","Coolheaded","Double Energy"],"picked":"Singing Bowl","floor":24},{"not_picked":["Genetic Algorithm","Stack","BootSequence"],"picked":"Singing Bowl","floor":27},{"not_picked":["Reinforced Body+1","Steam+1"],"picked":"Tempest+1","floor":29},{"not_picked":["Beam Cell","Rebound+1"],"picked":"Machine Learning","floor":31},{"not_picked":["Meteor Strike","Creative AI"],"picked":"Core Surge","floor":33},{"not_picked":["Aggregate+1","Ball Lightning+1","Leap+1"],"picked":"Singing Bowl","floor":35},{"not_picked":["Stack+1","Coolheaded+1","Sunder+1"],"picked":"Singing Bowl","floor":37},{"not_picked":["Barrage+1","Gash"],"picked":"Glacier+1","floor":38}],"player_experience":46651,"relics_obtained":[{"floor":7,"key":"Singing Bowl"},{"floor":9,"key":"Bag of Marbles"},{"floor":10,"key":"Kunai"},{"floor":14,"key":"Gremlin Horn"},{"floor":26,"key":"Art of War"},{"floor":27,"key":"Toxic Egg 2"},{"floor":29,"key":"Meat on the Bone"},{"floor":31,"key":"Oddly Smooth Stone"},{"floor":41,"key":"Bottled Tornado"},{"floor":43,"key":"Molten Egg 2"}],"event_choices":[{"damage_healed":0,"gold_gain":0,"player_choice":"Lose Max HP","damage_taken":0,"relics_obtained":["Golden Idol"],"max_hp_gain":0,"max_hp_loss":6,"event_name":"Golden Idol","floor":3,"gold_loss":0},{"damage_healed":0,"gold_gain":0,"player_choice":"Grow","damage_taken":0,"max_hp_gain":0,"max_hp_loss":0,"event_name":"Living Wall","floor":5,"gold_loss":0,"cards_upgraded":["Zap"]},{"damage_healed":0,"gold_gain":75,"player_choice":"Gather Gold","damage_taken":11,"max_hp_gain":0,"max_hp_loss":0,"event_name":"World of Goop","floor":11,"gold_loss":0},{"damage_healed":0,"gold_gain":100,"player_choice":"Pray","damage_taken":0,"max_hp_gain":0,"max_hp_loss":0,"event_name":"Golden Shrine","floor":13,"gold_loss":0},{"damage_healed":0,"gold_gain":0,"player_choice":"Got Potions","damage_taken":0,"max_hp_gain":0,"max_hp_loss":0,"event_name":"Lab","floor":19,"gold_loss":0}],"is_beta":false,"boss_relics":[{"not_picked":["Black Star","Tiny House"],"picked":"Orrery"},{"not_picked":["Runic Pyramid","Velvet Choker"],"picked":"Astrolabe"}],"items_purged_floors":[22,28],"is_endless":false,"potions_floor_spawned":[4,10,14,16,18,20,24,29,37],"killed_by":"Sphere and 2 Shapes","ascension_level":4}