{"gold_per_floor":[111,111,121,132,143,177,177,177,200,211,211,230,230,246,246,246],"floor_reached":16,"playtime":498,"items_purged":[],"score":208,"play_id":"afc65fe5-5867-4e97-a19c-6a92b059f38c","local_time":"20190623195032","is_ascension_mode":true,"campfire_choices":[{"data":"Coolheaded","floor":8,"key":"SMITH"},{"data":"Sweeping Beam","floor":11,"key":"SMITH"},{"data":"Glacier","floor":13,"key":"SMITH"},{"data":"Genetic Algorithm","floor":15,"key":"SMITH"}],"neow_cost":"NONE","seed_source_timestamp":162363978692853,"circlet_count":0,"master_deck":["AscendersBane","Strike_B","Strike_B","Strike_B","Strike_B","Defend_B","Defend_B","Defend_B","Zap","Dualcast","Conserve Battery","Coolheaded+1","Conserve Battery","Sweeping Beam+1","Glacier+1","Genetic Algorithm+1"],"relics":["Cracked Core","NeowsBlessing","Dream Catcher","Strawberry","Vajra"],"potions_floor_usage":[6,16],"damage_taken":[{"damage":0,"enemies":"Small Slimes","floor":1,"turns":1},{"damage":0,"enemies":"Cultist","floor":3,"turns":1},{"damage":0,"enemies":"2 Louse","floor":4,"turns":1},{"damage":5,"enemies":"2 Fungi Beasts","floor":5,"turns":5},{"damage":27,"enemies":"Lagavulin","floor":6,"turns":9},{"damage":5,"enemies":"Red Slaver","floor":10,"turns":6},{"damage":8,"enemies":"Blue Slaver","floor":12,"turns":4},{"damage":0,"enemies":"3 Louse","floor":14,"turns":3},{"damage":34,"enemies":"Slime Boss","floor":16,"turns":7}],"seed_played":"-5949558854188928192","potions_obtained":[{"floor":3,"key":"Ancient Potion"},{"floor":5,"key":"Strength Potion"},{"floor":6,"key":"Fire Potion"}],"is_trial":false,"path_per_floor":["M","?","M","M","M","E","?","R","T","M","R","M","R","M","R","B"],"character_chosen":"DEFECT","items_purchased":[],"campfire_rested":0,"item_purchase_floors":[],"current_hp_per_floor":[64,64,64,64,59,32,39,39,39,34,34,26,26,26,26,0],"gold":246,"neow_bonus":"THREE_ENEMY_KILL","is_prod":false,"is_daily":false,"chose_seed":false,"campfire_upgraded":4,"win_rate":0,"timestamp":1561333832,"path_taken":["M","?","?","M","M","E","?","R","T","M","R","M","R","?","R","BOSS"],"build_version":"2019-01-23","purchased_purges":0,"victory":false,"max_hp_per_floor":[71,71,71,71,71,71,78,78,78,78,78,78,78,78,78,78],"card_choices":[{"not_picked":["Go for the Eyes","Steam"],"picked":"Conserve Battery","floor":1},{"not_picked":["Sweeping Beam","Rebound"],"picked":"Coolheaded","floor":3},{"not_picked":["Force Field","Heatsinks"],"picked":"Conserve Battery","floor":4},{"not_picked":["Melter","Leap"],"picked":"Sweeping Beam","floor":5},{"not_picked":["Biased Cognition","Recycle"],"picked":"Cold Snap","floor":6},{"not_picked":["Redo","Darkness"],"picked":"Glacier","floor":10},{"not_picked":["Hello World","Scrape","Streamline"],"picked":"SKIP","floor":12},{"not_picked":["Streamline","Stack"],"picked":"Genetic Algorithm","floor":14}],"player_experience":455687,"relics_obtained":[{"floor":6,"key":"Dream Catcher"},{"floor":9,"key":"Vajra"}],"event_choices":[{"cards_removed":["Defend_B"],"damage_healed":0,"gold_gain":0,"player_choice":"Purged","damage_taken":0,"max_hp_gain":0,"max_hp_loss":0,"event_name":"Purifier","floor":2,"gold_loss":0},{"cards_removed":["Cold Snap"],"damage_healed":0,"gold_gain":0,"player_choice":"Gave Card","damage_taken":0,"relics_obtained":["Strawberry"],"max_hp_gain":0,"max_hp_loss":0,"event_name":"WeMeetAgain","floor":7,"gold_loss":0}],"is_beta":false,"boss_relics":[],"items_purged_floors":[],"is_endless":false,"potions_floor_spawned":[3,5,6,12],"killed_by":"Slime Boss","ascension_level":20}