{"gold_per_floor":[114,114,114,114,130,130,162,162,189,199,211,211,222,37,37,114,114,85,102,102,102,27,90,90,110,110,110,110],"floor_reached":28,"playtime":627,"items_purged":["Decay"],"score":496,"play_id":"f5a154dc-cdb5-4287-842f-d4b20b6c4610","local_time":"20190511225530","is_ascension_mode":true,"campfire_choices":[{"data":"Self Repair","floor":6,"key":"SMITH"},{"data":"Darkness","floor":8,"key":"SMITH"},{"data":"Redo","floor":12,"key":"SMITH"},{"data":"Apotheosis","floor":15,"key":"SMITH"},{"floor":24,"key":"REST"},{"floor":27,"key":"REST"}],"neow_cost":"NONE","seed_source_timestamp":99760970585608,"circlet_count":0,"master_deck":["AscendersBane","Strike_B","Strike_B","Strike_B","Strike_B","Defend_B+1","Defend_B","Defend_B","Defend_B+1","Zap+1","Dualcast","Self Repair+1","Cold Snap","Darkness+1","Hologram","Redo+1","Apotheosis+1","Echo Form","Defragment","Echo Form","Chill"],"relics":["Cracked Core","NeowsBlessing","Anchor","Juzu Bracelet","Sozu","Tiny Chest","Turnip"],"potions_floor_usage":[13,16,19],"damage_taken":[{"damage":0,"enemies":"Small Slimes","floor":1,"turns":1},{"damage":0,"enemies":"Jaw Worm","floor":5,"turns":1},{"damage":0,"enemies":"Lagavulin","floor":7,"turns":1},{"damage":2,"enemies":"Cultist","floor":10,"turns":4},{"damage":6,"enemies":"3 Louse","floor":11,"turns":4},{"damage":20,"enemies":"Exordium Thugs","floor":13,"turns":4},{"damage":32,"enemies":"The Guardian","floor":16,"turns":9},{"damage":17,"enemies":"2 Thieves","floor":18,"turns":4},{"damage":23,"enemies":"Chosen","floor":19,"turns":5},{"damage":17,"enemies":"Book of Stabbing","floor":23,"turns":6},{"damage":46,"enemies":"3 Cultists","floor":25,"turns":6},{"damage":20,"enemies":"Chosen and Byrds","floor":28,"turns":9}],"seed_played":"247326370082380846","potions_obtained":[{"floor":1,"key":"Weak Potion"},{"floor":5,"key":"SpeedPotion"},{"floor":7,"key":"Swift Potion"},{"floor":16,"key":"Dexterity Potion"}],"is_trial":false,"path_per_floor":["M","?","?","?","M","R","E","R","T","M","M","R","M","$","R","B",null,"M","M","$","?","$","E","R","M","T","R","M"],"character_chosen":"DEFECT","items_purchased":["Apotheosis"],"campfire_rested":2,"item_purchase_floors":[14],"current_hp_per_floor":[64,43,43,43,43,43,43,43,43,51,55,55,35,35,35,13,57,50,37,37,37,37,30,51,15,15,36,16],"gold":110,"neow_bonus":"THREE_ENEMY_KILL","is_prod":false,"is_daily":false,"chose_seed":false,"campfire_upgraded":4,"win_rate":0,"timestamp":1557629730,"path_taken":["M","?","?","?","?","R","E","R","T","M","M","R","M","$","R","BOSS","M","M","?","?","$","E","R","M","T","R","M"],"build_version":"2019-01-23","purchased_purges":1,"victory":false,"max_hp_per_floor":[71,71,71,71,71,71,71,71,71,71,71,71,71,71,71,71,71,71,71,71,71,71,71,71,71,71,71,71],"card_choices":[{"not_picked":["Aggregate","Steam"],"picked":"Self Repair","floor":1},{"not_picked":["Hologram","Steam"],"picked":"Cold Snap","floor":5},{"not_picked":["Streamline","Chill"],"picked":"Darkness","floor":7},{"not_picked":["Lockon","Aggregate"],"picked":"Hologram","floor":10},{"not_picked":["Barrage","Gash"],"picked":"Redo","floor":11},{"not_picked":["Fusion","Turbo","Meteor Strike"],"picked":"SKIP","floor":13},{"not_picked":["Core Surge","Biased Cognition"],"picked":"Echo Form","floor":16},{"not_picked":["Cold Snap","White Noise"],"picked":"Defragment","floor":18},{"not_picked":["Stack","Steam","Cold Snap+1"],"picked":"SKIP","floor":19},{"not_picked":["Stack","Storm"],"picked":"Echo Form","floor":23},{"not_picked":["Redo","Cold Snap"],"picked":"Chill","floor":25}],"player_experience":357130,"relics_obtained":[{"floor":7,"key":"Anchor"},{"floor":9,"key":"Juzu Bracelet"},{"floor":23,"key":"Tiny Chest"},{"floor":26,"key":"Turnip"}],"event_choices":[{"damage_healed":0,"gold_gain":0,"player_choice":"Entered Light","damage_taken":21,"max_hp_gain":0,"max_hp_loss":0,"event_name":"Shining Light","floor":2,"gold_loss":0,"cards_upgraded":["Defend_B","Defend_B"]},{"damage_healed":0,"gold_gain":0,"player_choice":"Ignored","damage_taken":0,"max_hp_gain":0,"max_hp_loss":0,"event_name":"Liars Game","floor":3,"gold_loss":0},{"damage_healed":0,"gold_gain":0,"player_choice":"Grow","damage_taken":0,"max_hp_gain":0,"max_hp_loss":0,"event_name":"Living Wall","floor":4,"gold_loss":0,"cards_upgraded":["Zap"]},{"damage_healed":0,"gold_gain":0,"player_choice":"Cursed","damage_taken":0,"max_hp_gain":0,"max_hp_loss":0,"event_name":"Wheel of Change","floor":21,"gold_loss":0,"cards_obtained":["Decay"]}],"is_beta":false,"boss_relics":[{"not_picked":["FrozenCore","Astrolabe"],"picked":"Sozu"}],"items_purged_floors":[22],"is_endless":false,"potions_floor_spawned":[1,5,7,16,19],"killed_by":"Chosen and Byrds","ascension_level":18}