{"gold_per_floor":[116,116,131,144,11,39,39,73,97,97,97],"floor_reached":11,"playtime":219,"items_purged":[],"score":162,"play_id":"a707718c-b7ab-46fe-a1a3-c4e47d09921a","local_time":"20190831134045","is_ascension_mode":true,"campfire_choices":[{"data":"Crippling Poison","floor":7.0,"key":"SMITH"}],"neow_cost":"NONE","seed_source_timestamp":1265631201936385,"circlet_count":0,"master_deck":["AscendersBane","Strike_G","Strike_G","Strike_G","Strike_G","Strike_G","Defend_G","Defend_G","Defend_G","Defend_G","Defend_G","Survivor","Neutralize","Corpse Explosion","Bouncing Flask","Blade Dance","Deadly Poison","Backstab","Crippling Poison+1","Dodge and Roll","Sucker Punch"],"special_seed":0,"relics":["Ring of the Snake","Boot","Dream Catcher","Snake Skull"],"potions_floor_usage":[11,11],"damage_taken":[{"damage":0.0,"enemies":"Small Slimes","floor":1.0,"turns":3.0},{"damage":0.0,"enemies":"Cultist","floor":3.0,"turns":3.0},{"damage":0.0,"enemies":"Jaw Worm","floor":4.0,"turns":5.0},{"damage":22.0,"enemies":"Lagavulin","floor":6.0,"turns":5.0},{"damage":27.0,"enemies":"Gremlin Nob","floor":8.0,"turns":4.0},{"damage":0,"enemies":"Lagavulin","floor":11,"turns":4}],"seed_played":"-795642792237062228","potions_obtained":[{"floor":2.0,"key":"Block Potion"},{"floor":2.0,"key":"PowerPotion"},{"floor":4.0,"key":"FearPotion"},{"floor":6.0,"key":"Swift Potion"},{"floor":8.0,"key":"Explosive Potion"}],"is_trial":false,"path_per_floor":["M","?","M","M","$","E","R","E","T","?","E"],"character_chosen":"THE_SILENT","items_purchased":["Backstab","Crippling Poison"],"campfire_rested":0,"item_purchase_floors":[5,5],"current_hp_per_floor":[59,59,59,59,59,37,37,10,10,10,10],"gold":97,"neow_bonus":"ONE_RANDOM_RARE_CARD","is_prod":false,"is_daily":false,"chose_seed":false,"campfire_upgraded":1,"win_rate":0,"timestamp":1567273245,"path_taken":["M","?","?","M","$","E","R","E","T","?","E"],"build_version":"2019-07-17","purchased_purges":0,"victory":false,"max_hp_per_floor":[66,66,66,66,66,66,66,66,66,66,66],"card_choices":[{"not_picked":["Cloak And Dagger","Tactician"],"picked":"Bouncing Flask","floor":1.0},{"not_picked":["Deflect","Tactician"],"picked":"Blade Dance","floor":3.0},{"not_picked":["Slice","Tactician"],"picked":"Deadly Poison","floor":4.0},{"not_picked":["Slice","Outmaneuver"],"picked":"Dodge and Roll","floor":6.0},{"not_picked":["Dodge and Roll","Flying Knee"],"picked":"Sucker Punch","floor":8.0}],"player_experience":618994,"relics_obtained":[{"floor":6.0,"key":"Boot"},{"floor":8.0,"key":"Dream Catcher"},{"floor":9.0,"key":"Snake Skull"}],"event_choices":[{"damage_healed":0.0,"max_hp_gain":0.0,"max_hp_loss":0.0,"gold_gain":0.0,"event_name":"Lab","player_choice":"Got Potions","floor":2.0,"gold_loss":0.0,"damage_taken":0.0},{"damage_healed":0.0,"max_hp_gain":0.0,"max_hp_loss":0.0,"gold_gain":0.0,"event_name":"Scrap Ooze","player_choice":"Fled","floor":10.0,"gold_loss":0.0,"damage_taken":0.0}],"is_beta":false,"boss_relics":[],"items_purged_floors":[],"is_endless":false,"potions_floor_spawned":[4,6,8],"killed_by":"Lagavulin","ascension_level":20}