{"gold_per_floor":[113,63,79,90,90,90,109,109,161,180,180,180,212,234,246,363,375,406,48,68,83,83,83,83,116,116,42,42,42,42,61,61,166,166,177,22,22,22,34,34,34,65,91,91,17,17,28,44,44,44],"floor_reached":51,"playtime":1360,"items_purged":["Strike_G"],"score":723,"play_id":"68a77ea0-8ebd-40e1-9eb2-5eb48c03f081","local_time":"20190829232021","is_ascension_mode":false,"campfire_choices":[{"data":"A Thousand Cuts","floor":6.0,"key":"SMITH"},{"data":"Cloak And Dagger","floor":8.0,"key":"SMITH"},{"data":"Glass Knife","floor":11.0,"key":"SMITH"},{"data":"Neutralize","floor":15.0,"key":"SMITH"},{"data":"After Image","floor":23.0,"key":"SMITH"},{"data":"Noxious Fumes","floor":28.0,"key":"SMITH"},{"data":"Sucker Punch","floor":30.0,"key":"SMITH"},{"data":"Infinite Blades","floor":32.0,"key":"SMITH"},{"data":"Footwork","floor":40.0,"key":"SMITH"},{"data":"Leg Sweep","floor":44,"key":"SMITH"},{"data":"Noxious Fumes","floor":49,"key":"SMITH"}],"neow_cost":"TEN_PERCENT_HP_LOSS","seed_source_timestamp":1692614596779,"circlet_count":0,"master_deck":["Strike_G","Defend_G","Defend_G","Defend_G","Defend_G","Defend_G","Survivor","Neutralize+1","A Thousand Cuts+1","Cloak And Dagger+1","Dagger Spray","Glass Knife+1","Leg Sweep+1","Sucker Punch+1","Dash","After Image+1","Deflect","Infinite Blades+1","Dodge and Roll","Dash","Terror","Corpse Explosion","Catalyst+1","Footwork+1","Riddle With Holes+1","Noxious Fumes+1","Panacea","Swift Strike","Panacea"],"special_seed":0,"relics":["Ring of the Snake","Bronze Scales","MawBank","Coffee Dripper","Lantern","Juzu Bracelet","Bag of Preparation","Red Mask","The Specimen","Busted Crown","Art of War","Oddly Smooth Stone"],"potions_floor_usage":[50,50],"damage_taken":[{"damage":0.0,"enemies":"Small Slimes","floor":1.0,"turns":5.0},{"damage":0.0,"enemies":"2 Louse","floor":3.0,"turns":3.0},{"damage":0.0,"enemies":"Cultist","floor":4.0,"turns":4.0},{"damage":2.0,"enemies":"Looter","floor":7.0,"turns":4.0},{"damage":0.0,"enemies":"Blue Slaver","floor":10.0,"turns":2.0},{"damage":2.0,"enemies":"3 Sentries","floor":13.0,"turns":4.0},{"damage":0.0,"enemies":"Large Slime","floor":14.0,"turns":3.0},{"damage":18.0,"enemies":"Hexaghost","floor":16.0,"turns":9.0},{"damage":0.0,"enemies":"Shell Parasite","floor":18.0,"turns":6.0},{"damage":0.0,"enemies":"3 Byrds","floor":20.0,"turns":3.0},{"damage":8.0,"enemies":"Snake Plant","floor":21.0,"turns":4.0},{"damage":4.0,"enemies":"Masked Bandits","floor":25.0,"turns":3.0},{"damage":0.0,"enemies":"3 Cultists","floor":31.0,"turns":4.0},{"damage":32.0,"enemies":"Collector","floor":33.0,"turns":8.0},{"damage":4.0,"enemies":"3 Shapes","floor":35.0,"turns":4.0},{"damage":0.0,"enemies":"Orb Walker","floor":39.0,"turns":4.0},{"damage":0.0,"enemies":"Reptomancer","floor":42.0,"turns":7.0},{"damage":2,"enemies":"Maw","floor":47,"turns":8},{"damage":1,"enemies":"Spire Growth","floor":48,"turns":5},{"damage":30,"enemies":"Donu and Deca","floor":50,"turns":7}],"seed_played":"-8477352541031991880","potions_obtained":[{"floor":3.0,"key":"LiquidBronze"},{"floor":4.0,"key":"SteroidPotion"},{"floor":14.0,"key":"SteroidPotion"},{"floor":16.0,"key":"Swift Potion"},{"floor":20.0,"key":"Strength Potion"},{"floor":31.0,"key":"AttackPotion"},{"floor":39.0,"key":"EssenceOfSteel"},{"floor":48,"key":"PowerPotion"}],"is_trial":false,"path_per_floor":["M","?","M","M","?","R","M","R","T","M","R","?","E","M","R","B",null,"M","$","M","M","?","R","?","?","T","$","R","?","R","M","R","B",null,"M","$","?","?","M","R","?","E","T","R","$","?","M","M","R","B",null],"character_chosen":"THE_SILENT","items_purchased":["Lantern","Juzu Bracelet","Infinite Blades","Noxious Fumes","Footwork","Noxious Fumes"],"campfire_rested":0,"item_purchase_floors":[19,19,19,27,36,45],"current_hp_per_floor":[63,63,63,63,63,63,61,61,61,61,61,66,64,64,64,46,68,68,68,68,60,60,60,60,56,56,56,56,56,56,56,56,24,68,64,64,64,64,64,64,64,64,64,64,64,54,52,51,51,21],"gold":44,"neow_bonus":"THREE_RARE_CARDS","is_prod":false,"is_daily":false,"chose_seed":false,"campfire_upgraded":11,"win_rate":0,"timestamp":1567142421,"path_taken":["M","?","M","M","?","R","?","R","T","M","R","?","E","M","R","BOSS","M","$","M","M","?","R","?","?","T","?","R","?","R","M","R","BOSS","M","$","?","?","M","R","?","E","T","R","$","?","M","M","R","BOSS"],"build_version":"2019-07-17","purchased_purges":1,"victory":true,"max_hp_per_floor":[63,63,63,63,63,63,63,63,63,63,63,68,68,68,68,68,68,68,68,68,68,68,68,68,68,68,68,68,68,68,68,68,68,68,68,68,68,68,68,68,65,65,65,65,65,65,65,65,65,65],"card_choices":[{"not_picked":["Night Terror","Venomology"],"picked":"A Thousand Cuts","floor":0.0},{"not_picked":["Slice","Underhanded Strike","Outmaneuver"],"picked":"SKIP","floor":1.0},{"not_picked":["Underhanded Strike","Choke"],"picked":"Cloak And Dagger","floor":3.0},{"not_picked":["Blade Dance","Backflip"],"picked":"Dagger Spray","floor":4.0},{"not_picked":["Underhanded Strike","Flying Knee"],"picked":"Glass Knife","floor":7.0},{"not_picked":["Expertise","Well Laid Plans"],"picked":"Leg Sweep","floor":10.0},{"not_picked":["Quick Slash","Prepared"],"picked":"Sucker Punch","floor":13.0},{"not_picked":["Bouncing Flask","Setup"],"picked":"Dash","floor":14.0},{"not_picked":["Glass Knife","Night Terror"],"picked":"After Image","floor":16.0},{"not_picked":["Setup","Acrobatics"],"picked":"Deflect","floor":18.0},{"not_picked":["Deadly Poison","Backflip"],"picked":"Dodge and Roll","floor":20.0},{"not_picked":["Finisher","Expertise","Prepared"],"picked":"SKIP","floor":21.0},{"not_picked":["Underhanded Strike","Deflect","Sucker Punch"],"picked":"SKIP","floor":31.0},{"not_picked":["Bullet Time","Storm of Steel"],"picked":"Corpse Explosion","floor":33.0},{"not_picked":[],"picked":"Catalyst+1","floor":35.0},{"not_picked":["Outmaneuver+1"],"picked":"SKIP","floor":39.0},{"not_picked":[],"picked":"Riddle With Holes+1","floor":42.0},{"not_picked":[],"picked":"Panacea","floor":46},{"not_picked":[],"picked":"Swift Strike","floor":46},{"not_picked":[],"picked":"Panacea","floor":46},{"not_picked":["Slice"],"picked":"SKIP","floor":47},{"not_picked":["Setup+1"],"picked":"SKIP","floor":48}],"player_experience":1697233,"relics_obtained":[{"floor":9.0,"key":"Bronze Scales"},{"floor":13.0,"key":"MawBank"},{"floor":25.0,"key":"Red Mask"},{"floor":26.0,"key":"The Specimen"},{"floor":42.0,"key":"Art of War"},{"floor":43.0,"key":"Oddly Smooth Stone"}],"event_choices":[{"cards_removed":["Strike_G"],"damage_healed":0.0,"max_hp_gain":0.0,"max_hp_loss":0.0,"gold_gain":0.0,"event_name":"The Cleric","player_choice":"Card Removal","floor":2.0,"gold_loss":50.0,"damage_taken":0.0},{"damage_healed":0.0,"max_hp_gain":0.0,"max_hp_loss":0.0,"gold_gain":0.0,"event_name":"NoteForYourself","player_choice":"Ignored","floor":5.0,"gold_loss":0.0,"damage_taken":0.0},{"damage_healed":0.0,"max_hp_gain":5.0,"max_hp_loss":0.0,"gold_gain":0.0,"event_name":"Big Fish","player_choice":"Donut","floor":12.0,"gold_loss":0.0,"damage_taken":0.0},{"damage_healed":0.0,"max_hp_gain":0.0,"max_hp_loss":0.0,"gold_gain":0.0,"event_name":"Ghosts","player_choice":"Ignored","floor":22.0,"gold_loss":0.0,"damage_taken":0.0},{"damage_healed":0.0,"max_hp_gain":0.0,"max_hp_loss":0.0,"gold_gain":0.0,"event_name":"The Mausoleum","player_choice":"Opened","floor":24.0,"gold_loss":0.0,"damage_taken":0.0,"relics_obtained":["Bag of Preparation"]},{"damage_healed":0.0,"max_hp_gain":0.0,"max_hp_loss":0.0,"gold_gain":0.0,"event_name":"Masked Bandits","player_choice":"Fought Bandits","floor":25.0,"gold_loss":0.0,"damage_taken":0.0},{"damage_healed":0.0,"max_hp_gain":0.0,"max_hp_loss":0.0,"gold_gain":0.0,"cards_transformed":["Strike_G","Strike_G"],"event_name":"Drug Dealer","player_choice":"Became Test Subject","floor":29.0,"gold_loss":0.0,"damage_taken":0.0,"cards_obtained":["Dash","Terror"]},{"cards_removed":["Noxious Fumes"],"damage_healed":0.0,"max_hp_gain":0.0,"max_hp_loss":0.0,"gold_gain":0.0,"event_name":"Falling","player_choice":"Removed Power","floor":37.0,"gold_loss":0.0,"damage_taken":0.0},{"damage_healed":0.0,"max_hp_gain":0.0,"max_hp_loss":0.0,"gold_gain":0.0,"event_name":"WeMeetAgain","player_choice":"Ignored","floor":38.0,"gold_loss":0.0,"damage_taken":0.0},{"damage_healed":0.0,"max_hp_gain":0.0,"max_hp_loss":3.0,"gold_gain":0.0,"event_name":"Winding Halls","player_choice":"Max HP","floor":41.0,"gold_loss":0.0,"damage_taken":0.0},{"damage_healed":0,"gold_gain":0,"player_choice":"Memory 3","damage_taken":10,"max_hp_gain":0,"max_hp_loss":0,"event_name":"SensoryStone","floor":46,"gold_loss":0}],"is_beta":false,"boss_relics":[{"not_picked":["Cursed Key","Calling Bell"],"picked":"Coffee Dripper"},{"not_picked":["Orrery","Empty Cage"],"picked":"Busted Crown"}],"items_purged_floors":[36],"is_endless":false,"potions_floor_spawned":[3,4,14,16,20,21,31,39,48],"ascension_level":0}