{"gold_per_floor":[115,128,128,128,143,143,186,214,226,74,90,90,114,114,114,210,210,224,274,199,199,199,199],"floor_reached":23,"playtime":1060,"items_purged":["Pain"],"score":378,"play_id":"a95e3878-d524-463c-bbfd-45e1841312ee","local_time":"20190203025124","is_ascension_mode":true,"campfire_choices":[{"data":"Consume","floor":6.0,"key":"SMITH"},{"floor":12.0,"key":"REST"},{"data":"Defragment","floor":15.0,"key":"SMITH"}],"neow_cost":"NONE","seed_source_timestamp":454485316110916,"circlet_count":0,"master_deck":["AscendersBane","Strike_B+1","Strike_B+1","Defend_B+1","Defend_B+1","Defend_B+1","Defend_B+1","Zap","Dualcast","Consume+1","Coolheaded","Melter","Go for the Eyes","Gash","Defragment+1","Loop","Compile Driver","Echo Form","Coolheaded+1"],"special_seed":0,"relics":["Cracked Core","Golden Idol","WarpedTongs","MawBank","Nuclear Battery"],"potions_floor_usage":[23],"damage_taken":[{"damage":2.0,"enemies":"Jaw Worm","floor":1.0,"turns":4.0},{"damage":0.0,"enemies":"2 Louse","floor":2.0,"turns":3.0},{"damage":6.0,"enemies":"Cultist","floor":5.0,"turns":4.0},{"damage":14.0,"enemies":"Lagavulin","floor":7.0,"turns":5.0},{"damage":23.0,"enemies":"Exordium Thugs","floor":8.0,"turns":5.0},{"damage":12.0,"enemies":"2 Fungi Beasts","floor":11.0,"turns":3.0},{"damage":2.0,"enemies":"Red Slaver","floor":13.0,"turns":3.0},{"damage":17.0,"enemies":"Hexaghost","floor":16.0,"turns":10.0},{"damage":0.0,"enemies":"Spheric Guardian","floor":18.0,"turns":2.0},{"damage":14.0,"enemies":"Colosseum Slavers","floor":22.0,"turns":6.0},{"damage":38,"enemies":"Gremlin Leader","floor":23,"turns":5}],"seed_played":"-7750601413268817314","potions_obtained":[{"floor":1.0,"key":"FearPotion"},{"floor":5.0,"key":"Weak Potion"},{"floor":14.0,"key":"Poison Potion"},{"floor":14.0,"key":"SneckoOil"}],"is_trial":false,"path_per_floor":["M","M","?","?","M","R","E","M","T","$","M","R","M","?","R","B",null,"M","?","?","?","?","E"],"character_chosen":"DEFECT","items_purchased":["Defragment"],"campfire_rested":1,"item_purchase_floors":[10],"current_hp_per_floor":[62,62,62,62,56,56,42,19,19,19,7,26,24,24,24,7,50,50,50,50,50,36,0],"gold":199,"neow_bonus":"REMOVE_CARD","is_prod":false,"is_daily":false,"chose_seed":false,"campfire_upgraded":2,"win_rate":0,"timestamp":1549191084,"path_taken":["M","M","?","?","M","R","E","?","T","?","M","R","M","?","R","BOSS","M","?","?","?","?","E"],"build_version":"2019-01-23","purchased_purges":1,"victory":false,"max_hp_per_floor":[71,71,64,64,64,64,64,64,64,64,64,64,64,64,64,64,64,64,64,64,64,64,64],"card_choices":[{"not_picked":["Lockon","Blizzard"],"picked":"Consume","floor":1.0},{"not_picked":["Rebound","Steam"],"picked":"Coolheaded","floor":2.0},{"not_picked":["Gash","Sweeping Beam"],"picked":"Melter","floor":5.0},{"not_picked":["Rebound","Beam Cell"],"picked":"Go for the Eyes","floor":7.0},{"not_picked":["Heatsinks","Turbo"],"picked":"Gash","floor":8.0},{"not_picked":["Steam","Conserve Battery"],"picked":"Loop","floor":11.0},{"not_picked":["Rebound","Heatsinks"],"picked":"Compile Driver","floor":13.0},{"not_picked":["Machine Learning","Meteor Strike"],"picked":"Echo Form","floor":16.0},{"not_picked":["Cold Snap","Go for the Eyes"],"picked":"Coolheaded+1","floor":18.0}],"player_experience":2773000,"relics_obtained":[{"floor":7.0,"key":"MawBank"}],"event_choices":[{"damage_healed":0.0,"max_hp_gain":0.0,"max_hp_loss":7.0,"gold_gain":0.0,"event_name":"Golden Idol","player_choice":"Lose Max HP","floor":3.0,"gold_loss":0.0,"damage_taken":0.0,"relics_obtained":["Golden Idol"]},{"damage_healed":0.0,"max_hp_gain":0.0,"max_hp_loss":0.0,"gold_gain":0.0,"event_name":"Accursed Blacksmith","player_choice":"Rummage","floor":4.0,"gold_loss":0.0,"damage_taken":0.0,"relics_obtained":["WarpedTongs"],"cards_obtained":["Pain"]},{"damage_healed":0.0,"max_hp_gain":0.0,"max_hp_loss":0.0,"gold_gain":0.0,"event_name":"Lab","player_choice":"Got Potions","floor":14.0,"gold_loss":0.0,"damage_taken":0.0},{"damage_healed":0.0,"max_hp_gain":0.0,"max_hp_loss":0.0,"gold_gain":50.0,"event_name":"Nest","player_choice":"Stole From Cult","floor":19.0,"gold_loss":0.0,"damage_taken":0.0},{"cards_removed":["Strike_B"],"damage_healed":0.0,"max_hp_gain":0.0,"max_hp_loss":0.0,"gold_gain":0.0,"event_name":"Beggar","player_choice":"Gave Gold","floor":20.0,"gold_loss":75.0,"damage_taken":0.0},{"damage_healed":0.0,"max_hp_gain":0.0,"max_hp_loss":0.0,"gold_gain":0.0,"event_name":"Back to Basics","player_choice":"Simplicity","floor":21.0,"gold_loss":0.0,"damage_taken":0.0,"cards_upgraded":["Strike_B","Strike_B","Defend_B","Defend_B","Defend_B","Defend_B"]},{"damage_healed":0.0,"max_hp_gain":0.0,"max_hp_loss":0.0,"gold_gain":0.0,"event_name":"Colosseum","player_choice":"Fight","floor":22.0,"gold_loss":0.0,"damage_taken":0.0},{"damage_healed":0.0,"max_hp_gain":0.0,"max_hp_loss":0.0,"gold_gain":0.0,"event_name":"Colosseum","player_choice":"Fled From Nobs","floor":22.0,"gold_loss":0.0,"damage_taken":0.0}],"is_beta":true,"boss_relics":[{"not_picked":["Calling Bell","Lizard Tail"],"picked":"Nuclear Battery"}],"items_purged_floors":[10],"is_endless":false,"potions_floor_spawned":[1,5,22],"killed_by":"Gremlin Leader","ascension_level":20}