{"gold_per_floor":[110,123,12,25,200,225,225,260,286,304,304,304,344,67,67,188,188,209,209,209,228,128,171,171,171,194,194],"floor_reached":27,"playtime":1323,"items_purged":["Strike_R","Strike_R"],"score":247,"play_id":"dd481035-1df5-4357-b246-7afb9e9738f0","local_time":"20190811044840","is_ascension_mode":false,"campfire_choices":[{"data":"Heavy Blade","floor":11,"key":"SMITH"},{"data":"Seeing Red","floor":15,"key":"SMITH"},{"floor":25,"key":"REST"}],"neow_cost":"NONE","seed_source_timestamp":68797469952132,"circlet_count":0,"master_deck":["Strike_R+1","Defend_R+1","Defend_R","Defend_R","Defend_R","Bash","Dark Embrace","Thunderclap","Iron Wave","Uppercut","Seeing Red+1","Flex+1","Heavy Blade+1","Iron Wave+1","Feed","Clothesline","Flex","Demon Form","Brutality","Juggernaut","Spot Weakness","Heavy Blade"],"relics":["Burning Blood","Pen Nib","Centennial Puzzle","Whetstone","Golden Idol","PreservedInsect","Juzu Bracelet","Black Star","Thread and Needle","Ginger","Regal Pillow"],"potions_floor_usage":[6,8,13,16,23,27],"damage_taken":[{"damage":11,"enemies":"Jaw Worm","floor":1,"turns":4},{"damage":2,"enemies":"2 Louse","floor":2,"turns":3},{"damage":8,"enemies":"Small Slimes","floor":4,"turns":3},{"damage":14,"enemies":"3 Sentries","floor":6,"turns":8},{"damage":31,"enemies":"Lagavulin","floor":8,"turns":8},{"damage":9,"enemies":"Red Slaver","floor":10,"turns":2},{"damage":5,"enemies":"3 Sentries","floor":13,"turns":6},{"damage":42,"enemies":"Slime Boss","floor":16,"turns":10},{"damage":32,"enemies":"2 Thieves","floor":18,"turns":5},{"damage":8,"enemies":"Chosen","floor":21,"turns":4},{"damage":40,"enemies":"Book of Stabbing","floor":23,"turns":5},{"damage":24,"enemies":"Gremlin Leader","floor":27,"turns":4}],"seed_played":"-7612685985927201126","potions_obtained":[{"floor":1,"key":"Poison Potion"},{"floor":2,"key":"BloodPotion"},{"floor":4,"key":"Block Potion"},{"floor":8,"key":"Block Potion"},{"floor":18,"key":"Poison Potion"},{"floor":23,"key":"Energy Potion"}],"is_trial":false,"path_per_floor":["M","M","$","M","?","E","?","E","T","M","R","?","E","$","R","B",null,"M","?","?","M","$","E","?","R","T","E"],"character_chosen":"IRONCLAD","items_purchased":["Uppercut","Seeing Red","Flex","Juzu Bracelet"],"campfire_rested":1,"item_purchase_floors":[3,3,14,14],"current_hp_per_floor":[75,79,79,77,77,69,53,48,48,45,45,45,49,49,49,13,77,51,51,51,49,49,15,15,38,38,14],"gold":194,"neow_bonus":"ONE_RANDOM_RARE_CARD","is_prod":false,"is_daily":false,"chose_seed":false,"campfire_upgraded":2,"win_rate":0.0,"timestamp":1565466520,"path_taken":["M","M","$","M","?","E","?","E","T","M","R","?","E","?","R","BOSS","M","?","?","M","$","E","?","R","T","E"],"build_version":"2019-07-17","purchased_purges":2,"victory":false,"max_hp_per_floor":[80,80,80,80,80,80,80,80,80,80,80,74,77,77,77,77,77,77,77,77,77,77,77,77,77,77,77],"card_choices":[{"not_picked":["Sword Boomerang","Iron Wave"],"picked":"Thunderclap","floor":1},{"not_picked":["Anger","True Grit"],"picked":"Iron Wave","floor":2},{"not_picked":["Warcry","Clothesline"],"picked":"Flex","floor":4},{"not_picked":["Clash","Anger"],"picked":"Heavy Blade","floor":6},{"not_picked":["Feel No Pain","True Grit"],"picked":"Iron Wave","floor":8},{"not_picked":["True Grit","Cleave"],"picked":"Feed","floor":10},{"not_picked":["Dropkick","Disarm"],"picked":"Clothesline","floor":13},{"not_picked":["Exhume","Fiend Fire"],"picked":"Demon Form","floor":16},{"not_picked":["Clash","Iron Wave","Searing Blow+1"],"picked":"SKIP","floor":18},{"not_picked":["Blood for Blood+1","Clothesline","Rupture"],"picked":"SKIP","floor":21},{"not_picked":["Flex","Body Slam"],"picked":"Spot Weakness","floor":23}],"player_experience":41392,"relics_obtained":[{"floor":6,"key":"Pen Nib"},{"floor":8,"key":"Centennial Puzzle"},{"floor":9,"key":"Whetstone"},{"floor":13,"key":"PreservedInsect"},{"floor":23,"key":"Thread and Needle"},{"floor":23,"key":"Ginger"},{"floor":26,"key":"Regal Pillow"}],"event_choices":[{"damage_healed":0,"gold_gain":175,"player_choice":"AGREE","damage_taken":0,"max_hp_gain":0,"max_hp_loss":0,"event_name":"Liars Game","floor":5,"gold_loss":0,"cards_obtained":["Doubt"]},{"damage_healed":0,"gold_gain":0,"player_choice":"Entered Light","damage_taken":16,"max_hp_gain":0,"max_hp_loss":0,"event_name":"Shining Light","floor":7,"gold_loss":0,"cards_upgraded":["Defend_R","Flex"]},{"damage_healed":0,"gold_gain":0,"player_choice":"Lose Max HP","damage_taken":0,"relics_obtained":["Golden Idol"],"max_hp_gain":0,"max_hp_loss":6,"event_name":"Golden Idol","floor":12,"gold_loss":0},{"cards_removed":["Doubt"],"damage_healed":0,"gold_gain":0,"player_choice":"Purged","damage_taken":0,"max_hp_gain":0,"max_hp_loss":0,"event_name":"Purifier","floor":19,"gold_loss":0},{"damage_healed":0,"gold_gain":0,"cards_transformed":["Strike_R","Strike_R"],"player_choice":"Became Test Subject","damage_taken":0,"max_hp_gain":0,"max_hp_loss":0,"event_name":"Drug Dealer","floor":20,"gold_loss":0,"cards_obtained":["Brutality","Juggernaut"]},{"damage_healed":0,"gold_gain":0,"player_choice":"Read","damage_taken":0,"max_hp_gain":0,"max_hp_loss":0,"event_name":"The Library","floor":24,"gold_loss":0,"cards_obtained":["Heavy Blade"]}],"is_beta":false,"boss_relics":[{"not_picked":["Philosopher\u0027s Stone","Runic Pyramid"],"picked":"Black Star"}],"items_purged_floors":[14,22],"is_endless":false,"potions_floor_spawned":[1,2,4,8,18,23],"killed_by":"Gremlin Leader","ascension_level":0}