{"gold_per_floor":[110,121,121,135,135,135,135,135,135,135,152,177,196,0,0,77,77,97,147,147,180,180,180,207,217,217,233,233],"floor_reached":28,"playtime":2239,"items_purged":[],"score":472,"play_id":"ee71a094-f3c0-4cc1-8af2-d40c8fa4ce7c","local_time":"20180918024706","is_ascension_mode":true,"campfire_choices":[{"data":"Hologram","floor":6.0,"key":"SMITH"},{"data":"Dualcast","floor":8.0,"key":"SMITH"},{"data":"Go for the Eyes","floor":10.0,"key":"SMITH"},{"data":"Electrodynamics","floor":15.0,"key":"SMITH"},{"floor":23,"key":"REST"}],"neow_cost":"TEN_PERCENT_HP_LOSS","seed_source_timestamp":388669247848399,"circlet_count":0,"master_deck":["Strike_B","Strike_B","Strike_B","Defend_B","Defend_B","Defend_B","Defend_B","Zap+1","Dualcast+1","AscendersBane","Electrodynamics+1","Gash","Hologram+1","Go for the Eyes+1","Glacier","Ball Lightning","Leap","White Noise","Leap","Biased Cognition","Stack","Steam+1","Writhe","Turbo+1","Defragment","Leap+1"],"special_seed":0,"relics":["Cracked Core","Letter Opener","Dodecahedron","The Courier","Membership Card","Black Star","Orichalcum","Red Mask","Toxic Egg 2","Bag of Marbles","Lantern","Bottled Lightning"],"potions_floor_usage":[16,18,25,27],"damage_taken":[{"damage":0.0,"enemies":"2 Louse","floor":1.0,"turns":2.0},{"damage":3.0,"enemies":"Small Slimes","floor":2.0,"turns":3.0},{"damage":2.0,"enemies":"Jaw Worm","floor":4.0,"turns":4.0},{"damage":0.0,"enemies":"Exordium Thugs","floor":11.0,"turns":2.0},{"damage":29.0,"enemies":"Gremlin Nob","floor":12.0,"turns":4.0},{"damage":9.0,"enemies":"Gremlin Gang","floor":13.0,"turns":2.0},{"damage":4,"enemies":"Slime Boss","floor":16,"turns":9},{"damage":5,"enemies":"Shell Parasite","floor":18,"turns":5},{"damage":47,"enemies":"Masked Bandits","floor":21,"turns":4},{"damage":28,"enemies":"Slavers","floor":24,"turns":4},{"damage":3,"enemies":"2 Thieves","floor":25,"turns":3},{"damage":0,"enemies":"Snecko","floor":27,"turns":8},{"damage":9,"enemies":"Colosseum Slavers","floor":28,"turns":3}],"seed_played":"5658482443566800268","potions_obtained":[{"floor":1.0,"key":"Explosive Potion"},{"floor":4.0,"key":"SkillPotion"},{"floor":13.0,"key":"Block Potion"},{"floor":16,"key":"Block Potion"},{"floor":24,"key":"SteroidPotion"},{"floor":25,"key":"EssenceOfSteel"}],"is_trial":false,"path_per_floor":["M","M","?","M","?","R","T","R","T","R","M","E","M","$","R","B",null,"M","T","?","?","?","R","E","M","T","M"],"character_chosen":"DEFECT","items_purchased":["Membership Card","Leap"],"campfire_rested":1,"item_purchase_floors":[14,14],"current_hp_per_floor":[64,61,61,59,59,59,59,59,59,59,59,30,21,21,21,17,52,47,47,60,13,13,32,4,1,1,8,0],"gold":233,"neow_bonus":"THREE_RARE_CARDS","is_prod":false,"is_daily":false,"chose_seed":false,"campfire_upgraded":4,"win_rate":0,"timestamp":1537264026,"path_taken":["M","M","?","M","?","R","?","R","T","R","M","E","?","?","R","BOSS","M","?","?","?","?","R","E","?","T","?","?"],"build_version":"2018-09-17","purchased_purges":0,"victory":false,"max_hp_per_floor":[64,64,64,64,64,64,64,64,64,64,64,64,64,64,64,64,64,64,64,64,64,64,64,64,64,64,64,64],"card_choices":[{"not_picked":["Rainbow","Biased Cognition"],"picked":"Electrodynamics","floor":0.0},{"not_picked":["Doom and Gloom","Turbo"],"picked":"Gash","floor":1.0},{"not_picked":["Hello World","White Noise"],"picked":"Hologram","floor":2.0},{"not_picked":["Heatsinks","Static Discharge"],"picked":"Go for the Eyes","floor":4.0},{"not_picked":["Aggregate","Rebound"],"picked":"Ball Lightning","floor":11.0},{"not_picked":["Redo","Melter"],"picked":"Leap","floor":12.0},{"not_picked":["Static Discharge","Doom and Gloom"],"picked":"White Noise","floor":13.0},{"not_picked":["Thunder Strike","Electrodynamics"],"picked":"Biased Cognition","floor":16},{"not_picked":["Double Energy","Rebound"],"picked":"Stack","floor":18},{"not_picked":["Rebound","Go for the Eyes+1"],"picked":"Steam+1","floor":21},{"not_picked":["Meteor Strike","Consume+1"],"picked":"Turbo+1","floor":24},{"not_picked":["Tempest+1","Rebound"],"picked":"Defragment","floor":25},{"not_picked":["Go for the Eyes+1","Redo+1"],"picked":"Leap+1","floor":27}],"player_experience":2360847,"relics_obtained":[{"floor":7.0,"key":"Letter Opener"},{"floor":9.0,"key":"Dodecahedron"},{"floor":12.0,"key":"The Courier"},{"floor":19,"key":"Orichalcum"},{"floor":21,"key":"Red Mask"},{"floor":24,"key":"Bag of Marbles"},{"floor":24,"key":"Lantern"},{"floor":26,"key":"Bottled Lightning"}],"event_choices":[{"event_name":"Living Wall","player_choice":"Grow","floor":3.0,"damage_taken":0.0},{"event_name":"Transmorgrifier","player_choice":"Transform","floor":5.0,"damage_taken":0.0},{"event_name":"The Library","player_choice":"Heal","floor":20,"damage_taken":0},{"event_name":"Masked Bandits","player_choice":"Fought Bandits","floor":21,"damage_taken":0},{"event_name":"The Mausoleum","player_choice":"Yes","floor":22,"damage_taken":0},{"event_name":"Colosseum","player_choice":"Fight","floor":28,"damage_taken":0}],"is_beta":true,"boss_relics":[{"not_picked":["Tiny House","Snecko Eye"],"picked":"Black Star"}],"items_purged_floors":[],"is_endless":false,"potions_floor_spawned":[1,4,13,16,24,25],"killed_by":"Colosseum Slavers","ascension_level":20}