{"gold_per_floor":[119,119,132,57,76,76,108,108,108,108,138,161,184,229,241,356,368,396,427,89,99,99,99,134,148,148,148,181,181],"floor_reached":29,"playtime":1515,"items_purged":["Strike_R","Strike_R"],"score":367,"play_id":"72d52719-cdac-46c1-b63c-9f2695b1af74","local_time":"20190902223442","is_ascension_mode":true,"campfire_choices":[{"data":"Whirlwind","floor":6.0,"key":"SMITH"},{"data":"Body Slam","floor":8.0,"key":"SMITH"},{"data":"Madness","floor":10.0,"key":"SMITH"},{"floor":15.0,"key":"REST"},{"data":"Entrench","floor":23.0,"key":"SMITH"},{"data":"Entrench","floor":27.0,"key":"SMITH"}],"neow_cost":"NONE","seed_source_timestamp":24224316666478,"circlet_count":0,"master_deck":["Strike_R","Defend_R","Defend_R","Defend_R","Bash","Madness+1","Thunderclap","Whirlwind+1","Shrug It Off","Iron Wave","Body Slam+1","Battle Trance","Double Tap","Impervious","Demon Form","Body Slam","Entrench+1","Entrench+1","Metallicize"],"special_seed":0,"relics":["Burning Blood","Question Card","Pen Nib","MawBank","Juzu Bracelet","Empty Cage","PreservedInsect","Ornamental Fan","Thread and Needle","Red Mask"],"potions_floor_usage":[],"damage_taken":[{"damage":9.0,"enemies":"Jaw Worm","floor":1.0,"turns":6.0},{"damage":8.0,"enemies":"2 Louse","floor":3.0,"turns":2.0},{"damage":0.0,"enemies":"Small Slimes","floor":5.0,"turns":2.0},{"damage":40.0,"enemies":"Lagavulin","floor":7.0,"turns":5.0},{"damage":1.0,"enemies":"Looter","floor":12.0,"turns":3.0},{"damage":13.0,"enemies":"Large Slime","floor":13.0,"turns":4.0},{"damage":15.0,"enemies":"3 Sentries","floor":14.0,"turns":3.0},{"damage":44.0,"enemies":"The Guardian","floor":16.0,"turns":13.0},{"damage":16.0,"enemies":"Spheric Guardian","floor":18.0,"turns":5.0},{"damage":25.0,"enemies":"2 Thieves","floor":19.0,"turns":4.0},{"damage":12.0,"enemies":"Centurion and Healer","floor":21.0,"turns":7.0},{"damage":20.0,"enemies":"Book of Stabbing","floor":24.0,"turns":5.0},{"damage":4.0,"enemies":"Snake Plant","floor":25.0,"turns":2.0},{"damage":18.0,"enemies":"Masked Bandits","floor":28.0,"turns":9.0},{"damage":26,"enemies":"Snecko","floor":29,"turns":6}],"seed_played":"-6968064504860009269","potions_obtained":[{"floor":1.0,"key":"GamblersBrew"},{"floor":12.0,"key":"GamblersBrew"},{"floor":14.0,"key":"Explosive Potion"},{"floor":16.0,"key":"GamblersBrew"},{"floor":18.0,"key":"Regen Potion"},{"floor":21.0,"key":"SkillPotion"}],"is_trial":false,"path_per_floor":["M","?","M","$","M","R","E","R","T","R","?","M","M","E","R","B",null,"M","M","$","M","?","R","E","M","T","R","?","M"],"character_chosen":"IRONCLAD","items_purchased":["PreservedInsect","Entrench","Metallicize"],"campfire_rested":1,"item_purchase_floors":[20,20,20],"current_hp_per_floor":[69,69,67,67,73,73,39,39,39,39,39,44,37,28,52,14,64,54,44,44,38,38,38,24,26,26,26,14,0],"gold":181,"neow_bonus":"RANDOM_COLORLESS","is_prod":false,"is_daily":false,"chose_seed":false,"campfire_upgraded":5,"win_rate":0,"timestamp":1567456482,"path_taken":["M","?","M","$","M","R","E","R","T","R","?","M","M","E","R","BOSS","M","M","$","M","?","R","E","M","T","R","?","M"],"build_version":"2019-07-17","purchased_purges":2,"victory":false,"max_hp_per_floor":[80,80,80,80,80,80,80,80,80,80,80,80,80,80,80,80,80,80,80,80,80,80,80,80,80,80,80,80,80],"card_choices":[{"not_picked":["Warcry","Twin Strike"],"picked":"Thunderclap","floor":1.0},{"not_picked":["Twin Strike","Perfected Strike"],"picked":"Shrug It Off","floor":3.0},{"not_picked":["Flex","True Grit"],"picked":"Iron Wave","floor":5.0},{"not_picked":["Corruption","Sever Soul"],"picked":"Body Slam","floor":7.0},{"not_picked":["Sever Soul","Heavy Blade","Second Wind"],"picked":"Battle Trance","floor":12.0},{"not_picked":["Armaments","Perfected Strike","Searing Blow"],"picked":"Double Tap","floor":13.0},{"not_picked":["Warcry","Sword Boomerang","Shockwave"],"picked":"Impervious","floor":14.0},{"not_picked":["Feed","Offering","Impervious"],"picked":"Demon Form","floor":16.0},{"not_picked":["True Grit+1","Sentinel","Rage+1"],"picked":"Body Slam","floor":18.0},{"not_picked":["Heavy Blade","Feel No Pain","Dual Wield"],"picked":"Entrench","floor":19.0},{"not_picked":["Thunderclap","Iron Wave","Sever Soul","Body Slam"],"picked":"SKIP","floor":21.0},{"not_picked":["Pommel Strike","Power Through+1","Perfected Strike","Bloodletting"],"picked":"SKIP","floor":24.0},{"not_picked":["Havoc","Armaments","Pommel Strike","Bludgeon"],"picked":"SKIP","floor":25.0}],"player_experience":188172,"relics_obtained":[{"floor":7.0,"key":"Question Card"},{"floor":9.0,"key":"Pen Nib"},{"floor":14.0,"key":"Juzu Bracelet"},{"floor":24.0,"key":"Ornamental Fan"},{"floor":26.0,"key":"Thread and Needle"},{"floor":28.0,"key":"Red Mask"}],"event_choices":[{"damage_healed":0.0,"max_hp_gain":0.0,"max_hp_loss":0.0,"gold_gain":0.0,"cards_transformed":["Strike_R"],"event_name":"Living Wall","player_choice":"Change","floor":2.0,"gold_loss":0.0,"damage_taken":0.0,"cards_obtained":["Whirlwind"]},{"damage_healed":0.0,"max_hp_gain":0.0,"max_hp_loss":0.0,"gold_gain":30.0,"event_name":"Dead Adventurer","player_choice":"Searched \u00272\u0027 times","floor":11.0,"gold_loss":0.0,"damage_taken":0.0,"relics_obtained":["MawBank"]},{"damage_healed":0.0,"max_hp_gain":0.0,"max_hp_loss":0.0,"gold_gain":0.0,"event_name":"Ghosts","player_choice":"Ignored","floor":22.0,"gold_loss":0.0,"damage_taken":0.0},{"damage_healed":0.0,"max_hp_gain":0.0,"max_hp_loss":0.0,"gold_gain":0.0,"event_name":"Masked Bandits","player_choice":"Fought Bandits","floor":28.0,"gold_loss":0.0,"damage_taken":0.0}],"is_beta":false,"boss_relics":[{"not_picked":["Runic Pyramid","Lizard Tail"],"picked":"Empty Cage"}],"items_purged_floors":[4,20],"is_endless":false,"potions_floor_spawned":[1,12,14,16,18,21],"killed_by":"Snecko","ascension_level":9}