{"gold_per_floor":[111,129,149,160,179,179,204,204,250,268,288,248,22,41,41,138,188,199,218,218,229,229,229,243,68,68,68,68,87,0,0],"floor_reached":31,"playtime":2507,"items_purged":[],"score":266,"play_id":"c4e467c7-97da-4349-a409-94a56899905b","local_time":"20190824032918","is_ascension_mode":false,"campfire_choices":[{"data":"Noxious Fumes","floor":6,"key":"SMITH"},{"floor":8,"key":"REST"},{"floor":15,"key":"REST"},{"data":"Crippling Poison","floor":23,"key":"SMITH"},{"floor":28,"key":"REST"}],"neow_cost":"NONE","seed_source_timestamp":22208817932691,"circlet_count":0,"master_deck":["Strike_G","Strike_G","Strike_G","Strike_G","Strike_G+1","Defend_G","Defend_G","Defend_G","Defend_G","Defend_G","Survivor","Neutralize","Backflip","Backflip","Bouncing Flask","Bane","Noxious Fumes+1","Crippling Poison+1","Footwork","Slice","Well Laid Plans","Mind Blast","Acrobatics","Acrobatics","Terror","Burst","Outmaneuver","Tactician","Poisoned Stab","Leg Sweep","Finisher","Bane","Blur","Crippling Poison","Blade Dance+1","Footwork"],"relics":["WristBlade","Boot","Dream Catcher","Tiny House","Pantograph","Shuriken","Enchiridion"],"potions_floor_usage":[16,16,19,24,24,29,29],"damage_taken":[{"damage":14,"enemies":"Jaw Worm","floor":1,"turns":4},{"damage":0,"enemies":"Cultist","floor":2,"turns":5},{"damage":0,"enemies":"Small Slimes","floor":3,"turns":5},{"damage":1,"enemies":"2 Fungi Beasts","floor":4,"turns":5},{"damage":7,"enemies":"Large Slime","floor":5,"turns":6},{"damage":10,"enemies":"Lagavulin","floor":7,"turns":6},{"damage":5,"enemies":"3 Louse","floor":10,"turns":3},{"damage":0,"enemies":"Blue Slaver","floor":11,"turns":4},{"damage":3,"enemies":"Lots of Slimes","floor":14,"turns":3},{"damage":27,"enemies":"Hexaghost","floor":16,"turns":10},{"damage":18,"enemies":"Spheric Guardian","floor":18,"turns":4},{"damage":10,"enemies":"Chosen","floor":19,"turns":6},{"damage":32,"enemies":"Centurion and Healer","floor":21,"turns":6},{"damage":6,"enemies":"Snecko","floor":24,"turns":6},{"damage":38,"enemies":"Snake Plant","floor":29,"turns":3},{"damage":0,"enemies":"Shelled Parasite and Fungi","floor":31,"turns":2}],"seed_played":"5261657022453874389","potions_obtained":[{"floor":4,"key":"SpeedPotion"},{"floor":7,"key":"SmokeBomb"},{"floor":10,"key":"Block Potion"},{"floor":11,"key":"Weak Potion"},{"floor":12,"key":"Dexterity Potion"},{"floor":17,"key":"Explosive Potion"},{"floor":18,"key":"SkillPotion"},{"floor":21,"key":"SpeedPotion"},{"floor":24,"key":"EssenceOfSteel"}],"is_trial":false,"path_per_floor":["M","M","M","M","M","R","E","R","T","M","M","?","$","M","R","B",null,"M","M","?","M","?","R","M","$","T","?","R","M","?","M"],"character_chosen":"THE_SILENT","items_purchased":["Well Laid Plans","Mind Blast","Acrobatics","Bane","Blur","Crippling Poison"],"campfire_rested":3,"item_purchase_floors":[13,13,13,25,25,25],"current_hp_per_floor":[56,56,56,55,48,48,38,59,59,54,54,54,54,51,70,43,75,57,47,47,15,40,40,34,34,34,18,40,2,2,2],"gold":0,"neow_bonus":"BOSS_RELIC","is_prod":false,"is_daily":false,"chose_seed":false,"campfire_upgraded":2,"win_rate":0.0,"timestamp":1566610158,"path_taken":["M","M","M","M","M","R","E","R","T","M","M","?","$","M","R","BOSS","M","M","?","M","?","R","M","$","T","?","R","M","?","M"],"build_version":"2019-06-28","purchased_purges":0,"victory":false,"max_hp_per_floor":[70,70,70,70,70,70,70,70,70,70,70,70,70,70,70,70,75,75,75,75,75,75,75,75,75,75,75,75,75,75,75],"card_choices":[{"not_picked":["Blade Dance","Finisher"],"picked":"Backflip","floor":1},{"not_picked":["Underhanded Strike","Distraction"],"picked":"Backflip","floor":2},{"not_picked":["PiercingWail","Masterful Stab"],"picked":"Bouncing Flask","floor":3},{"not_picked":["Terror","Caltrops"],"picked":"Bane","floor":4},{"not_picked":["Dagger Spray","Deflect"],"picked":"Noxious Fumes","floor":5},{"not_picked":["PiercingWail","Poisoned Stab"],"picked":"Crippling Poison","floor":7},{"not_picked":["Crippling Poison","Bouncing Flask"],"picked":"Footwork","floor":10},{"not_picked":["Riddle With Holes","Deadly Poison"],"picked":"Slice","floor":11},{"not_picked":["Dodge and Roll","Escape Plan"],"picked":"Acrobatics","floor":14},{"not_picked":["PiercingWail","Quick Slash"],"picked":"Terror","floor":15},{"not_picked":["Corpse Explosion","Malaise"],"picked":"Burst","floor":16},{"not_picked":["Sucker Punch","Deadly Poison"],"picked":"Outmaneuver","floor":17},{"not_picked":["Blur","Deflect"],"picked":"Tactician","floor":18},{"not_picked":["Caltrops","Well Laid Plans"],"picked":"Poisoned Stab","floor":19},{"not_picked":["Riddle With Holes","Quick Slash"],"picked":"Leg Sweep","floor":21},{"not_picked":["Backflip","Deflect"],"picked":"Finisher","floor":24},{"not_picked":["Dodge and Roll","Calculated Gamble"],"picked":"Blade Dance+1","floor":28},{"not_picked":["Slice","Choke"],"picked":"Footwork","floor":29}],"player_experience":19892,"relics_obtained":[{"floor":7,"key":"Boot"},{"floor":9,"key":"Dream Catcher"},{"floor":26,"key":"Shuriken"},{"floor":27,"key":"Enchiridion"}],"event_choices":[{"damage_healed":0,"gold_gain":0,"player_choice":"Bought 3 Potions","damage_taken":0,"max_hp_gain":0,"max_hp_loss":0,"event_name":"The Woman in Blue","floor":12,"gold_loss":0},{"damage_healed":0,"gold_gain":0,"player_choice":"Opened","damage_taken":0,"relics_obtained":["Pantograph"],"max_hp_gain":0,"max_hp_loss":0,"event_name":"The Mausoleum","floor":20,"gold_loss":0},{"damage_healed":25,"gold_gain":0,"player_choice":"Heal","damage_taken":0,"max_hp_gain":0,"max_hp_loss":0,"event_name":"The Library","floor":22,"gold_loss":0},{"damage_healed":0,"gold_gain":0,"player_choice":"Obtained Book","damage_taken":16,"max_hp_gain":0,"max_hp_loss":0,"event_name":"Cursed Tome","floor":27,"gold_loss":0},{"damage_healed":0,"gold_gain":0,"player_choice":"Paid Fearfully","damage_taken":0,"max_hp_gain":0,"max_hp_loss":0,"event_name":"Masked Bandits","floor":30,"gold_loss":87}],"is_beta":true,"boss_relics":[{"not_picked":["Lizard Tail","Empty Cage"],"picked":"Tiny House"}],"items_purged_floors":[],"is_endless":false,"potions_floor_spawned":[4,7,10,11,14,18,21,24],"killed_by":"Shelled Parasite and Fungi","ascension_level":0}