{"gold_per_floor":[110,260,290,305,0,0,33,33,59,75,101,118,118,137,137,215,215,233,243,261,2,2,2,27,27,50,50,50,69,69,88,88,167,167,179,179,195,209,2,2,2],"floor_reached":41,"playtime":1308,"items_purged":["Doubt","Escape Plan"],"score":803,"play_id":"97637576-70b5-433e-b5f1-12ce4f0be61e","local_time":"20190427191927","is_ascension_mode":true,"campfire_choices":[{"data":"Noxious Fumes","floor":6.0,"key":"SMITH"},{"data":"Neutralize","floor":15.0,"key":"SMITH"},{"floor":23,"key":"REST"},{"floor":27,"key":"REST"},{"floor":30,"key":"REST"},{"floor":32,"key":"REST"},{"data":"Malaise","floor":40,"key":"SMITH"}],"neow_cost":"NONE","seed_source_timestamp":1473151627990788,"circlet_count":0,"master_deck":["AscendersBane","Defend_G","Defend_G","Defend_G","Defend_G","Defend_G","Strike_G","Strike_G+1","Survivor","Neutralize+1","Noxious Fumes+1","Dodge and Roll","Dagger Spray","Poisoned Stab+1","Backstab","Wraith Form v2+1","Heel Hook+1","Die Die Die+1","Deflect+1","Backflip","Crippling Poison","Dagger Spray","Magnetism","Well Laid Plans","Malaise+1","Caltrops","Bouncing Flask","Caltrops+1"],"special_seed":0,"relics":["Ring of the Snake","NeowsBlessing","Tiny Chest","Mummified Hand","Torii","Pen Nib","Smiling Mask","Astrolabe","MutagenicStrength","Potion Belt","Anchor","Snecko Eye","Bottled Flame","Oddly Smooth Stone"],"potions_floor_usage":[19,24,33,38,41],"damage_taken":[{"damage":0.0,"enemies":"2 Louse","floor":1.0,"turns":1.0},{"damage":0.0,"enemies":"Jaw Worm","floor":4.0,"turns":1.0},{"damage":0.0,"enemies":"Gremlin Nob","floor":7.0,"turns":1.0},{"damage":1.0,"enemies":"Small Slimes","floor":10.0,"turns":3.0},{"damage":12.0,"enemies":"3 Sentries","floor":11.0,"turns":7.0},{"damage":1.0,"enemies":"Blue Slaver","floor":12.0,"turns":5.0},{"damage":2.0,"enemies":"Exordium Wildlife","floor":14.0,"turns":5.0},{"damage":5.0,"enemies":"Hexaghost","floor":16.0,"turns":10.0},{"damage":25.0,"enemies":"Spheric Guardian","floor":18.0,"turns":6.0},{"damage":10,"enemies":"2 Thieves","floor":19,"turns":3},{"damage":8,"enemies":"Centurion and Healer","floor":20,"turns":10},{"damage":25,"enemies":"Gremlin Leader","floor":24,"turns":5},{"damage":0,"enemies":"Cultist and Chosen","floor":29,"turns":5},{"damage":24,"enemies":"Snake Plant","floor":31,"turns":4},{"damage":19,"enemies":"Automaton","floor":33,"turns":11},{"damage":2,"enemies":"3 Shapes","floor":35,"turns":5},{"damage":3,"enemies":"Orb Walker","floor":37,"turns":5},{"damage":10,"enemies":"Spire Growth","floor":38,"turns":6},{"damage":43,"enemies":"Reptomancer","floor":41,"turns":5}],"seed_played":"-4754822593371531952","potions_obtained":[{"floor":4.0,"key":"Fire Potion"},{"floor":11.0,"key":"Regen Potion"},{"floor":16.0,"key":"Weak Potion"},{"floor":19,"key":"PowerPotion"},{"floor":24,"key":"GamblersBrew"},{"floor":33,"key":"SkillPotion"},{"floor":38,"key":"AttackPotion"}],"is_trial":false,"path_per_floor":["M","?","?","M","$","R","E","$","T","M","E","M","?","M","R","B",null,"M","M","M","$","?","R","E","$","T","R","?","M","R","M","R","B",null,"M","T","M","M","$","R","E"],"character_chosen":"THE_SILENT","items_purchased":["Mummified Hand","Dagger Spray","Magnetism","Oddly Smooth Stone"],"campfire_rested":4,"item_purchase_floors":[5,5,21,39],"current_hp_per_floor":[59,59,54,54,54,54,54,54,54,53,41,40,20,18,18,27,56,31,21,13,13,13,32,7,7,7,26,26,26,45,21,40,21,55,53,53,50,40,40,40,0],"gold":2,"neow_bonus":"THREE_ENEMY_KILL","is_prod":false,"is_daily":false,"chose_seed":false,"campfire_upgraded":3,"win_rate":0,"timestamp":1556407167,"path_taken":["M","?","?","M","$","R","E","$","T","M","E","M","?","?","R","BOSS","M","M","M","$","?","R","E","$","T","R","?","M","R","?","R","BOSS","M","?","M","M","$","R","E"],"build_version":"2019-01-23","purchased_purges":2,"victory":false,"max_hp_per_floor":[66,66,66,66,66,66,66,66,66,66,66,66,66,66,66,66,66,66,66,66,66,66,66,66,66,66,66,66,66,66,66,66,66,66,66,66,66,66,66,66,66],"card_choices":[{"not_picked":["Outmaneuver","Crippling Poison"],"picked":"Noxious Fumes","floor":1.0},{"not_picked":["Acrobatics","Infinite Blades"],"picked":"Dodge and Roll","floor":4.0},{"not_picked":["Expertise","Concentrate"],"picked":"Escape Plan","floor":7.0},{"not_picked":["Blade Dance","Flying Knee"],"picked":"Poisoned Stab","floor":10.0},{"not_picked":["Heel Hook","Bane"],"picked":"Backstab","floor":11.0},{"not_picked":["Heel Hook","Storm of Steel","Slice"],"picked":"SKIP","floor":12.0},{"not_picked":["Flechettes","Dodge and Roll","Heel Hook"],"picked":"SKIP","floor":14.0},{"not_picked":["Storm of Steel","Tools of the Trade"],"picked":"Wraith Form v2","floor":16.0},{"not_picked":["Dagger Throw","Escape Plan"],"picked":"Backflip","floor":18.0},{"not_picked":["Acrobatics","Cloak And Dagger"],"picked":"Crippling Poison","floor":19},{"not_picked":["Quick Slash","Underhanded Strike"],"picked":"Dagger Spray","floor":20},{"not_picked":["Accuracy","Expertise","Masterful Stab+1"],"picked":"SKIP","floor":24},{"not_picked":["Flechettes","Dagger Throw"],"picked":"Well Laid Plans","floor":29},{"not_picked":["Backflip","Dagger Spray","Acrobatics"],"picked":"SKIP","floor":31},{"not_picked":["Grand Finale","Tools of the Trade"],"picked":"Malaise","floor":33},{"not_picked":["Dagger Throw","Flying Knee"],"picked":"Caltrops","floor":35},{"not_picked":["Deadly Poison","Finisher"],"picked":"Bouncing Flask","floor":37},{"not_picked":["Dagger Throw","Crippling Poison"],"picked":"Caltrops+1","floor":38}],"player_experience":308541,"relics_obtained":[{"floor":7.0,"key":"Torii"},{"floor":9.0,"key":"Pen Nib"},{"floor":11.0,"key":"Smiling Mask"},{"floor":24,"key":"Potion Belt"},{"floor":26,"key":"Anchor"},{"floor":36,"key":"Bottled Flame"}],"event_choices":[{"damage_healed":0.0,"max_hp_gain":0.0,"max_hp_loss":0.0,"gold_gain":150.0,"event_name":"Liars Game","player_choice":"AGREE","floor":2.0,"gold_loss":0.0,"damage_taken":0.0,"cards_obtained":["Doubt"]},{"damage_healed":0.0,"max_hp_gain":0.0,"max_hp_loss":0.0,"gold_gain":0.0,"event_name":"Scrap Ooze","player_choice":"Success","floor":3.0,"gold_loss":0.0,"damage_taken":5.0,"relics_obtained":["Tiny Chest"]},{"damage_healed":0.0,"max_hp_gain":0.0,"max_hp_loss":0.0,"gold_gain":0.0,"event_name":"Shining Light","player_choice":"Entered Light","floor":13.0,"gold_loss":0.0,"damage_taken":20.0,"cards_upgraded":["Strike_G","Poisoned Stab"]},{"damage_healed":0,"gold_gain":0,"player_choice":"Inject Mutagens","damage_taken":0,"relics_obtained":["MutagenicStrength"],"max_hp_gain":0,"max_hp_loss":0,"event_name":"Drug Dealer","floor":22,"gold_loss":0},{"damage_healed":0,"gold_gain":0,"player_choice":"Forge","damage_taken":0,"max_hp_gain":0,"max_hp_loss":0,"event_name":"Accursed Blacksmith","floor":28,"gold_loss":0,"cards_upgraded":["Wraith Form v2"]}],"is_beta":false,"boss_relics":[{"not_picked":["Lizard Tail","Sozu"],"picked":"Astrolabe"},{"not_picked":["WristBlade","HoveringKite"],"picked":"Snecko Eye"}],"items_purged_floors":[21,39],"is_endless":false,"potions_floor_spawned":[4,11,12,16,19,24,33,38],"killed_by":"Reptomancer","ascension_level":16}