{"gold_per_floor":[115,115,115,135,146,146,163,163,189,209,219,232,246,273,273,273],"floor_reached":16,"playtime":640,"items_purged":[],"score":212,"play_id":"49eec07c-100e-4a60-9823-a0bd495c9439","local_time":"20190718142155","is_ascension_mode":true,"campfire_choices":[{"data":"Streamline","floor":6,"key":"SMITH"},{"data":"Zap","floor":8,"key":"SMITH"},{"data":"Loop","floor":15,"key":"SMITH"}],"neow_cost":"NONE","seed_source_timestamp":452457321268066,"circlet_count":0,"master_deck":["AscendersBane","Strike_B","Strike_B","Strike_B","Strike_B","Defend_B","Defend_B","Defend_B","Defend_B","Zap+1","Dualcast","Dramatic Entrance","Genetic Algorithm","Streamline+1","Capacitor","Self Repair","Loop+1","Go for the Eyes","Hologram","Turbo","Cold Snap"],"relics":["Cracked Core","FaceOfCleric","Orichalcum"],"potions_floor_usage":[7,12,16],"damage_taken":[{"damage":0,"enemies":"2 Louse","floor":1,"turns":2},{"damage":0,"enemies":"Cultist","floor":4,"turns":3},{"damage":7,"enemies":"Small Slimes","floor":5,"turns":2},{"damage":11,"enemies":"Exordium Thugs","floor":7,"turns":3},{"damage":15,"enemies":"3 Louse","floor":10,"turns":3},{"damage":1,"enemies":"Blue Slaver","floor":11,"turns":3},{"damage":23,"enemies":"Exordium Thugs","floor":12,"turns":4},{"damage":1,"enemies":"2 Fungi Beasts","floor":13,"turns":3},{"damage":32,"enemies":"Lagavulin","floor":14,"turns":6},{"damage":26,"enemies":"Hexaghost","floor":16,"turns":7}],"seed_played":"4272701236309731554","potions_obtained":[{"floor":4,"key":"Strength Potion"},{"floor":5,"key":"Fire Potion"},{"floor":7,"key":"LiquidBronze"},{"floor":11,"key":"Regen Potion"}],"is_trial":false,"path_per_floor":["M","?","?","M","M","R","M","R","T","M","M","M","M","E","R","B"],"character_chosen":"DEFECT","items_purchased":[],"campfire_rested":0,"item_purchase_floors":[],"current_hp_per_floor":[64,69,69,70,64,64,54,54,54,47,54,44,44,20,20,0],"gold":273,"neow_bonus":"RANDOM_COLORLESS","is_prod":false,"is_daily":false,"chose_seed":false,"campfire_upgraded":3,"win_rate":0,"timestamp":1563484915,"path_taken":["M","?","?","M","M","R","M","R","T","M","M","?","M","E","R","BOSS"],"build_version":"2019-07-10","purchased_purges":0,"victory":false,"max_hp_per_floor":[71,76,76,77,78,78,79,79,79,80,81,82,83,84,84,84],"card_choices":[{"not_picked":["Tempest","Fusion"],"picked":"Genetic Algorithm","floor":1},{"not_picked":["Stack","Darkness"],"picked":"Streamline","floor":4},{"not_picked":["Barrage","Double Energy"],"picked":"Capacitor","floor":5},{"not_picked":["Beam Cell","Blizzard"],"picked":"Self Repair","floor":7},{"not_picked":["Stack","Go for the Eyes"],"picked":"Loop","floor":10},{"not_picked":["Undo","Double Energy"],"picked":"Go for the Eyes","floor":11},{"not_picked":["Steam Power","Stack"],"picked":"Hologram","floor":12},{"not_picked":["Steam Power","Tempest"],"picked":"Turbo","floor":13},{"not_picked":["Beam Cell","Amplify"],"picked":"Cold Snap","floor":14}],"player_experience":2809649,"relics_obtained":[{"floor":14,"key":"Orichalcum"}],"event_choices":[{"damage_healed":0,"gold_gain":0,"player_choice":"Donut","damage_taken":0,"max_hp_gain":5,"max_hp_loss":0,"event_name":"Big Fish","floor":2,"gold_loss":0},{"damage_healed":0,"gold_gain":0,"player_choice":"Trade","damage_taken":0,"relics_obtained":["FaceOfCleric"],"max_hp_gain":0,"max_hp_loss":0,"event_name":"FaceTrader","floor":3,"gold_loss":0}],"is_beta":true,"boss_relics":[],"items_purged_floors":[],"is_endless":false,"potions_floor_spawned":[4,5,7,11],"killed_by":"Hexaghost","ascension_level":20}