{"gold_per_floor":[115,115,136,136,151,151,192,205,258,258,273,30,61,85,85,216,216,237,237,162,176,176,211,211,211,211,34,50,50],"floor_reached":29,"playtime":6922,"items_purged":["Strike_G","Strike_G"],"score":278,"play_id":"d04b52d8-423a-4273-a69a-44a69a42d8de","local_time":"20190816190228","is_ascension_mode":true,"campfire_choices":[{"data":"Neutralize","floor":6,"key":"SMITH"},{"floor":10,"key":"REST"},{"floor":15,"key":"REST"}],"neow_cost":"NONE","seed_source_timestamp":21243819808294,"circlet_count":0,"master_deck":["Defend_G","Defend_G","Defend_G","Defend_G","Defend_G","Survivor","Neutralize+1","Dagger Throw","Dagger Spray","Blur","Sucker Punch+1","Calculated Gamble","Noxious Fumes","Bouncing Flask","Escape Plan","Backflip","Burst","PiercingWail","Dodge and Roll+1","Catalyst","Bane+1"],"relics":["Ring of the Snake","NeowsBlessing","Golden Idol","Molten Egg 2","Smiling Mask","Happy Flower","Vajra","Empty Cage","Question Card","Potion Belt"],"potions_floor_usage":[7,8,23,23,28,28,28],"damage_taken":[{"damage":0,"enemies":"Jaw Worm","floor":1,"turns":1},{"damage":0,"enemies":"2 Louse","floor":3,"turns":1},{"damage":0,"enemies":"Small Slimes","floor":5,"turns":1},{"damage":24,"enemies":"3 Sentries","floor":7,"turns":12},{"damage":7,"enemies":"3 Louse","floor":8,"turns":4},{"damage":0,"enemies":"Red Slaver","floor":11,"turns":4},{"damage":3,"enemies":"Lagavulin","floor":13,"turns":6},{"damage":5,"enemies":"Large Slime","floor":14,"turns":5},{"damage":28,"enemies":"Slime Boss","floor":16,"turns":9},{"damage":12,"enemies":"3 Byrds","floor":18,"turns":5},{"damage":12,"enemies":"Shell Parasite","floor":21,"turns":10},{"damage":11,"enemies":"Gremlin Leader","floor":23,"turns":9},{"damage":16,"enemies":"3 Cultists","floor":28,"turns":7},{"damage":0,"enemies":"Slavers","floor":29,"turns":1}],"seed_played":"2326264431694598347","potions_obtained":[{"floor":3,"key":"Dexterity Potion"},{"floor":5,"key":"Dexterity Potion"},{"floor":7,"key":"GhostInAJar"},{"floor":16,"key":"Swift Potion"},{"floor":23,"key":"Weak Potion"}],"is_trial":false,"path_per_floor":["M","?","M","?","M","R","E","M","T","R","M","$","E","M","R","B",null,"M","?","?","M","?","E","?","?","T","$","M","E"],"character_chosen":"THE_SILENT","items_purchased":["Noxious Fumes","Bouncing Flask","Escape Plan","Block Potion","EssenceOfSteel"],"campfire_rested":2,"item_purchase_floors":[12,12,12,27,27],"current_hp_per_floor":[70,53,53,41,41,41,17,10,10,31,31,31,28,23,44,16,70,58,58,58,46,30,19,19,19,19,19,3,3],"gold":50,"neow_bonus":"THREE_ENEMY_KILL","is_prod":false,"is_daily":false,"chose_seed":false,"campfire_upgraded":1,"win_rate":0,"timestamp":1565949748,"path_taken":["M","?","M","?","M","R","E","M","T","R","M","$","E","M","R","BOSS","M","?","?","M","?","E","?","?","T","?","M","E"],"build_version":"2019-07-17","purchased_purges":2,"victory":false,"max_hp_per_floor":[70,70,70,70,70,70,70,70,70,70,70,70,70,70,70,70,70,70,70,70,70,70,70,70,70,70,70,70,70],"card_choices":[{"not_picked":["Deadly Poison","Sucker Punch"],"picked":"Dagger Throw","floor":1},{"not_picked":["Caltrops","PiercingWail"],"picked":"Dagger Spray","floor":3},{"not_picked":["Masterful Stab+1","Deflect"],"picked":"Blur","floor":5},{"not_picked":["Choke+1","Dagger Throw+1"],"picked":"Sucker Punch+1","floor":7},{"not_picked":["Flying Knee+1","Bane+1"],"picked":"Calculated Gamble","floor":8},{"not_picked":["Underhanded Strike+1","Dagger Throw+1","All Out Attack+1"],"picked":"SKIP","floor":11},{"not_picked":["Infinite Blades","All Out Attack+1"],"picked":"Backflip","floor":13},{"not_picked":["Poisoned Stab+1","Slice+1","Corpse Explosion"],"picked":"SKIP","floor":14},{"not_picked":["Doppelganger","Die Die Die+1"],"picked":"Burst","floor":16},{"not_picked":["Acrobatics","Bouncing Flask"],"picked":"PiercingWail","floor":18},{"not_picked":["Prepared","Quick Slash+1"],"picked":"Dodge and Roll+1","floor":21},{"not_picked":["Slice+1","Outmaneuver","Sucker Punch+1"],"picked":"SKIP","floor":23},{"not_picked":["Poisoned Stab+1","Backflip+1","Outmaneuver+1"],"picked":"Bane+1","floor":28}],"player_experience":127392,"relics_obtained":[{"floor":7,"key":"Smiling Mask"},{"floor":9,"key":"Happy Flower"},{"floor":13,"key":"Vajra"},{"floor":23,"key":"Question Card"},{"floor":26,"key":"Potion Belt"}],"event_choices":[{"damage_healed":0,"gold_gain":0,"player_choice":"Take Damage","damage_taken":17,"relics_obtained":["Golden Idol"],"max_hp_gain":0,"max_hp_loss":0,"event_name":"Golden Idol","floor":2,"gold_loss":0},{"damage_healed":0,"gold_gain":0,"player_choice":"Success","damage_taken":12,"relics_obtained":["Molten Egg 2"],"max_hp_gain":0,"max_hp_loss":0,"event_name":"Scrap Ooze","floor":4,"gold_loss":0},{"damage_healed":0,"gold_gain":0,"player_choice":"Ignored","damage_taken":0,"max_hp_gain":0,"max_hp_loss":0,"event_name":"Ghosts","floor":19,"gold_loss":0},{"cards_removed":["Strike_G"],"damage_healed":0,"gold_gain":0,"player_choice":"Gave Gold","damage_taken":0,"max_hp_gain":0,"max_hp_loss":0,"event_name":"Beggar","floor":20,"gold_loss":75},{"damage_healed":0,"gold_gain":0,"player_choice":"Obtained Book","damage_taken":16,"max_hp_gain":0,"max_hp_loss":0,"event_name":"Cursed Tome","floor":22,"gold_loss":0},{"damage_healed":0,"gold_gain":0,"player_choice":"Ignored","damage_taken":0,"max_hp_gain":0,"max_hp_loss":0,"event_name":"Vampires","floor":24,"gold_loss":0},{"damage_healed":0,"gold_gain":0,"player_choice":"Read","damage_taken":0,"max_hp_gain":0,"max_hp_loss":0,"event_name":"The Library","floor":25,"gold_loss":0,"cards_obtained":["Catalyst"]}],"is_beta":false,"boss_relics":[{"not_picked":["HoveringKite","Astrolabe"],"picked":"Empty Cage"}],"items_purged_floors":[12,27],"is_endless":false,"potions_floor_spawned":[3,5,7,16,23],"killed_by":"Slavers","ascension_level":2}