{"gold_per_floor":[111,127,145,157,167,167,185,202,252,287,287,68,98,98,98,98],"floor_reached":16,"playtime":1367,"items_purged":[],"score":208,"play_id":"b797bc41-8ff3-43e3-aff6-44837876bf82","local_time":"20190730030101","is_ascension_mode":true,"campfire_choices":[{"data":"Hologram","floor":6,"key":"SMITH"},{"data":"Capacitor","floor":11,"key":"SMITH"},{"data":"Zap","floor":15,"key":"SMITH"}],"neow_cost":"NONE","seed_source_timestamp":286909434870982,"circlet_count":0,"master_deck":["AscendersBane","Strike_B+1","Strike_B","Strike_B+1","Strike_B","Defend_B","Defend_B","Defend_B","Defend_B","Zap+1","Dualcast","Cold Snap","Ball Lightning","Glacier","Hologram+1","Self Repair","Capacitor+1","Stack","Go for the Eyes","Conserve Battery","Zap"],"relics":["Cracked Core","Whetstone","Dodecahedron","OrangePellets","Odd Mushroom"],"potions_floor_usage":[10,10,13],"damage_taken":[{"damage":2,"enemies":"2 Louse","floor":1,"turns":2},{"damage":7,"enemies":"Small Slimes","floor":2,"turns":2},{"damage":0,"enemies":"Cultist","floor":3,"turns":3},{"damage":0,"enemies":"Large Slime","floor":4,"turns":4},{"damage":6,"enemies":"Looter","floor":5,"turns":3},{"damage":6,"enemies":"Exordium Wildlife","floor":7,"turns":6},{"damage":6,"enemies":"2 Fungi Beasts","floor":8,"turns":4},{"damage":36,"enemies":"Gremlin Nob","floor":10,"turns":5},{"damage":3,"enemies":"The Mushroom Lair","floor":13,"turns":4},{"damage":25,"enemies":"Slime Boss","floor":16,"turns":8}],"seed_played":"6552604794834857924","potions_obtained":[{"floor":1,"key":"Block Potion"},{"floor":2,"key":"Block Potion"},{"floor":7,"key":"Strength Potion"},{"floor":10,"key":"AttackPotion"}],"is_trial":false,"path_per_floor":["M","M","M","M","M","R","M","M","T","E","R","$","?","?","R","B"],"character_chosen":"DEFECT","items_purchased":["OrangePellets"],"campfire_rested":0,"item_purchase_floors":[12],"current_hp_per_floor":[62,55,55,55,49,49,50,51,51,22,22,22,19,19,19,0],"gold":98,"neow_bonus":"RANDOM_COMMON_RELIC","is_prod":false,"is_daily":false,"chose_seed":false,"campfire_upgraded":3,"win_rate":0,"timestamp":1564480861,"path_taken":["M","M","M","M","M","R","M","M","T","E","R","$","?","?","R","BOSS"],"build_version":"2019-07-18","purchased_purges":0,"victory":false,"max_hp_per_floor":[71,71,71,71,71,71,71,71,71,71,71,71,71,71,71,71],"card_choices":[{"not_picked":["Lockon","Go for the Eyes"],"picked":"Cold Snap","floor":1},{"not_picked":["Static Discharge","Blizzard"],"picked":"Ball Lightning","floor":2},{"not_picked":["Beam Cell","Aggregate"],"picked":"Glacier","floor":3},{"not_picked":["Beam Cell","Go for the Eyes"],"picked":"Hologram","floor":4},{"not_picked":["Static Discharge","Go for the Eyes"],"picked":"Self Repair","floor":5},{"not_picked":["BootSequence","Conserve Battery"],"picked":"Capacitor","floor":7},{"not_picked":["Barrage","Redo"],"picked":"Stack","floor":8},{"not_picked":["Melter","Meteor Strike"],"picked":"Go for the Eyes","floor":10},{"not_picked":["Gash","Turbo"],"picked":"Conserve Battery","floor":13}],"player_experience":2847131,"relics_obtained":[{"floor":10,"key":"Dodecahedron"},{"floor":13,"key":"Odd Mushroom"}],"event_choices":[{"damage_healed":0,"gold_gain":0,"player_choice":"Fought Mushrooms","damage_taken":0,"max_hp_gain":0,"max_hp_loss":0,"event_name":"Mushrooms","floor":13,"gold_loss":0},{"damage_healed":0,"gold_gain":0,"player_choice":"1 cards matched","damage_taken":0,"max_hp_gain":0,"max_hp_loss":0,"event_name":"Match and Keep!","floor":14,"gold_loss":0,"cards_obtained":["Zap"]}],"is_beta":true,"boss_relics":[],"items_purged_floors":[],"is_endless":false,"potions_floor_spawned":[1,2,7,10],"killed_by":"Slime Boss","ascension_level":20}