{"gold_per_floor":[117,133,152,167,92,120,120,120,146,162,175,201,201,220,220,296,296,311,322,322,333,353,353,371,371,443,443,443,443,368,368,368,368],"floor_reached":33,"playtime":16550,"items_purged":[],"score":543,"play_id":"8484286f-761b-4246-a1f4-73c6040fe9d4","local_time":"20190719113054","is_ascension_mode":true,"campfire_choices":[{"floor":8.0,"key":"REST"},{"floor":13.0,"key":"REST"},{"data":"Noxious Fumes","floor":15.0,"key":"SMITH"},{"floor":23.0,"key":"REST"},{"floor":25.0,"key":"REST"},{"data":"Footwork","floor":27.0,"key":"SMITH"},{"floor":29.0,"key":"REST"},{"data":"Neutralize","floor":32.0,"key":"SMITH"}],"neow_cost":"CURSE","seed_source_timestamp":0,"circlet_count":0,"master_deck":["AscendersBane","Defend_G","Defend_G","Defend_G","Defend_G","Defend_G","Survivor","Neutralize+1","Glass Knife","Noxious Fumes+1","Deadly Poison","Dagger Throw","Blur","Poisoned Stab","Backflip","Footwork+1","Corpse Explosion","Night Terror","Cloak And Dagger","Noxious Fumes","Bite","Bite","Bite","Bite","Bite"],"special_seed":0,"relics":["Ring of the Snake","Orichalcum","Happy Flower","Cursed Key","Frozen Egg 2"],"potions_floor_usage":[],"damage_taken":[{"damage":0.0,"enemies":"Jaw Worm","floor":1.0,"turns":4.0},{"damage":6.0,"enemies":"2 Louse","floor":2.0,"turns":3.0},{"damage":1.0,"enemies":"Cultist","floor":3.0,"turns":3.0},{"damage":7.0,"enemies":"3 Louse","floor":4.0,"turns":5.0},{"damage":29.0,"enemies":"3 Sentries","floor":6.0,"turns":9.0},{"damage":4.0,"enemies":"2 Fungi Beasts","floor":10.0,"turns":5.0},{"damage":0.0,"enemies":"Large Slime","floor":11.0,"turns":4.0},{"damage":14.0,"enemies":"Gremlin Nob","floor":12.0,"turns":4.0},{"damage":1.0,"enemies":"Looter","floor":14.0,"turns":3.0},{"damage":21.0,"enemies":"Hexaghost","floor":16.0,"turns":11.0},{"damage":11.0,"enemies":"Chosen","floor":18.0,"turns":5.0},{"damage":7.0,"enemies":"Shell Parasite","floor":19.0,"turns":6.0},{"damage":32.0,"enemies":"Snake Plant","floor":21.0,"turns":7.0},{"damage":0.0,"enemies":"3 Cultists","floor":22.0,"turns":3.0},{"damage":26.0,"enemies":"Shelled Parasite and Fungi","floor":24.0,"turns":6.0},{"damage":82,"enemies":"Collector","floor":33,"turns":6}],"seed_played":"-4257887075634572637","potions_obtained":[{"floor":3.0,"key":"Fire Potion"},{"floor":4.0,"key":"SkillPotion"},{"floor":11.0,"key":"LiquidBronze"},{"floor":14.0,"key":"EntropicBrew"},{"floor":18.0,"key":"EssenceOfSteel"},{"floor":21.0,"key":"EssenceOfSteel"}],"is_trial":false,"path_per_floor":["M","M","M","M","?","E","?","R","T","M","M","E","R","M","R","B",null,"M","M","?","M","M","R","M","R","T","R","?","R","?","?","R","B"],"character_chosen":"THE_SILENT","items_purchased":[],"campfire_rested":5,"item_purchase_floors":[],"current_hp_per_floor":[59,53,52,45,45,16,9,28,28,26,28,16,35,36,36,17,54,45,40,40,10,12,31,7,26,26,26,26,45,45,45,45,0],"gold":368,"neow_bonus":"THREE_RARE_CARDS","is_prod":false,"is_daily":false,"chose_seed":false,"campfire_upgraded":3,"win_rate":0,"timestamp":1563550254,"path_taken":["M","M","M","M","?","E","?","R","T","M","M","E","R","M","R","BOSS","M","M","?","M","?","R","M","R","T","R","?","R","?","?","R","BOSS"],"build_version":"2019-07-17","purchased_purges":0,"victory":false,"max_hp_per_floor":[66,66,66,66,66,66,66,66,66,66,66,66,66,66,66,66,66,66,66,66,66,66,66,66,66,66,66,66,66,63,63,63,63],"card_choices":[{"not_picked":["Burst","Die Die Die"],"picked":"Glass Knife","floor":0.0},{"not_picked":["Deflect","Tactician"],"picked":"Noxious Fumes","floor":1.0},{"not_picked":["Prepared","Acrobatics"],"picked":"Deadly Poison","floor":2.0},{"not_picked":["Blade Dance","Quick Slash"],"picked":"Dagger Throw","floor":3.0},{"not_picked":["Underhanded Strike","Unload"],"picked":"Blur","floor":4.0},{"not_picked":["Deadly Poison","Acrobatics","Finisher"],"picked":"SKIP","floor":6.0},{"not_picked":["Outmaneuver","Endless Agony"],"picked":"Poisoned Stab","floor":10.0},{"not_picked":["Choke","Calculated Gamble"],"picked":"Backflip","floor":11.0},{"not_picked":["Underhanded Strike","Riddle With Holes"],"picked":"Footwork","floor":12.0},{"not_picked":["Acrobatics","Infinite Blades"],"picked":"Corpse Explosion","floor":14.0},{"not_picked":["Venomology","Wraith Form v2"],"picked":"Night Terror","floor":16.0},{"not_picked":["Accuracy","Slice"],"picked":"Cloak And Dagger","floor":18.0},{"not_picked":["Cloak And Dagger","Bane","Deadly Poison"],"picked":"SKIP","floor":19.0},{"not_picked":["Cloak And Dagger","Deflect","Quick Slash"],"picked":"SKIP","floor":21.0},{"not_picked":["Quick Slash","Deadly Poison","Tactician"],"picked":"SKIP","floor":22.0},{"not_picked":["Deadly Poison+1","Night Terror"],"picked":"Noxious Fumes","floor":24.0}],"player_experience":523245,"relics_obtained":[{"floor":6.0,"key":"Blood Vial"},{"floor":9.0,"key":"Orichalcum"},{"floor":12.0,"key":"Happy Flower"},{"floor":26.0,"key":"Frozen Egg 2"}],"event_choices":[{"cards_removed":["Writhe"],"damage_healed":0.0,"max_hp_gain":0.0,"max_hp_loss":0.0,"gold_gain":0.0,"event_name":"The Cleric","player_choice":"Card Removal","floor":5.0,"gold_loss":75.0,"damage_taken":0.0},{"cards_removed":["Strike_G"],"damage_healed":0.0,"max_hp_gain":0.0,"max_hp_loss":0.0,"gold_gain":0.0,"event_name":"Golden Wing","player_choice":"Card Removal","floor":7.0,"gold_loss":0.0,"damage_taken":7.0},{"damage_healed":0.0,"max_hp_gain":0.0,"max_hp_loss":0.0,"gold_gain":0.0,"event_name":"N\u0027loth","player_choice":"Ignored","floor":20.0,"gold_loss":0.0,"damage_taken":0.0},{"damage_healed":0.0,"max_hp_gain":0.0,"max_hp_loss":0.0,"gold_gain":0.0,"event_name":"Vampires","player_choice":"Became a vampire (Vial)","floor":28.0,"relics_lost":["Blood Vial"],"gold_loss":0.0,"damage_taken":0.0,"cards_obtained":["Bite","Bite","Bite","Bite","Bite"]},{"cards_removed":["Parasite"],"damage_healed":0.0,"max_hp_gain":0.0,"max_hp_loss":0.0,"gold_gain":0.0,"event_name":"Beggar","player_choice":"Gave Gold","floor":30.0,"gold_loss":75.0,"damage_taken":0.0},{"damage_healed":0.0,"max_hp_gain":0.0,"max_hp_loss":0.0,"gold_gain":0.0,"event_name":"Ghosts","player_choice":"Ignored","floor":31.0,"gold_loss":0.0,"damage_taken":0.0}],"is_beta":false,"boss_relics":[{"not_picked":["White Beast Statue","Astrolabe"],"picked":"Cursed Key"}],"items_purged_floors":[],"is_endless":false,"potions_floor_spawned":[3,4,11,14,18,21],"killed_by":"Collector","ascension_level":20}