{"gold_per_floor":[114,114,114,124,89,124,124,134,134,161,173,185,197,220,232,319,331,360,372,409,434,465,477,489,501],"floor_reached":25,"playtime":1517,"items_purged":[],"score":402,"play_id":"5195125c-f403-4b14-8bf9-0ab325743971","local_time":"20180919002454","is_ascension_mode":true,"campfire_choices":[{"floor":7.0,"key":"REST"},{"floor":13.0,"key":"REST"},{"data":"Dualcast","floor":15.0,"key":"SMITH"},{"floor":23,"key":"REST"}],"neow_cost":"NONE","seed_source_timestamp":467094482397762,"circlet_count":0,"master_deck":["Zap+1","Dualcast+1","AscendersBane","Hologram+1","Cold Snap","Glacier","Cold Snap","Glacier","Capacitor+1","Seek","Storm+1","Streamline","Turbo","Redo","Barrage","Fusion","Ball Lightning","Coolheaded","Steam","Stack","Steam"],"special_seed":0,"relics":["Cracked Core","Frozen Egg 2","MawBank","Centennial Puzzle","Blue Candle","Nloth\u0027s Gift","Red Mask"],"potions_floor_usage":[21,25],"damage_taken":[{"damage":7.0,"enemies":"Jaw Worm","floor":1.0,"turns":4.0},{"damage":6.0,"enemies":"2 Louse","floor":4.0,"turns":3.0},{"damage":56.0,"enemies":"Lagavulin","floor":6.0,"turns":10.0},{"damage":6.0,"enemies":"Small Slimes","floor":8.0,"turns":4.0},{"damage":2.0,"enemies":"Gremlin Gang","floor":10.0,"turns":8.0},{"damage":3.0,"enemies":"3 Louse","floor":14.0,"turns":5.0},{"damage":26,"enemies":"The Guardian","floor":16,"turns":18},{"damage":13,"enemies":"Shell Parasite","floor":18,"turns":5},{"damage":33,"enemies":"Masked Bandits","floor":20,"turns":6},{"damage":0,"enemies":"Chosen","floor":21,"turns":5},{"damage":7,"enemies":"Snake Plant","floor":22,"turns":6},{"damage":16,"enemies":"Cultist and Chosen","floor":25,"turns":4}],"seed_played":"217358956642691373","potions_obtained":[{"floor":6.0,"key":"SkillPotion"},{"floor":10.0,"key":"EssenceOfSteel"},{"floor":20,"key":"Ancient Potion"},{"floor":22,"key":"Weak Potion"}],"is_trial":false,"path_per_floor":["M","?","?","M","?","E","R","M","T","M","?","T","R","M","R","B",null,"M","?","?","M","M","R","?"],"character_chosen":"DEFECT","items_purchased":[],"campfire_rested":3,"item_purchase_floors":[],"current_hp_per_floor":[57,50,50,44,61,5,26,20,20,18,18,18,39,36,36,10,56,43,43,10,10,3,24,4,0],"gold":501,"neow_bonus":"UPGRADE_CARD","is_prod":false,"is_daily":false,"chose_seed":false,"campfire_upgraded":1,"win_rate":0,"timestamp":1537341894,"path_taken":["M","?","?","M","?","E","R","M","T","M","?","?","R","M","R","BOSS","M","?","?","M","M","R","?","M"],"build_version":"2018-09-18v2","purchased_purges":0,"victory":false,"max_hp_per_floor":[71,71,71,71,71,71,71,71,71,71,71,71,71,71,71,71,71,71,71,71,71,71,71,76,76],"card_choices":[{"not_picked":["Conserve Battery","Tempest"],"picked":"Hologram","floor":1.0},{"not_picked":["Stack","Barrage"],"picked":"Cold Snap","floor":4.0},{"not_picked":["FTL","Consume"],"picked":"Glacier","floor":6.0},{"not_picked":["Conserve Battery","Compile Driver"],"picked":"Cold Snap","floor":8.0},{"not_picked":["Leap","Redo"],"picked":"Glacier","floor":10.0},{"not_picked":["Stack","Gash"],"picked":"Capacitor+1","floor":14.0},{"not_picked":["Amplify","Reboot"],"picked":"Seek","floor":16},{"not_picked":["Rebound","Steam Power"],"picked":"Coolheaded","floor":18},{"not_picked":["Rip and Tear","Go for the Eyes"],"picked":"Steam","floor":20},{"not_picked":["Chaos","Sunder"],"picked":"Stack","floor":21},{"not_picked":["Streamline","Redo"],"picked":"Steam","floor":22}],"player_experience":2363086,"relics_obtained":[{"floor":6.0,"key":"Frozen Egg 2"},{"floor":9.0,"key":"MawBank"},{"floor":12.0,"key":"Blue Candle"},{"floor":20,"key":"Red Mask"}],"event_choices":[{"event_name":"Golden Wing","player_choice":"Card Removal","floor":2.0,"damage_taken":0.0},{"event_name":"Upgrade Shrine","player_choice":"Upgraded","floor":3.0,"damage_taken":0.0},{"event_name":"The Cleric","player_choice":"Healed","floor":5.0,"damage_taken":0.0},{"event_name":"WeMeetAgain","player_choice":"Potion","floor":11.0,"damage_taken":0.0},{"event_name":"N\u0027loth","player_choice":"Traded a Pandora\u0027s Box","floor":19,"damage_taken":0},{"event_name":"Masked Bandits","player_choice":"Fought Bandits","floor":20,"damage_taken":0},{"event_name":"Forgotten Altar","player_choice":"Shed Blood","floor":24,"damage_taken":0}],"is_beta":true,"boss_relics":[{"not_picked":["Black Star","Busted Crown"],"picked":"Pandora\u0027s Box"}],"items_purged_floors":[],"is_endless":false,"potions_floor_spawned":[6,10,20,22],"killed_by":"Cultist and Chosen","ascension_level":20}