{"gold_per_floor":[210,12,12,22,35,35,61,94,94,94,169,169,169,194,194,287,287,312,326,47,65,83,117,117,117],"floor_reached":25,"playtime":731,"items_purged":[],"score":431,"play_id":"1ca2e536-adbe-4886-9c02-6c45ca81735d","local_time":"20190515105623","is_ascension_mode":true,"campfire_choices":[{"data":"Armaments","floor":6,"key":"SMITH"},{"data":"Whirlwind","floor":10,"key":"SMITH"},{"floor":15,"key":"REST"},{"floor":24,"key":"REST"}],"neow_cost":"NONE","seed_source_timestamp":402119629917403,"circlet_count":0,"master_deck":["AscendersBane","Strike_R","Strike_R","Strike_R","Strike_R","Defend_R","Defend_R","Defend_R","Defend_R","Bash+1","Armaments+1","Metallicize","Shrug It Off","Whirlwind+1","Headbutt","Feed","Rage","Ghostly Armor"],"relics":["Burning Blood","Orichalcum","Bronze Scales","Turnip","Blue Candle","Golden Idol","Sozu","Meat on the Bone","Omamori"],"potions_floor_usage":[4,8,23],"damage_taken":[{"damage":5,"enemies":"2 Louse","floor":1,"turns":3},{"damage":2,"enemies":"Cultist","floor":4,"turns":4},{"damage":5,"enemies":"Small Slimes","floor":5,"turns":3},{"damage":17,"enemies":"Lagavulin","floor":8,"turns":8},{"damage":9,"enemies":"Exordium Wildlife","floor":14,"turns":6},{"damage":44,"enemies":"The Guardian","floor":16,"turns":14},{"damage":15,"enemies":"Chosen","floor":18,"turns":4},{"damage":16,"enemies":"Shell Parasite","floor":19,"turns":6},{"damage":37,"enemies":"Shelled Parasite and Fungi","floor":21,"turns":6},{"damage":16,"enemies":"Snecko","floor":22,"turns":5},{"damage":31,"enemies":"Slavers","floor":23,"turns":6},{"damage":50,"enemies":"Gremlin Leader","floor":25,"turns":2}],"seed_played":"-1013583057805200628","potions_obtained":[{"floor":1,"key":"FearPotion"},{"floor":4,"key":"PowerPotion"},{"floor":5,"key":"Fire Potion"}],"is_trial":false,"path_per_floor":["M","$","?","M","M","R","T","E","T","R","?","?","?","M","R","B",null,"M","M","$","M","M","E","R","E"],"character_chosen":"IRONCLAD","items_purchased":["Orichalcum","Metallicize","Meat on the Bone"],"campfire_rested":2,"item_purchase_floors":[2,2,20],"current_hp_per_floor":[69,69,69,73,74,74,74,63,63,63,52,52,26,23,45,7,58,53,46,46,30,32,22,48,0],"gold":117,"neow_bonus":"HUNDRED_GOLD","is_prod":false,"is_daily":false,"chose_seed":false,"campfire_upgraded":2,"win_rate":0,"timestamp":1557932183,"path_taken":["M","$","?","?","M","R","?","E","T","R","?","?","?","?","R","BOSS","M","M","?","M","M","E","R","E"],"build_version":"2019-01-23","purchased_purges":0,"victory":false,"max_hp_per_floor":[75,75,75,75,75,75,75,75,75,75,75,75,75,75,75,75,75,79,82,82,85,85,88,88,88],"card_choices":[{"not_picked":["Rupture","Wild Strike"],"picked":"Armaments","floor":1},{"not_picked":["Warcry","Havoc","Clash"],"picked":"SKIP","floor":4},{"not_picked":["True Grit","Anger"],"picked":"Shrug It Off","floor":5},{"not_picked":["Cleave","Dark Embrace"],"picked":"Whirlwind","floor":8},{"not_picked":["Clash","Cleave"],"picked":"Headbutt","floor":14},{"not_picked":["Brutality","Berserk"],"picked":"Feed","floor":16},{"not_picked":["Infernal Blade","Iron Wave"],"picked":"Rage","floor":18},{"not_picked":["Clash","Evolve","Armaments"],"picked":"SKIP","floor":19},{"not_picked":["Sever Soul","Wild Strike","Evolve"],"picked":"SKIP","floor":21},{"not_picked":["Wild Strike","Entrench","Heavy Blade"],"picked":"SKIP","floor":22},{"not_picked":["Second Wind","Heavy Blade"],"picked":"Ghostly Armor","floor":23}],"player_experience":366280,"relics_obtained":[{"floor":7,"key":"Bronze Scales"},{"floor":8,"key":"Turnip"},{"floor":9,"key":"Blue Candle"},{"floor":23,"key":"Omamori"}],"event_choices":[{"cards_removed":["Strike_R"],"damage_healed":0,"gold_gain":0,"player_choice":"Purged","damage_taken":0,"max_hp_gain":0,"max_hp_loss":0,"event_name":"Purifier","floor":3,"gold_loss":0},{"damage_healed":0,"gold_gain":75,"player_choice":"Gather Gold","damage_taken":11,"max_hp_gain":0,"max_hp_loss":0,"event_name":"World of Goop","floor":11,"gold_loss":0},{"damage_healed":0,"gold_gain":0,"player_choice":"Grow","damage_taken":0,"max_hp_gain":0,"max_hp_loss":0,"event_name":"Living Wall","floor":12,"gold_loss":0,"cards_upgraded":["Bash"]},{"damage_healed":0,"gold_gain":0,"player_choice":"Take Damage","damage_taken":26,"relics_obtained":["Golden Idol"],"max_hp_gain":0,"max_hp_loss":0,"event_name":"Golden Idol","floor":13,"gold_loss":0}],"is_beta":false,"boss_relics":[{"not_picked":["Runic Pyramid","White Beast Statue"],"picked":"Sozu"}],"items_purged_floors":[],"is_endless":false,"potions_floor_spawned":[1,4,5,19,21],"killed_by":"Gremlin Leader","ascension_level":19}