{"gold_per_floor":[119,194,22,40,40,73,73,87,112,174,192,210,210,227,227,302,302,312,227,243,243],"floor_reached":21,"playtime":826,"items_purged":[],"score":412,"play_id":"3d455f0d-60a2-40cf-b29e-80e76d042e02","local_time":"20190716123528","is_ascension_mode":true,"campfire_choices":[{"data":"Strike_B","floor":7,"key":"SMITH"},{"data":"Darkness","floor":15,"key":"SMITH"}],"neow_cost":"NONE","seed_source_timestamp":240368929516313,"circlet_count":0,"master_deck":["AscendersBane","Strike_B+1","Strike_B","Strike_B","Defend_B","Defend_B","Defend_B","Defend_B","Zap","Dualcast","Conserve Battery","Conserve Battery","Conserve Battery","Doom and Gloom","Coolheaded","Darkness+1","Gash","Meteor Strike","Defragment","Rip and Tear"],"relics":["Cracked Core","NeowsBlessing","Happy Flower","Vajra","Blood Vial","Strawberry","Nuclear Battery","Darkstone Periapt"],"potions_floor_usage":[10,16,21,21],"damage_taken":[{"damage":0,"enemies":"Cultist","floor":1,"turns":1},{"damage":0,"enemies":"Jaw Worm","floor":4,"turns":1},{"damage":0,"enemies":"Gremlin Nob","floor":6,"turns":1},{"damage":0,"enemies":"Small Slimes","floor":8,"turns":2},{"damage":29,"enemies":"Lagavulin Event","floor":10,"turns":5},{"damage":15,"enemies":"Exordium Thugs","floor":11,"turns":5},{"damage":2,"enemies":"Looter","floor":12,"turns":3},{"damage":0,"enemies":"2 Fungi Beasts","floor":14,"turns":4},{"damage":8,"enemies":"Slime Boss","floor":16,"turns":7},{"damage":33,"enemies":"Shell Parasite","floor":18,"turns":6},{"damage":28,"enemies":"2 Thieves","floor":20,"turns":4},{"damage":9,"enemies":"Snecko","floor":21,"turns":3}],"seed_played":"-643900384271482455","potions_obtained":[{"floor":8,"key":"Regen Potion"},{"floor":10,"key":"LiquidBronze"},{"floor":12,"key":"SkillPotion"},{"floor":16,"key":"Ancient Potion"},{"floor":18,"key":"EssenceOfSteel"}],"is_trial":false,"path_per_floor":["M","?","$","M","$","E","R","M","T","?","M","M","?","M","R","B",null,"M","?","M","M"],"character_chosen":"DEFECT","items_purchased":["Happy Flower"],"campfire_rested":0,"item_purchase_floors":[3],"current_hp_per_floor":[64,53,53,53,53,53,53,53,53,42,29,29,22,24,24,18,63,32,32,6,0],"gold":243,"neow_bonus":"THREE_ENEMY_KILL","is_prod":false,"is_daily":false,"chose_seed":false,"campfire_upgraded":2,"win_rate":0,"timestamp":1563294928,"path_taken":["M","?","$","M","$","E","R","M","T","?","M","M","?","M","R","BOSS","M","?","M","M"],"build_version":"2019-07-05","purchased_purges":0,"victory":false,"max_hp_per_floor":[71,71,71,71,71,71,71,71,71,78,78,78,78,78,78,78,78,78,78,78,78],"card_choices":[{"not_picked":["Redo","Auto Shields"],"picked":"Conserve Battery","floor":1},{"not_picked":["Stack","Barrage"],"picked":"Conserve Battery","floor":4},{"not_picked":["Skim","Machine Learning"],"picked":"Conserve Battery","floor":6},{"not_picked":["Barrage","Redo"],"picked":"Doom and Gloom","floor":8},{"not_picked":["Stack","Go for the Eyes"],"picked":"Coolheaded","floor":10},{"not_picked":["Rebound","Hologram","Go for the Eyes"],"picked":"SKIP","floor":11},{"not_picked":["Beam Cell","Turbo"],"picked":"Darkness","floor":12},{"not_picked":["Steam","Amplify"],"picked":"Gash","floor":14},{"not_picked":["All For One","Creative AI"],"picked":"Meteor Strike","floor":16},{"not_picked":["Conserve Battery","Rebound"],"picked":"Defragment","floor":18},{"not_picked":["Sweeping Beam","Steam Power"],"picked":"Rip and Tear","floor":20}],"player_experience":521892,"relics_obtained":[{"floor":6,"key":"Vajra"},{"floor":9,"key":"Blood Vial"},{"floor":10,"key":"Strawberry"}],"event_choices":[{"damage_healed":0,"gold_gain":75,"player_choice":"Gather Gold","damage_taken":11,"max_hp_gain":0,"max_hp_loss":0,"event_name":"World of Goop","floor":2,"gold_loss":0},{"damage_healed":0,"gold_gain":0,"player_choice":"Searched \u00271\u0027 times","damage_taken":0,"max_hp_gain":0,"max_hp_loss":0,"event_name":"Dead Adventurer","floor":10,"gold_loss":0},{"cards_removed":["Strike_B"],"damage_healed":0,"gold_gain":0,"player_choice":"Card Removal","damage_taken":7,"max_hp_gain":0,"max_hp_loss":0,"event_name":"Golden Wing","floor":13,"gold_loss":0},{"damage_healed":0,"gold_gain":0,"player_choice":"Obtained Relic","damage_taken":0,"relics_obtained":["Darkstone Periapt"],"max_hp_gain":0,"max_hp_loss":0,"event_name":"Addict","floor":19,"gold_loss":85}],"is_beta":false,"boss_relics":[{"not_picked":["White Beast Statue","Fusion Hammer"],"picked":"Nuclear Battery"}],"items_purged_floors":[],"is_endless":false,"potions_floor_spawned":[8,10,12,16,18],"killed_by":"Snecko","ascension_level":20}