{"gold_per_floor":[118,131,149,159,173,173,10,10,33,33,208,225,225,242,242,337,337,355,355,368,368,384,384],"floor_reached":23,"playtime":1610,"items_purged":[],"score":185,"play_id":"92028672-bef9-4c0f-bb33-c8baf542d4a2","local_time":"20190827224310","is_ascension_mode":false,"campfire_choices":[{"data":"Discovery","floor":6,"key":"SMITH"},{"data":"Secret Technique","floor":8,"key":"SMITH"},{"data":"Fiend Fire","floor":10,"key":"SMITH"},{"floor":15,"key":"REST"}],"neow_cost":"PERCENT_DAMAGE","seed_source_timestamp":352940132474307,"circlet_count":0,"master_deck":["Strike_R+1","Strike_R+1","Strike_R+1","Strike_R+1","Defend_R+1","Defend_R+1","Defend_R+1","Defend_R+1","Bash","Discovery+1","Secret Technique+1","Dual Wield","Rupture","Twin Strike","Heavy Blade","Shrug It Off","Fiend Fire+1","Doubt","Reckless Charge","Hemokinesis","Dark Embrace","Flame Barrier","True Grit","Cleave","Clothesline"],"relics":["Burning Blood","Mark of Pain"],"potions_floor_usage":[16,22,23],"damage_taken":[{"damage":2,"enemies":"Small Slimes","floor":1,"turns":4},{"damage":5,"enemies":"2 Louse","floor":2,"turns":2},{"damage":7,"enemies":"Cultist","floor":3,"turns":5},{"damage":0,"enemies":"3 Louse","floor":4,"turns":3},{"damage":11,"enemies":"Red Slaver","floor":5,"turns":3},{"damage":37,"enemies":"Large Slime","floor":12,"turns":9},{"damage":7,"enemies":"3 Louse","floor":14,"turns":4},{"damage":31,"enemies":"The Guardian","floor":16,"turns":7},{"damage":22,"enemies":"Shell Parasite","floor":18,"turns":5},{"damage":0,"enemies":"3 Byrds","floor":20,"turns":4},{"damage":0,"enemies":"Snake Plant","floor":22,"turns":2},{"damage":78,"enemies":"Slavers","floor":23,"turns":5}],"seed_played":"1177330233950022991","potions_obtained":[{"floor":3,"key":"Ancient Potion"},{"floor":4,"key":"SpeedPotion"},{"floor":5,"key":"SmokeBomb"},{"floor":13,"key":"EntropicBrew"},{"floor":18,"key":"SkillPotion"}],"is_trial":false,"path_per_floor":["M","M","M","M","M","R","$","R","T","R","?","M","?","M","R","B",null,"M","?","M","?","M","E"],"character_chosen":"IRONCLAD","items_purchased":["Fiend Fire"],"campfire_rested":1,"item_purchase_floors":[7],"current_hp_per_floor":[60,61,60,66,61,61,61,61,61,61,61,30,30,29,53,28,80,64,64,70,70,76,0],"gold":384,"neow_bonus":"RANDOM_COLORLESS_2","is_prod":false,"is_daily":false,"chose_seed":false,"campfire_upgraded":3,"win_rate":0,"timestamp":1566938590,"path_taken":["M","M","M","M","M","R","$","R","T","R","?","M","?","M","R","BOSS","M","?","M","?","?","E"],"build_version":"2019-06-28","purchased_purges":0,"victory":false,"max_hp_per_floor":[80,80,80,80,80,80,80,80,80,80,80,80,80,80,80,80,80,80,80,80,80,80,80],"card_choices":[{"not_picked":["Bloodletting","Evolve"],"picked":"Dual Wield","floor":1},{"not_picked":["Whirlwind","Pummel"],"picked":"Rupture","floor":2},{"not_picked":["Wild Strike","Clash"],"picked":"Twin Strike","floor":3},{"not_picked":["Wild Strike","Fire Breathing"],"picked":"Heavy Blade","floor":4},{"not_picked":["Sentinel","Warcry"],"picked":"Shrug It Off","floor":5},{"not_picked":["Perfected Strike","Shrug It Off"],"picked":"Reckless Charge","floor":12},{"not_picked":["Armaments","Seeing Red"],"picked":"Hemokinesis","floor":14},{"not_picked":["Juggernaut","Immolate"],"picked":"Dark Embrace","floor":16},{"not_picked":["Searing Blow","Body Slam"],"picked":"Flame Barrier","floor":18},{"not_picked":["Carnage","Hemokinesis+1"],"picked":"True Grit","floor":20},{"not_picked":["Shrug It Off","Thunderclap"],"picked":"Clothesline","floor":22}],"player_experience":115811,"relics_obtained":[],"event_choices":[{"damage_healed":0,"gold_gain":175,"player_choice":"AGREE","damage_taken":0,"max_hp_gain":0,"max_hp_loss":0,"event_name":"Liars Game","floor":11,"gold_loss":0,"cards_obtained":["Doubt"]},{"damage_healed":0,"gold_gain":0,"player_choice":"Got Potions","damage_taken":0,"max_hp_gain":0,"max_hp_loss":0,"event_name":"Lab","floor":13,"gold_loss":0},{"damage_healed":0,"gold_gain":0,"player_choice":"Simplicity","damage_taken":0,"max_hp_gain":0,"max_hp_loss":0,"event_name":"Back to Basics","floor":19,"gold_loss":0,"cards_upgraded":["Strike_R","Strike_R","Strike_R","Strike_R","Strike_R","Defend_R","Defend_R","Defend_R","Defend_R"]},{"damage_healed":0,"gold_gain":0,"cards_transformed":["Strike_R"],"player_choice":"Transformed","damage_taken":0,"max_hp_gain":0,"max_hp_loss":0,"event_name":"Transmorgrifier","floor":21,"gold_loss":0,"cards_obtained":["Cleave"]}],"is_beta":true,"boss_relics":[{"not_picked":["Ectoplasm","Cursed Key"],"picked":"Mark of Pain"}],"items_purged_floors":[],"is_endless":false,"potions_floor_spawned":[3,4,5,18,20],"killed_by":"Slavers","ascension_level":0}