{"gold_per_floor":[118,118,118,132,2,35,35,0,69,69,69,95,109,127,127,222,222,208,223,223,241,241],"floor_reached":22,"playtime":581,"items_purged":[],"score":339,"play_id":"86d5ff11-c49d-4636-a809-4b428e7470fb","local_time":"20190315151826","is_ascension_mode":true,"campfire_choices":[{"data":"Zap","floor":7,"key":"SMITH"},{"data":"Capacitor","floor":10,"key":"SMITH"},{"data":"Seek","floor":15,"key":"SMITH"}],"neow_cost":"NONE","seed_source_timestamp":163460094842230,"circlet_count":0,"master_deck":["AscendersBane","Strike_B","Strike_B","Strike_B","Defend_B","Defend_B","Defend_B","Defend_B","Zap+1","Dualcast","Ball Lightning","Glacier","Ball Lightning","Capacitor+1","Multi-Cast","Coolheaded","Seek+1","Echo Form","Blizzard","Conserve Battery+1","Capacitor"],"relics":["Cracked Core","NeowsBlessing","FaceOfCleric","Du-Vu Doll","Pantograph","Omamori","Cursed Key"],"potions_floor_usage":[18,21],"damage_taken":[{"damage":0,"enemies":"Small Slimes","floor":1,"turns":1},{"damage":0,"enemies":"Cultist","floor":4,"turns":1},{"damage":0,"enemies":"Lagavulin","floor":6,"turns":1},{"damage":17,"enemies":"3 Sentries","floor":12,"turns":6},{"damage":0,"enemies":"Jaw Worm","floor":13,"turns":3},{"damage":9,"enemies":"Large Slime","floor":14,"turns":5},{"damage":24,"enemies":"The Guardian","floor":16,"turns":12},{"damage":17,"enemies":"2 Thieves","floor":18,"turns":4},{"damage":14,"enemies":"Spheric Guardian","floor":19,"turns":5},{"damage":31,"enemies":"Colosseum Slavers","floor":20,"turns":4},{"damage":19,"enemies":"Centurion and Healer","floor":21,"turns":7},{"damage":13,"enemies":"Snake Plant","floor":22,"turns":2}],"seed_played":"-5075878602390818772","potions_obtained":[{"floor":12,"key":"EssenceOfSteel"},{"floor":13,"key":"Regen Potion"},{"floor":16,"key":"Fire Potion"}],"is_trial":false,"path_per_floor":["M","?","$","M","$","E","R","?","T","R","?","E","M","M","R","B",null,"M","M","?","M","M"],"character_chosen":"DEFECT","items_purchased":["Glacier","Ball Lightning"],"campfire_rested":0,"item_purchase_floors":[5,5],"current_hp_per_floor":[68,68,68,69,69,70,70,77,77,77,77,61,62,54,54,56,75,73,60,30,12,0],"gold":241,"neow_bonus":"THREE_ENEMY_KILL","is_prod":false,"is_daily":false,"chose_seed":false,"campfire_upgraded":3,"win_rate":0,"timestamp":1552677506,"path_taken":["M","?","$","?","$","E","R","?","T","R","?","E","M","?","R","BOSS","M","?","?","M","M"],"build_version":"2019-01-23","purchased_purges":0,"victory":false,"max_hp_per_floor":[75,75,75,76,76,77,77,77,77,77,77,78,79,80,80,81,81,82,83,84,85,85],"card_choices":[{"not_picked":["Go for the Eyes","Streamline"],"picked":"Ball Lightning","floor":1},{"not_picked":["Compile Driver","Stack","Rebound"],"picked":"SKIP","floor":4},{"not_picked":["Force Field","Tempest"],"picked":"Capacitor","floor":6},{"not_picked":["Gash","Compile Driver"],"picked":"Coolheaded","floor":12},{"not_picked":["Sweeping Beam","Conserve Battery"],"picked":"Seek","floor":13},{"not_picked":["Turbo","Beam Cell","Redo"],"picked":"SKIP","floor":14},{"not_picked":["All For One","Seek"],"picked":"Echo Form","floor":16},{"not_picked":["Barrage","Steam Power"],"picked":"Blizzard","floor":18},{"not_picked":["Beam Cell","Rebound"],"picked":"Conserve Battery+1","floor":19},{"not_picked":["Recycle","Leap"],"picked":"Capacitor","floor":21}],"player_experience":187576,"relics_obtained":[{"floor":6,"key":"Du-Vu Doll"},{"floor":9,"key":"Pantograph"},{"floor":12,"key":"Omamori"}],"event_choices":[{"damage_healed":0,"gold_gain":0,"player_choice":"Trade","damage_taken":0,"relics_obtained":["FaceOfCleric"],"max_hp_gain":0,"max_hp_loss":0,"event_name":"FaceTrader","floor":2,"gold_loss":0},{"damage_healed":19,"gold_gain":0,"player_choice":"Healed","damage_taken":0,"max_hp_gain":0,"max_hp_loss":0,"event_name":"The Cleric","floor":8,"gold_loss":35},{"damage_healed":0,"gold_gain":0,"cards_transformed":["Strike_B"],"player_choice":"Transformed","damage_taken":0,"max_hp_gain":0,"max_hp_loss":0,"event_name":"Transmorgrifier","floor":11,"gold_loss":0,"cards_obtained":["Multi-Cast"]},{"damage_healed":0,"gold_gain":0,"player_choice":"Fight","damage_taken":0,"max_hp_gain":0,"max_hp_loss":0,"event_name":"Colosseum","floor":20,"gold_loss":0},{"damage_healed":0,"gold_gain":0,"player_choice":"Fled From Nobs","damage_taken":0,"max_hp_gain":0,"max_hp_loss":0,"event_name":"Colosseum","floor":20,"gold_loss":0}],"is_beta":false,"boss_relics":[{"not_picked":["Fusion Hammer","Velvet Choker"],"picked":"Cursed Key"}],"items_purged_floors":[],"is_endless":false,"potions_floor_spawned":[12,13,14,16,20],"killed_by":"Snake Plant","ascension_level":11}