{"gold_per_floor":[117,117,117,117,192,192,218,218,218,241,258,258,183,163,163,239,239,254,285,285,295,295],"floor_reached":22,"playtime":753,"items_purged":[],"score":406,"play_id":"4f6e28ec-3ef8-42ed-a72d-03acd39a70da","local_time":"20190821163922","is_ascension_mode":true,"campfire_choices":[{"data":"Zap","floor":6,"key":"SMITH"},{"data":"Coolheaded","floor":8,"key":"SMITH"},{"floor":15,"key":"RECALL"}],"neow_cost":"NONE","seed_source_timestamp":525052200097288,"circlet_count":0,"master_deck":["AscendersBane","Strike_B","Strike_B","Strike_B","Defend_B","Defend_B","Defend_B","Defend_B","Zap+1","Dualcast","Conserve Battery","Coolheaded+1","Stack","Ball Lightning","Creative AI","Cold Snap","Cold Snap","Ball Lightning","Go for the Eyes","Leap","Buffer","Hologram","Writhe","Defragment"],"relics":["Cracked Core","NeowsBlessing","Oddly Smooth Stone","Blue Candle","Juzu Bracelet","Letter Opener","Odd Mushroom","WarpedTongs","Orrery","Red Mask","Gremlin Horn"],"potions_floor_usage":[19,19,22],"damage_taken":[{"damage":0,"enemies":"Cultist","floor":1,"turns":1},{"damage":0,"enemies":"3 Sentries","floor":7,"turns":1},{"damage":0,"enemies":"The Mushroom Lair","floor":10,"turns":1},{"damage":1,"enemies":"Jaw Worm","floor":11,"turns":4},{"damage":24,"enemies":"The Guardian","floor":16,"turns":11},{"damage":6,"enemies":"Shell Parasite","floor":18,"turns":9},{"damage":25,"enemies":"Masked Bandits","floor":19,"turns":6},{"damage":14,"enemies":"Chosen","floor":21,"turns":7},{"damage":22,"enemies":"3 Cultists","floor":22,"turns":4}],"seed_played":"-1229300342887212994","potions_obtained":[{"floor":7,"key":"Energy Potion"},{"floor":10,"key":"EssenceOfSteel"},{"floor":14,"key":"Block Potion"},{"floor":21,"key":"Explosive Potion"}],"is_trial":false,"path_per_floor":["M","T","?","?","?","R","E","R","T","?","M","?","?","?","R","B",null,"M","?","?","M","M"],"character_chosen":"DEFECT","items_purchased":[],"campfire_rested":0,"item_purchase_floors":[],"current_hp_per_floor":[64,64,57,46,35,35,35,35,35,35,34,34,34,34,34,10,56,50,25,25,11,0],"gold":295,"neow_bonus":"THREE_ENEMY_KILL","is_prod":false,"is_daily":false,"chose_seed":false,"campfire_upgraded":2,"win_rate":0,"timestamp":1566430762,"path_taken":["M","?","?","?","?","R","E","R","T","?","M","?","?","?","R","BOSS","M","?","?","M","M"],"build_version":"2019-08-15","purchased_purges":0,"victory":false,"max_hp_per_floor":[71,71,71,71,71,71,71,71,71,71,71,71,71,71,71,71,71,71,71,71,71,71],"card_choices":[{"not_picked":["Compile Driver","Go for the Eyes"],"picked":"Conserve Battery","floor":1},{"not_picked":["Redo","Stack"],"picked":"Coolheaded","floor":7},{"not_picked":["Redo","Force Field"],"picked":"Stack","floor":10},{"not_picked":["Turbo","Conserve Battery"],"picked":"Ball Lightning","floor":11},{"not_picked":["Hyperbeam","Amplify"],"picked":"Creative AI","floor":16},{"not_picked":["Leap","Sweeping Beam"],"picked":"Cold Snap","floor":17},{"not_picked":["Rebound","Sweeping Beam"],"picked":"Cold Snap","floor":17},{"not_picked":["Coolheaded","Streamline"],"picked":"Ball Lightning","floor":17},{"not_picked":["Aggregate","Melter"],"picked":"Go for the Eyes","floor":17},{"not_picked":["Barrage","Ball Lightning"],"picked":"Leap","floor":17},{"not_picked":["Gash","Coolheaded"],"picked":"Buffer","floor":18},{"not_picked":["Aggregate","Compile Driver+1"],"picked":"Hologram","floor":19},{"not_picked":["Stack","Beam Cell"],"picked":"Defragment","floor":21}],"player_experience":3029072,"relics_obtained":[{"floor":2,"key":"Oddly Smooth Stone"},{"floor":7,"key":"Juzu Bracelet"},{"floor":9,"key":"Letter Opener"},{"floor":10,"key":"Odd Mushroom"},{"floor":19,"key":"Red Mask"}],"event_choices":[{"cards_removed":["Strike_B"],"damage_healed":0,"gold_gain":0,"player_choice":"Card Removal","damage_taken":7,"max_hp_gain":0,"max_hp_loss":0,"event_name":"Golden Wing","floor":3,"gold_loss":0},{"damage_healed":0,"gold_gain":0,"player_choice":"Success","damage_taken":11,"relics_obtained":["Blue Candle"],"max_hp_gain":0,"max_hp_loss":0,"event_name":"Scrap Ooze","floor":4,"gold_loss":0},{"damage_healed":0,"gold_gain":75,"player_choice":"Gather Gold","damage_taken":11,"max_hp_gain":0,"max_hp_loss":0,"event_name":"World of Goop","floor":5,"gold_loss":0},{"damage_healed":0,"gold_gain":0,"player_choice":"Fought Mushrooms","damage_taken":0,"max_hp_gain":0,"max_hp_loss":0,"event_name":"Mushrooms","floor":10,"gold_loss":0},{"damage_healed":0,"gold_gain":0,"player_choice":"Rummage","damage_taken":0,"relics_obtained":["WarpedTongs"],"max_hp_gain":0,"max_hp_loss":0,"event_name":"Accursed Blacksmith","floor":12,"gold_loss":0,"cards_obtained":["Pain"]},{"cards_removed":["Pain"],"damage_healed":0,"gold_gain":0,"player_choice":"Card Removal","damage_taken":0,"max_hp_gain":0,"max_hp_loss":0,"event_name":"The Cleric","floor":13,"gold_loss":75},{"damage_healed":0,"gold_gain":0,"player_choice":"Bought 1 Potion","damage_taken":0,"max_hp_gain":0,"max_hp_loss":0,"event_name":"The Woman in Blue","floor":14,"gold_loss":0},{"damage_healed":0,"gold_gain":0,"player_choice":"Fought Bandits","damage_taken":0,"max_hp_gain":0,"max_hp_loss":0,"event_name":"Masked Bandits","floor":19,"gold_loss":0},{"damage_healed":0,"gold_gain":0,"player_choice":"Opened","damage_taken":0,"relics_obtained":["Gremlin Horn"],"max_hp_gain":0,"max_hp_loss":0,"event_name":"The Mausoleum","floor":20,"gold_loss":0,"cards_obtained":["Writhe"]}],"is_beta":true,"boss_relics":[{"not_picked":["Sozu","Runic Dome"],"picked":"Orrery"}],"items_purged_floors":[],"is_endless":false,"potions_floor_spawned":[7,10,11,21],"killed_by":"3 Cultists","ascension_level":20}