{"gold_per_floor":[117,129,129,147,147,179,179,195,195,230,3,32,66,86,86,181,181,193,93,107,125,125,125,151,151,151,151,184,199,199,210,210,311,311,325,379,379,398,398,398,498,373,441,469,167,183,195,207,207,207,207,207,45,71,71],"floor_reached":55,"playtime":3547,"items_purged":["Strike_R","Defend_R","Second Wind+1","Strike_R+1"],"score":917,"play_id":"e6c3a813-75d4-4a1c-8102-5591f9932f84","local_time":"20190902002343","is_ascension_mode":true,"campfire_choices":[{"floor":7.0,"key":"REST"},{"data":"Shockwave","floor":15.0,"key":"SMITH"},{"data":"Shrug It Off","floor":23.0,"key":"SMITH"},{"data":"Spot Weakness","floor":25.0,"key":"SMITH"},{"floor":27.0,"key":"RECALL"},{"data":"Reaper","floor":32.0,"key":"SMITH"},{"data":"Madness","floor":40.0,"key":"SMITH"},{"data":"Madness","floor":49,"key":"SMITH"},{"floor":52,"key":"REST"}],"neow_cost":"NONE","seed_source_timestamp":519440634797535,"circlet_count":0,"master_deck":["Defend_R+1","Defend_R+1","Bash+1","Shockwave+1","Spot Weakness+1","Reaper+1","Shrug It Off+1","Hemokinesis+1","Disarm+1","Madness+1","Madness+1","Mayhem"],"special_seed":0,"relics":["Burning Blood","Happy Flower","Ginger","Self Forming Clay","PreservedInsect","Odd Mushroom","War Paint","Busted Crown","Nilry\u0027s Codex","Art of War","Kunai","Bag of Marbles","Mummified Hand","Astrolabe","FossilizedHelix","Charon\u0027s Ashes","Bottled Lightning","Letter Opener","Lantern","Champion Belt"],"potions_floor_usage":[44,47],"damage_taken":[{"damage":2.0,"enemies":"Jaw Worm","floor":1.0,"turns":3.0},{"damage":1.0,"enemies":"2 Louse","floor":2.0,"turns":3.0},{"damage":14.0,"enemies":"Small Slimes","floor":4.0,"turns":4.0},{"damage":30.0,"enemies":"3 Sentries","floor":6.0,"turns":8.0},{"damage":1.0,"enemies":"Blue Slaver","floor":8.0,"turns":4.0},{"damage":20.0,"enemies":"Lagavulin","floor":10.0,"turns":5.0},{"damage":10.0,"enemies":"The Mushroom Lair","floor":12.0,"turns":4.0},{"damage":20.0,"enemies":"3 Sentries","floor":13.0,"turns":6.0},{"damage":8.0,"enemies":"3 Louse","floor":14.0,"turns":3.0},{"damage":12.0,"enemies":"The Guardian","floor":16.0,"turns":12.0},{"damage":9.0,"enemies":"Shell Parasite","floor":18.0,"turns":5.0},{"damage":4.0,"enemies":"Chosen","floor":20.0,"turns":6.0},{"damage":41.0,"enemies":"Centurion and Healer","floor":21.0,"turns":9.0},{"damage":22.0,"enemies":"Book of Stabbing","floor":24.0,"turns":4.0},{"damage":8.0,"enemies":"Gremlin Leader","floor":28.0,"turns":5.0},{"damage":33.0,"enemies":"Sentry and Sphere","floor":29.0,"turns":6.0},{"damage":9.0,"enemies":"3 Cultists","floor":31.0,"turns":5.0},{"damage":47.0,"enemies":"Collector","floor":33.0,"turns":7.0},{"damage":29.0,"enemies":"3 Darklings","floor":35.0,"turns":5.0},{"damage":61.0,"enemies":"2 Orb Walkers","floor":36.0,"turns":6.0},{"damage":6.0,"enemies":"Orb Walker","floor":38.0,"turns":4.0},{"damage":12.0,"enemies":"Mind Bloom Boss Battle","floor":41.0,"turns":5.0},{"damage":59,"enemies":"Nemesis","floor":44,"turns":7},{"damage":6,"enemies":"4 Shapes","floor":46,"turns":3},{"damage":4,"enemies":"Transient","floor":47,"turns":5},{"damage":13,"enemies":"Writhing Mass","floor":48,"turns":4},{"damage":62,"enemies":"Time Eater","floor":50,"turns":9},{"damage":30,"enemies":"Shield and Spear","floor":54,"turns":5},{"damage":90,"enemies":"The Heart","floor":55,"turns":8}],"seed_played":"-7607726040197702563","potions_obtained":[{"floor":6.0,"key":"Energy Potion"},{"floor":8.0,"key":"SteroidPotion"},{"floor":10.0,"key":"Fire Potion"},{"floor":14.0,"key":"Explosive Potion"},{"floor":18.0,"key":"Energy Potion"},{"floor":21.0,"key":"SmokeBomb"},{"floor":29.0,"key":"AttackPotion"},{"floor":31.0,"key":"SpeedPotion"},{"floor":33.0,"key":"Energy Potion"},{"floor":38.0,"key":"FearPotion"}],"is_trial":false,"path_per_floor":["M","M","?","M","?","E","R","M","T","E","$","?","E","M","R","B",null,"M","$","M","M","?","R","E","R","T","R","E","M","T","M","R","B",null,"M","?","?","M","?","R","?","$","T","E","$","M","M","M","R","B",null,"R","$","E","B"],"character_chosen":"IRONCLAD","items_purchased":["PreservedInsect","Lantern","Mayhem"],"campfire_rested":2,"item_purchase_floors":[11,45,53],"current_hp_per_floor":[76,80,73,65,49,25,49,54,54,40,40,66,64,80,80,78,80,77,77,80,60,44,44,52,52,52,52,78,51,51,77,77,39,70,80,33,33,46,36,36,30,30,30,8,8,29,44,50,50,56,74,80,80,74,0],"gold":71,"neow_bonus":"RANDOM_COMMON_RELIC","is_prod":false,"is_daily":false,"chose_seed":false,"campfire_upgraded":6,"win_rate":0,"timestamp":1567376623,"path_taken":["M","M","?","M","?","E","R","M","T","E","$","?","E","M","R","BOSS","M","$","M","M","?","R","E","R","T","R","E","M","?","M","R","BOSS","M","?","?","M","?","R","?","?","T","E","$","M","?","M","R","BOSS","R","$","E","BOSS"],"build_version":"2019-07-17","purchased_purges":4,"victory":false,"max_hp_per_floor":[80,80,80,80,80,80,80,80,80,80,80,80,80,80,80,80,80,80,80,80,80,80,80,80,80,80,80,80,80,80,80,80,80,80,80,80,80,80,80,80,80,80,80,80,80,80,80,80,80,80,80,80,80,80,80],"card_choices":[{"not_picked":["Wild Strike","Flex","Dual Wield"],"picked":"SKIP","floor":1.0},{"not_picked":["Flex","Wild Strike"],"picked":"Shockwave","floor":2.0},{"not_picked":["Rage","Sword Boomerang"],"picked":"Spot Weakness","floor":4.0},{"not_picked":["Body Slam","Battle Trance","Ghostly Armor"],"picked":"SKIP","floor":6.0},{"not_picked":["Havoc","Twin Strike","Inflame"],"picked":"SKIP","floor":8.0},{"not_picked":["Feel No Pain","Inflame"],"picked":"Reaper","floor":10.0},{"not_picked":["Havoc","Power Through"],"picked":"Shrug It Off","floor":12.0},{"not_picked":["Perfected Strike","Iron Wave","Thunderclap"],"picked":"SKIP","floor":13.0},{"not_picked":["Shockwave","Clothesline","Sword Boomerang"],"picked":"SKIP","floor":14.0},{"not_picked":["Sever Soul+1"],"picked":"SKIP","floor":18.0},{"not_picked":["Warcry"],"picked":"SKIP","floor":20.0},{"not_picked":["Pummel"],"picked":"SKIP","floor":21.0},{"not_picked":["Rage"],"picked":"SKIP","floor":24.0},{"not_picked":["Cleave"],"picked":"SKIP","floor":28.0},{"not_picked":["Heavy Blade"],"picked":"SKIP","floor":29.0},{"not_picked":["Twin Strike+1"],"picked":"SKIP","floor":31.0},{"not_picked":["Armaments+1"],"picked":"SKIP","floor":35.0},{"not_picked":["Headbutt"],"picked":"SKIP","floor":38.0},{"not_picked":["Armaments"],"picked":"SKIP","floor":44},{"not_picked":["Dropkick+1"],"picked":"SKIP","floor":46},{"not_picked":["Clothesline"],"picked":"SKIP","floor":47},{"not_picked":["Disarm"],"picked":"SKIP","floor":48},{"not_picked":["Disarm"],"picked":"SKIP","floor":54}],"player_experience":153129,"relics_obtained":[{"floor":6.0,"key":"Ginger"},{"floor":10.0,"key":"Self Forming Clay"},{"floor":12.0,"key":"Odd Mushroom"},{"floor":13.0,"key":"War Paint"},{"floor":22.0,"key":"Nilry\u0027s Codex"},{"floor":24.0,"key":"Art of War"},{"floor":26.0,"key":"Kunai"},{"floor":28.0,"key":"Bag of Marbles"},{"floor":30.0,"key":"Mummified Hand"},{"floor":36.0,"key":"FossilizedHelix"},{"floor":41.0,"key":"Charon\u0027s Ashes"},{"floor":43.0,"key":"Bottled Lightning"},{"floor":44,"key":"Letter Opener"},{"floor":54,"key":"Champion Belt"}],"event_choices":[{"cards_removed":["Strike_R"],"damage_healed":0.0,"max_hp_gain":0.0,"max_hp_loss":0.0,"gold_gain":0.0,"event_name":"Golden Wing","player_choice":"Card Removal","floor":3.0,"gold_loss":0.0,"damage_taken":7.0},{"damage_healed":0.0,"max_hp_gain":0.0,"max_hp_loss":0.0,"gold_gain":0.0,"event_name":"Shining Light","player_choice":"Entered Light","floor":5.0,"gold_loss":0.0,"damage_taken":16.0,"cards_upgraded":["Strike_R","Bash"]},{"damage_healed":0.0,"max_hp_gain":0.0,"max_hp_loss":0.0,"gold_gain":0.0,"event_name":"Mushrooms","player_choice":"Fought Mushrooms","floor":12.0,"gold_loss":0.0,"damage_taken":0.0},{"damage_healed":0.0,"max_hp_gain":0.0,"max_hp_loss":0.0,"gold_gain":0.0,"event_name":"Cursed Tome","player_choice":"Obtained Book","floor":22.0,"gold_loss":0.0,"damage_taken":16.0},{"damage_healed":0.0,"max_hp_gain":0.0,"max_hp_loss":0.0,"gold_gain":0.0,"event_name":"Mysterious Sphere","player_choice":"Fight","floor":36.0,"gold_loss":0.0,"damage_taken":0.0},{"damage_healed":0.0,"max_hp_gain":0.0,"max_hp_loss":0.0,"gold_gain":0.0,"event_name":"Tomb of Lord Red Mask","player_choice":"Ignored","floor":37.0,"gold_loss":0.0,"damage_taken":0.0},{"damage_healed":0.0,"max_hp_gain":0.0,"max_hp_loss":0.0,"gold_gain":0.0,"event_name":"Winding Halls","player_choice":"Embrace Madness","floor":39.0,"gold_loss":0.0,"damage_taken":10.0,"cards_obtained":["Madness","Madness"]},{"damage_healed":0.0,"max_hp_gain":0.0,"max_hp_loss":0.0,"gold_gain":0.0,"event_name":"MindBloom","player_choice":"Fight","floor":41.0,"gold_loss":0.0,"damage_taken":0.0}],"is_beta":false,"boss_relics":[{"not_picked":["Eternal Feather","Coffee Dripper"],"picked":"Busted Crown"},{"not_picked":["Fusion Hammer","Snecko Eye"],"picked":"Astrolabe"}],"items_purged_floors":[11,19,42,45],"is_endless":false,"potions_floor_spawned":[6,8,10,14,18,21,29,31,33,35,38],"killed_by":"The Heart","ascension_level":6}