{"gold_per_floor":[109,34,34,45,45,75,75,107,171,215,246,276,320,332,344,427,439,469,396,408,420,451,463,125,125,125,155,155,171,226,226,226,300,300,314,325,30,30,30,56,56,82,82,182,209,10,36,50,50,50],"floor_reached":51,"playtime":1917,"items_purged":["Strike_B"],"score":1688,"play_id":"056d86d2-d45f-40cd-98f8-1f3d551c14ee","local_time":"20190502195301","is_ascension_mode":true,"campfire_choices":[{"data":"Darkness","floor":7,"key":"SMITH"},{"floor":15,"key":"REST"},{"data":"Creative AI","floor":23,"key":"SMITH"},{"data":"Heatsinks","floor":25,"key":"SMITH"},{"data":"Force Field","floor":28,"key":"SMITH"},{"data":"Zap","floor":32,"key":"SMITH"},{"data":"Buffer","floor":41,"key":"SMITH"},{"data":"Multi-Cast","floor":49,"key":"SMITH"}],"neow_cost":"NONE","seed_source_timestamp":1906615203960714,"circlet_count":0,"master_deck":["AscendersBane","Defend_B","Defend_B","Defend_B","Defend_B","Zap+1","Dualcast","Coolheaded","Darkness+1","Hologram","Hyperbeam","Undo","Ball Lightning","Reinforced Body","Creative AI+1","Glacier","Force Field+1","Cold Snap","Loop+1","Heatsinks+1","Static Discharge","Amplify+1","Redo","Machine Learning","Recycle+1","Loop","Buffer+1","Multi-Cast+1","Compile Driver","White Noise","Echo Form","Coolheaded","Undo"],"relics":["Cracked Core","NeowsBlessing","Orichalcum","Letter Opener","MawBank","Anchor","Lantern","Bird Faced Urn","Coffee Dripper","Centennial Puzzle","Mummified Hand","Pen Nib","Regal Pillow","Tiny Chest","Black Star","PreservedInsect","Bronze Scales","Question Card","Bottled Tornado","Bottled Flame","Unceasing Top","Emotion Chip","Juzu Bracelet","Shuriken","Bag of Preparation"],"potions_floor_usage":[8,10,13,18,30,30,42,50],"damage_taken":[{"damage":0,"enemies":"Jaw Worm","floor":1,"turns":1},{"damage":0,"enemies":"Cultist","floor":4,"turns":1},{"damage":0,"enemies":"Gremlin Nob","floor":6,"turns":1},{"damage":19,"enemies":"3 Sentries","floor":8,"turns":7},{"damage":26,"enemies":"Gremlin Nob","floor":10,"turns":5},{"damage":0,"enemies":"2 Louse","floor":11,"turns":2},{"damage":16,"enemies":"Exordium Thugs","floor":12,"turns":4},{"damage":2,"enemies":"Lagavulin","floor":13,"turns":4},{"damage":21,"enemies":"The Guardian","floor":16,"turns":12},{"damage":27,"enemies":"Chosen","floor":18,"turns":9},{"damage":1,"enemies":"Spheric Guardian","floor":22,"turns":8},{"damage":21,"enemies":"Book of Stabbing","floor":27,"turns":6},{"damage":0,"enemies":"Snecko","floor":29,"turns":6},{"damage":11,"enemies":"Slavers","floor":30,"turns":2},{"damage":41,"enemies":"Champ","floor":33,"turns":10},{"damage":6,"enemies":"3 Shapes","floor":35,"turns":5},{"damage":0,"enemies":"Orb Walker","floor":36,"turns":5},{"damage":25,"enemies":"Giant Head","floor":40,"turns":9},{"damage":0,"enemies":"Reptomancer","floor":42,"turns":3},{"damage":0,"enemies":"Mind Bloom Boss Battle","floor":44,"turns":5},{"damage":0,"enemies":"Nemesis","floor":45,"turns":7},{"damage":0,"enemies":"Maw","floor":48,"turns":5},{"damage":83,"enemies":"Awakened One","floor":50,"turns":11}],"seed_played":"-917416416029641661","potions_obtained":[{"floor":6,"key":"PowerPotion"},{"floor":8,"key":"Swift Potion"},{"floor":11,"key":"GamblersBrew"},{"floor":16,"key":"Swift Potion"},{"floor":18,"key":"FearPotion"},{"floor":22,"key":"Energy Potion"},{"floor":33,"key":"PowerPotion"},{"floor":42,"key":"SteroidPotion"}],"is_trial":false,"path_per_floor":["M","$","?","M","?","E","R","E","T","E","M","M","E","$","R","B",null,"M","?","?","?","M","R","$","R","T","E","R","M","E","?","R","B",null,"M","M","$","$","?","E","R","E","T","?","E","$","T","M","R","B",null],"character_chosen":"DEFECT","items_purchased":["Mummified Hand","Heatsinks","PreservedInsect","PowerPotion","Loop","Echo Form","Coolheaded"],"campfire_rested":1,"item_purchase_floors":[24,24,37,37,37,46,46],"current_hp_per_floor":[64,64,64,64,64,64,64,45,45,19,19,3,1,1,22,1,54,47,47,47,47,66,66,66,66,66,60,60,71,60,60,60,35,62,66,71,71,71,71,62,62,71,71,71,71,71,71,71,71,22],"gold":50,"neow_bonus":"THREE_ENEMY_KILL","is_prod":false,"is_daily":false,"chose_seed":false,"campfire_upgraded":7,"win_rate":0,"timestamp":1556841181,"path_taken":["M","$","?","?","?","E","R","E","T","E","?","?","E","$","R","BOSS","M","?","?","?","M","R","$","R","T","E","R","M","E","?","R","BOSS","M","?","?","$","?","E","R","E","T","?","E","$","?","M","R","BOSS"],"build_version":"2019-01-23","purchased_purges":1,"victory":true,"max_hp_per_floor":[71,71,71,71,71,71,71,71,71,71,71,71,71,71,71,71,71,71,71,71,71,71,71,71,71,71,71,71,71,71,71,71,71,71,71,71,71,71,71,71,71,71,71,71,71,71,71,71,71,71],"card_choices":[{"not_picked":["Stack","Redo"],"picked":"Coolheaded","floor":1},{"not_picked":["Beam Cell","Hologram"],"picked":"Darkness","floor":4},{"not_picked":["Conserve Battery","Stack"],"picked":"Hologram","floor":6},{"not_picked":["Fusion","Streamline","Go for the Eyes"],"picked":"SKIP","floor":8},{"not_picked":["Auto Shields","Redo"],"picked":"Hyperbeam","floor":10},{"not_picked":["Auto Shields","Leap"],"picked":"Undo","floor":11},{"not_picked":["Hologram","Redo"],"picked":"Ball Lightning","floor":12},{"not_picked":["Go for the Eyes","Ball Lightning"],"picked":"Reinforced Body","floor":13},{"not_picked":["Multi-Cast","Fission"],"picked":"Creative AI","floor":16},{"not_picked":["Turbo","Go for the Eyes","Sweeping Beam"],"picked":"SKIP","floor":18},{"not_picked":["Fusion","Barrage"],"picked":"Loop+1","floor":22},{"not_picked":["Coolheaded","Ball Lightning"],"picked":"Static Discharge","floor":27},{"not_picked":["Redo","Coolheaded"],"picked":"Amplify","floor":29},{"not_picked":["Barrage","Go for the Eyes"],"picked":"Redo","floor":30},{"not_picked":["All For One","Fission"],"picked":"Machine Learning","floor":33},{"not_picked":["Barrage","Go for the Eyes+1","Gash"],"picked":"SKIP","floor":35},{"not_picked":["Conserve Battery","Streamline"],"picked":"Recycle+1","floor":36},{"not_picked":["Streamline+1","Rip and Tear+1"],"picked":"Buffer","floor":40},{"not_picked":["Go for the Eyes+1","Barrage","Turbo"],"picked":"Multi-Cast","floor":42},{"not_picked":["Barrage","Streamline","Sweeping Beam"],"picked":"Compile Driver","floor":44},{"not_picked":["Self Repair+1","Redo","Genetic Algorithm"],"picked":"White Noise","floor":45},{"not_picked":["Leap","Turbo","Barrage"],"picked":"Undo","floor":48}],"player_experience":319870,"relics_obtained":[{"floor":3,"key":"Orichalcum"},{"floor":6,"key":"Letter Opener"},{"floor":8,"key":"MawBank"},{"floor":9,"key":"Anchor"},{"floor":10,"key":"Lantern"},{"floor":13,"key":"Bird Faced Urn"},{"floor":26,"key":"Pen Nib"},{"floor":27,"key":"Regal Pillow"},{"floor":30,"key":"Tiny Chest"},{"floor":40,"key":"Bronze Scales"},{"floor":40,"key":"Question Card"},{"floor":42,"key":"Bottled Tornado"},{"floor":42,"key":"Bottled Flame"},{"floor":43,"key":"Unceasing Top"},{"floor":44,"key":"Emotion Chip"},{"floor":45,"key":"Juzu Bracelet"},{"floor":45,"key":"Shuriken"},{"floor":47,"key":"Bag of Preparation"}],"event_choices":[{"damage_healed":0,"gold_gain":0,"player_choice":"Relic","damage_taken":0,"max_hp_gain":0,"max_hp_loss":0,"event_name":"Wheel of Change","floor":3,"gold_loss":0},{"cards_removed":["Strike_B"],"damage_healed":0,"gold_gain":0,"player_choice":"Offered Basic","damage_taken":0,"max_hp_gain":0,"max_hp_loss":0,"event_name":"Bonfire Elementals","floor":5,"gold_loss":0},{"damage_healed":0,"gold_gain":0,"player_choice":"Obtained Relic","damage_taken":0,"relics_obtained":["Centennial Puzzle"],"max_hp_gain":0,"max_hp_loss":0,"event_name":"Addict","floor":19,"gold_loss":85},{"damage_healed":0,"gold_gain":0,"cards_transformed":["Strike_B","Strike_B"],"player_choice":"Became Test Subject","damage_taken":0,"max_hp_gain":0,"max_hp_loss":0,"event_name":"Drug Dealer","floor":20,"gold_loss":0,"cards_obtained":["Glacier","Force Field"]},{"damage_healed":0,"gold_gain":0,"player_choice":"Read","damage_taken":0,"max_hp_gain":0,"max_hp_loss":0,"event_name":"The Library","floor":21,"gold_loss":0,"cards_obtained":["Cold Snap"]},{"damage_healed":0,"gold_gain":0,"player_choice":"Forge","damage_taken":0,"max_hp_gain":0,"max_hp_loss":0,"event_name":"Accursed Blacksmith","floor":31,"gold_loss":0,"cards_upgraded":["Amplify"]},{"damage_healed":0,"gold_gain":0,"player_choice":"Ignored","damage_taken":0,"max_hp_gain":0,"max_hp_loss":0,"event_name":"Mysterious Sphere","floor":39,"gold_loss":0},{"damage_healed":0,"gold_gain":0,"player_choice":"Fight","damage_taken":0,"max_hp_gain":0,"max_hp_loss":0,"event_name":"MindBloom","floor":44,"gold_loss":0}],"is_beta":false,"boss_relics":[{"not_picked":["Ectoplasm","Philosopher\u0027s Stone"],"picked":"Coffee Dripper"},{"not_picked":["Calling Bell","Nuclear Battery"],"picked":"Black Star"}],"items_purged_floors":[2],"is_endless":false,"potions_floor_spawned":[6,8,11,16,18,22,33,40,42,45],"ascension_level":17}