{"gold_per_floor":[115,115,40,40,40,40,68,86,86,120,120,138,238,249,249,249],"floor_reached":16,"playtime":338,"items_purged":["Strike_G"],"score":266,"play_id":"033773cc-17df-4363-92b0-41a2ca1776f0","local_time":"20190827214019","is_ascension_mode":true,"campfire_choices":[{"data":"Neutralize","floor":6.0,"key":"SMITH"},{"floor":11.0,"key":"REST"},{"data":"Deadly Poison","floor":15.0,"key":"SMITH"}],"neow_cost":"NONE","seed_source_timestamp":948596601737615,"circlet_count":0,"master_deck":["AscendersBane","Strike_G","Strike_G","Strike_G","Strike_G","Defend_G","Defend_G","Defend_G","Defend_G","Defend_G","Survivor","Neutralize+1","Flying Knee+1","Die Die Die","Deadly Poison+1","Blur"],"special_seed":0,"relics":["Ring of the Snake","NeowsBlessing","Omamori","Art of War","Ornamental Fan","Thread and Needle"],"potions_floor_usage":[16,16],"damage_taken":[{"damage":0.0,"enemies":"Small Slimes","floor":1.0,"turns":1.0},{"damage":0.0,"enemies":"Gremlin Nob","floor":7.0,"turns":1.0},{"damage":0.0,"enemies":"Jaw Worm","floor":8.0,"turns":1.0},{"damage":38.0,"enemies":"Lagavulin","floor":10.0,"turns":10.0},{"damage":0.0,"enemies":"2 Louse","floor":12.0,"turns":2.0},{"damage":0.0,"enemies":"Large Slime","floor":14.0,"turns":6.0},{"damage":46,"enemies":"Slime Boss","floor":16,"turns":9}],"seed_played":"-4489632461103310691","potions_obtained":[{"floor":10.0,"key":"FearPotion"},{"floor":12.0,"key":"Regen Potion"}],"is_trial":false,"path_per_floor":["M","?","$","?","?","R","E","M","T","E","R","M","?","M","R","B"],"character_chosen":"THE_SILENT","items_purchased":[],"campfire_rested":1,"item_purchase_floors":[],"current_hp_per_floor":[59,48,48,48,48,48,48,48,48,10,29,29,29,29,29,0],"gold":249,"neow_bonus":"THREE_ENEMY_KILL","is_prod":false,"is_daily":false,"chose_seed":false,"campfire_upgraded":2,"win_rate":0,"timestamp":1566956419,"path_taken":["M","?","$","?","?","R","E","M","T","E","R","M","?","M","R","BOSS"],"build_version":"2019-07-17","purchased_purges":1,"victory":false,"max_hp_per_floor":[66,66,66,66,66,66,66,66,66,66,66,66,66,66,66,66],"card_choices":[{"not_picked":["Bane","Masterful Stab"],"picked":"Flying Knee","floor":1.0},{"not_picked":["Bane","Blur"],"picked":"Die Die Die","floor":7.0},{"not_picked":["Slice","Distraction","Quick Slash"],"picked":"SKIP","floor":8.0},{"not_picked":["Masterful Stab","Outmaneuver"],"picked":"Deadly Poison","floor":10.0},{"not_picked":["Sucker Punch","Slice","Prepared"],"picked":"SKIP","floor":12.0},{"not_picked":["Acrobatics","Backflip"],"picked":"Blur","floor":14.0}],"player_experience":609535,"relics_obtained":[{"floor":7.0,"key":"Art of War"},{"floor":9.0,"key":"Ornamental Fan"},{"floor":10.0,"key":"Thread and Needle"}],"event_choices":[{"damage_healed":0.0,"max_hp_gain":0.0,"max_hp_loss":0.0,"gold_gain":0.0,"event_name":"Scrap Ooze","player_choice":"Success","floor":2.0,"gold_loss":0.0,"damage_taken":11.0,"relics_obtained":["Omamori"]},{"damage_healed":0.0,"max_hp_gain":0.0,"max_hp_loss":0.0,"gold_gain":0.0,"event_name":"Living Wall","player_choice":"Grow","floor":4.0,"gold_loss":0.0,"damage_taken":0.0,"cards_upgraded":["Flying Knee"]},{"damage_healed":0.0,"max_hp_gain":0.0,"max_hp_loss":0.0,"gold_gain":0.0,"event_name":"Liars Game","player_choice":"Ignored","floor":5.0,"gold_loss":0.0,"damage_taken":0.0},{"damage_healed":0.0,"max_hp_gain":0.0,"max_hp_loss":0.0,"gold_gain":100.0,"event_name":"Wheel of Change","player_choice":"Gold","floor":13.0,"gold_loss":0.0,"damage_taken":0.0}],"is_beta":false,"boss_relics":[],"items_purged_floors":[3],"is_endless":false,"potions_floor_spawned":[10,12],"killed_by":"Slime Boss","ascension_level":20}