{"gold_per_floor":[119,134,31,31,44,70,90,106,106,116,116,135,135,32,32,32],"floor_reached":16,"playtime":10601,"items_purged":[],"score":208,"play_id":"231d3638-1b6f-4d93-aa5a-0083ffeca2ba","local_time":"20190623082307","is_ascension_mode":true,"campfire_choices":[{"data":"Uppercut","floor":13,"key":"SMITH"},{"data":"Disarm","floor":15,"key":"SMITH"}],"neow_cost":"NONE","seed_source_timestamp":86008555921161,"circlet_count":0,"master_deck":["AscendersBane","Strike_R+1","Strike_R","Strike_R","Strike_R","Defend_R+1","Defend_R","Defend_R","Defend_R","Bash","Iron Wave","Battle Trance","Shrug It Off","Whirlwind","Uppercut+1","Disarm+1","Pommel Strike"],"relics":["Burning Blood","NeowsBlessing","Incense Burner","Gremlin Horn"],"potions_floor_usage":[2,6,12,12,16],"damage_taken":[{"damage":0,"enemies":"Small Slimes","floor":1,"turns":1},{"damage":0,"enemies":"Cultist","floor":2,"turns":1},{"damage":0,"enemies":"Jaw Worm","floor":5,"turns":1},{"damage":22,"enemies":"3 Sentries","floor":6,"turns":6},{"damage":14,"enemies":"Red Slaver","floor":7,"turns":5},{"damage":6,"enemies":"Blue Slaver","floor":8,"turns":6},{"damage":1,"enemies":"Lots of Slimes","floor":10,"turns":3},{"damage":13,"enemies":"Exordium Wildlife","floor":12,"turns":6},{"damage":31,"enemies":"Hexaghost","floor":16,"turns":12}],"seed_played":"-4127263039383215231","potions_obtained":[{"floor":1,"key":"Dexterity Potion"},{"floor":2,"key":"Fruit Juice"},{"floor":5,"key":"PowerPotion"},{"floor":7,"key":"AttackPotion"}],"is_trial":false,"path_per_floor":["M","M","$","?","M","E","M","M","T","M","?","M","R","$","R","B"],"character_chosen":"IRONCLAD","items_purchased":["Shrug It Off","Whirlwind","Pommel Strike","Poison Potion"],"campfire_rested":0,"item_purchase_floors":[3,3,14,14],"current_hp_per_floor":[74,80,80,80,80,64,56,56,56,61,37,30,30,30,30,0],"gold":32,"neow_bonus":"THREE_ENEMY_KILL","is_prod":false,"is_daily":false,"chose_seed":false,"campfire_upgraded":2,"win_rate":0,"timestamp":1561292587,"path_taken":["M","M","$","?","?","E","M","M","T","M","?","M","R","$","R","BOSS"],"build_version":"2019-01-23","purchased_purges":0,"victory":false,"max_hp_per_floor":[75,80,80,80,80,80,80,80,80,80,80,80,80,80,80,80],"card_choices":[{"not_picked":["Combust","Clothesline"],"picked":"Iron Wave","floor":1},{"not_picked":["Clash","Sentinel"],"picked":"Battle Trance","floor":2},{"not_picked":["True Grit","Pommel Strike"],"picked":"Uppercut","floor":5},{"not_picked":["Reckless Charge","Cleave","Havoc"],"picked":"SKIP","floor":6},{"not_picked":["Anger","Wild Strike","Intimidate"],"picked":"SKIP","floor":7},{"not_picked":["Fire Breathing","Corruption","Perfected Strike"],"picked":"SKIP","floor":8},{"not_picked":["Flex","Heavy Blade","Thunderclap"],"picked":"SKIP","floor":10},{"not_picked":["Thunderclap","Shrug It Off"],"picked":"Disarm","floor":12}],"player_experience":443610,"relics_obtained":[{"floor":6,"key":"Incense Burner"},{"floor":9,"key":"Gremlin Horn"}],"event_choices":[{"cards_removed":["Strike_R"],"damage_healed":0,"gold_gain":0,"player_choice":"Purged","damage_taken":0,"max_hp_gain":0,"max_hp_loss":0,"event_name":"Purifier","floor":4,"gold_loss":0},{"damage_healed":0,"gold_gain":0,"player_choice":"Entered Light","damage_taken":24,"max_hp_gain":0,"max_hp_loss":0,"event_name":"Shining Light","floor":11,"gold_loss":0,"cards_upgraded":["Strike_R","Defend_R"]}],"is_beta":false,"boss_relics":[],"items_purged_floors":[],"is_endless":false,"potions_floor_spawned":[1,2,5,7,10],"killed_by":"Hexaghost","ascension_level":20}