{"gold_per_floor":[116,41,55,55,75,75,101,101,153,153,216,57,67,81,81,184,184,194,194,194,206,112,112,138,148,203,221,221,232,232,252,252,354,354,370,380,406,68,83,83,83],"floor_reached":41,"playtime":1668,"items_purged":["Strike_G"],"score":660,"play_id":"60f49b04-c083-402a-984d-f229c3dd4de1","local_time":"20190228185039","is_ascension_mode":true,"campfire_choices":[{"data":"Cloak And Dagger","floor":6.0,"key":"SMITH"},{"floor":10.0,"key":"REST"},{"floor":15.0,"key":"REST"},{"floor":23.0,"key":"REST"},{"floor":28,"key":"REST"},{"floor":32,"key":"REST"},{"data":"Footwork","floor":40,"key":"SMITH"}],"neow_cost":"NONE","seed_source_timestamp":0,"circlet_count":0,"master_deck":["AscendersBane","Defend_G","Defend_G","Defend_G","Defend_G","Strike_G+1","Strike_G+1","Strike_G+1","Survivor","Cloak And Dagger+1","Poisoned Stab","Bouncing Flask+1","Cloak And Dagger","Noxious Fumes","Blur","Sucker Punch","After Image","Flying Knee+1","Riddle With Holes+1","Deadly Poison+1","PiercingWail","Terror+1","Cloak And Dagger","Bullet Time+1","Escape Plan+1","Noxious Fumes","Cloak And Dagger+1","Calculated Gamble+1","Night Terror+1","Footwork","Footwork+1","Cloak And Dagger+1","Dagger Spray+1"],"special_seed":0,"relics":["Ring of the Snake","Whetstone","Art of War","Blood Vial","Tiny Chest","Astrolabe","Enchiridion","Toxic Egg 2","Snake Skull","Eternal Feather","Anchor","Bottled Lightning"],"potions_floor_usage":[24,25,27,31,33,41],"damage_taken":[{"damage":0.0,"enemies":"Cultist","floor":1.0,"turns":3.0},{"damage":0.0,"enemies":"Jaw Worm","floor":3.0,"turns":5.0},{"damage":1.0,"enemies":"Small Slimes","floor":5.0,"turns":4.0},{"damage":29.0,"enemies":"3 Sentries","floor":7.0,"turns":10.0},{"damage":31.0,"enemies":"Lagavulin","floor":11.0,"turns":6.0},{"damage":1.0,"enemies":"Exordium Thugs","floor":13.0,"turns":5.0},{"damage":0.0,"enemies":"Red Slaver","floor":14.0,"turns":4.0},{"damage":13.0,"enemies":"The Guardian","floor":16.0,"turns":13.0},{"damage":26.0,"enemies":"2 Thieves","floor":18.0,"turns":5.0},{"damage":18.0,"enemies":"Spheric Guardian","floor":21.0,"turns":5.0},{"damage":34,"enemies":"Slavers","floor":24,"turns":9},{"damage":11,"enemies":"Shelled Parasite and Fungi","floor":25,"turns":5},{"damage":6,"enemies":"Cultist and Chosen","floor":27,"turns":6},{"damage":8,"enemies":"Sentry and Sphere","floor":29,"turns":5},{"damage":6,"enemies":"Snecko","floor":31,"turns":4},{"damage":26,"enemies":"Champ","floor":33,"turns":11},{"damage":8,"enemies":"Orb Walker","floor":35,"turns":5},{"damage":6,"enemies":"3 Shapes","floor":36,"turns":7},{"damage":12,"enemies":"Jaw Worm Horde","floor":39,"turns":6},{"damage":65,"enemies":"Sphere and 2 Shapes","floor":41,"turns":3}],"seed_played":"-3449713087997690956","potions_obtained":[{"floor":1.0,"key":"GamblersBrew"},{"floor":13.0,"key":"Explosive Potion"},{"floor":14.0,"key":"SpeedPotion"},{"floor":18.0,"key":"EssenceOfSteel"},{"floor":29,"key":"Ancient Potion"},{"floor":31,"key":"FearPotion"},{"floor":35,"key":"Explosive Potion"}],"is_trial":false,"path_per_floor":["M","$","M","?","M","R","E","?","T","R","E","$","M","M","R","B",null,"M","?","?","M","$","R","E","M","T","M","R","M","?","M","R","B",null,"M","M","T","$","M","R","M"],"character_chosen":"THE_SILENT","items_purchased":["Noxious Fumes","Blur","Cloak And Dagger","Dexterity Potion","Footwork","Cloak And Dagger+1","Bottled Lightning"],"campfire_rested":5,"item_purchase_floors":[12,12,22,22,38,38,38],"current_hp_per_floor":[63,63,63,63,62,62,33,19,19,40,11,11,12,14,35,24,59,35,19,42,26,26,47,15,6,6,2,23,17,17,13,34,10,55,49,45,45,45,35,53,0],"gold":83,"neow_bonus":"RANDOM_COMMON_RELIC","is_prod":false,"is_daily":false,"chose_seed":false,"campfire_upgraded":2,"win_rate":0,"timestamp":1551397839,"path_taken":["M","?","M","?","?","R","E","?","T","R","E","$","M","M","R","BOSS","M","?","?","M","$","R","E","M","T","M","R","M","?","M","R","BOSS","M","M","?","$","M","R","M"],"build_version":"2019-01-23","purchased_purges":1,"victory":false,"max_hp_per_floor":[70,70,70,70,70,70,70,70,70,70,70,70,70,70,70,70,70,70,70,70,70,70,70,70,70,70,70,70,70,70,70,70,70,70,70,70,70,70,70,70,70],"card_choices":[{"not_picked":["Expertise","Flying Knee"],"picked":"Cloak And Dagger","floor":1.0},{"not_picked":["Bane","Cloak And Dagger"],"picked":"Poisoned Stab","floor":3.0},{"not_picked":["Deflect","Flechettes"],"picked":"Bouncing Flask","floor":5.0},{"not_picked":["Outmaneuver","Accuracy"],"picked":"Cloak And Dagger","floor":7.0},{"not_picked":["Setup","Doppelganger","Riddle With Holes"],"picked":"SKIP","floor":11.0},{"not_picked":["Slice","Dagger Throw"],"picked":"Sucker Punch","floor":13.0},{"not_picked":["Quick Slash","Underhanded Strike","Concentrate"],"picked":"SKIP","floor":14.0},{"not_picked":["Night Terror","Envenom"],"picked":"After Image","floor":16.0},{"not_picked":["Crippling Poison","Poisoned Stab+1"],"picked":"PiercingWail","floor":18.0},{"not_picked":["Poisoned Stab","Bane"],"picked":"Terror+1","floor":21.0},{"not_picked":["Grand Finale","Dagger Throw+1"],"picked":"Bullet Time","floor":24},{"not_picked":["Accuracy","Infinite Blades","Sucker Punch"],"picked":"SKIP","floor":25},{"not_picked":["Dagger Throw","Poisoned Stab+1"],"picked":"Escape Plan+1","floor":27},{"not_picked":["Infinite Blades+1","Bane"],"picked":"Noxious Fumes","floor":29},{"not_picked":["Acrobatics+1","Quick Slash"],"picked":"Calculated Gamble+1","floor":31},{"not_picked":["Doppelganger+1","After Image"],"picked":"Night Terror+1","floor":33},{"not_picked":["Concentrate+1","Deadly Poison+1"],"picked":"Footwork","floor":35},{"not_picked":["Caltrops","Choke+1","Underhanded Strike+1"],"picked":"SKIP","floor":36},{"not_picked":["Bane","Quick Slash"],"picked":"Dagger Spray+1","floor":39}],"player_experience":149809,"relics_obtained":[{"floor":7.0,"key":"Art of War"},{"floor":9.0,"key":"Blood Vial"},{"floor":11.0,"key":"Tiny Chest"},{"floor":19.0,"key":"Enchiridion"},{"floor":24,"key":"Toxic Egg 2"},{"floor":26,"key":"Snake Skull"},{"floor":37,"key":"Anchor"}],"event_choices":[{"damage_healed":0.0,"max_hp_gain":0.0,"max_hp_loss":0.0,"gold_gain":0.0,"cards_transformed":["Strike_G"],"event_name":"Transmorgrifier","player_choice":"Transformed","floor":4.0,"gold_loss":0.0,"damage_taken":0.0,"cards_obtained":["Choke"]},{"damage_healed":0.0,"max_hp_gain":0.0,"max_hp_loss":0.0,"gold_gain":0.0,"event_name":"Shining Light","player_choice":"Entered Light","floor":8.0,"gold_loss":0.0,"damage_taken":14.0,"cards_upgraded":["Bouncing Flask","Strike_G"]},{"damage_healed":0.0,"max_hp_gain":0.0,"max_hp_loss":0.0,"gold_gain":0.0,"event_name":"Cursed Tome","player_choice":"Obtained Book","floor":19.0,"gold_loss":0.0,"damage_taken":16.0},{"damage_healed":23.0,"max_hp_gain":0.0,"max_hp_loss":0.0,"gold_gain":0.0,"event_name":"The Library","player_choice":"Heal","floor":20.0,"gold_loss":0.0,"damage_taken":0.0},{"damage_healed":0,"gold_gain":0,"player_choice":"Copied","damage_taken":0,"max_hp_gain":0,"max_hp_loss":0,"event_name":"Duplicator","floor":30,"gold_loss":0,"cards_obtained":["Cloak And Dagger"]}],"is_beta":false,"boss_relics":[{"not_picked":["White Beast Statue","Lizard Tail"],"picked":"Astrolabe"},{"not_picked":["Pandora\u0027s Box","Tiny House"],"picked":"Eternal Feather"}],"items_purged_floors":[2],"is_endless":false,"potions_floor_spawned":[1,13,14,18,29,31,35],"killed_by":"Sphere and 2 Shapes","ascension_level":10}