{"gold_per_floor":[109,120,120,132,132,161,161,189,189,189,114,125,135,207,207,285,285,297,297,14,32,52,52,84,94,141,141,174,174,189,208,208,208],"floor_reached":33,"playtime":803,"items_purged":["Strike_G","Strike_G"],"score":644,"play_id":"553b4d84-13cb-4b00-a3f2-3677ae7d7cd3","local_time":"20190902175328","is_ascension_mode":true,"campfire_choices":[{"data":"A Thousand Cuts","floor":7.0,"key":"SMITH"},{"data":"Bouncing Flask","floor":10.0,"key":"SMITH"},{"data":"Noxious Fumes","floor":15.0,"key":"SMITH"},{"floor":23.0,"key":"REST"},{"floor":27.0,"key":"REST"},{"floor":32.0,"key":"REST"}],"neow_cost":"NONE","seed_source_timestamp":1452982192652111,"circlet_count":0,"master_deck":["AscendersBane","Strike_G","Strike_G","Strike_G","Defend_G+1","Defend_G","Defend_G+1","Defend_G","Defend_G","Survivor","Neutralize","Flying Knee","Dagger Throw","Neutralize","A Thousand Cuts+1","Corpse Explosion+1","Deflect","Bouncing Flask+1","Catalyst","Noxious Fumes+1","Die Die Die","RitualDagger","Footwork","Cloak And Dagger","Backstab","Calculated Gamble+1","Backstab","Bullet Time","Catalyst"],"special_seed":0,"relics":["Ring of the Snake","NeowsBlessing","Happy Flower","Bottled Lightning","Strawberry","Sundial","Busted Crown","Pen Nib","Boot","War Paint"],"potions_floor_usage":[33,33],"damage_taken":[{"damage":0.0,"enemies":"2 Louse","floor":1.0,"turns":1.0},{"damage":0.0,"enemies":"Cultist","floor":2.0,"turns":1.0},{"damage":0.0,"enemies":"Small Slimes","floor":4.0,"turns":1.0},{"damage":12.0,"enemies":"3 Sentries","floor":6.0,"turns":3.0},{"damage":16.0,"enemies":"Lagavulin","floor":8.0,"turns":7.0},{"damage":8.0,"enemies":"Exordium Thugs","floor":12.0,"turns":4.0},{"damage":5.0,"enemies":"Exordium Wildlife","floor":13.0,"turns":3.0},{"damage":16.0,"enemies":"Hexaghost","floor":16.0,"turns":8.0},{"damage":0.0,"enemies":"3 Byrds","floor":18.0,"turns":2.0},{"damage":13.0,"enemies":"2 Thieves","floor":21.0,"turns":3.0},{"damage":0.0,"enemies":"3 Cultists","floor":22.0,"turns":2.0},{"damage":15.0,"enemies":"Gremlin Leader","floor":24.0,"turns":6.0},{"damage":14.0,"enemies":"Centurion and Healer","floor":25.0,"turns":3.0},{"damage":34.0,"enemies":"Book of Stabbing","floor":28.0,"turns":5.0},{"damage":21.0,"enemies":"Snake Plant","floor":30.0,"turns":3.0},{"damage":0.0,"enemies":"3 Cultists","floor":31.0,"turns":2.0},{"damage":26,"enemies":"Collector","floor":33,"turns":6}],"seed_played":"5895928324800371477","potions_obtained":[{"floor":2.0,"key":"SteroidPotion"},{"floor":6.0,"key":"Weak Potion"},{"floor":12.0,"key":"Ancient Potion"},{"floor":16.0,"key":"Dexterity Potion"},{"floor":31.0,"key":"Poison Potion"}],"is_trial":false,"path_per_floor":["M","M","?","M","?","E","R","E","T","R","$","M","M","T","R","B",null,"M","?","$","M","M","R","E","M","T","R","E","?","M","M","R","B"],"character_chosen":"THE_SILENT","items_purchased":["Footwork","Cloak And Dagger","Backstab"],"campfire_rested":3,"item_purchase_floors":[20,20,20],"current_hp_per_floor":[59,59,59,59,59,47,47,31,38,38,38,30,25,25,25,9,57,57,51,51,38,38,59,44,30,30,51,17,32,11,11,32,6],"gold":208,"neow_bonus":"THREE_ENEMY_KILL","is_prod":false,"is_daily":false,"chose_seed":false,"campfire_upgraded":3,"win_rate":0,"timestamp":1567461208,"path_taken":["M","M","?","?","?","E","R","E","T","R","$","?","M","?","R","BOSS","M","?","$","M","M","R","E","M","T","R","E","?","M","M","R","BOSS"],"build_version":"2019-07-17","purchased_purges":2,"victory":false,"max_hp_per_floor":[66,66,66,66,66,66,66,66,73,73,73,73,73,73,73,73,73,73,73,73,73,73,73,73,73,73,73,73,73,73,73,73,73],"card_choices":[{"not_picked":["Deflect","PiercingWail"],"picked":"Flying Knee","floor":1.0},{"not_picked":["Quick Slash","Riddle With Holes"],"picked":"Dagger Throw","floor":2.0},{"not_picked":["Deadly Poison","Cloak And Dagger"],"picked":"Corpse Explosion","floor":4.0},{"not_picked":["Deadly Poison","Dagger Throw"],"picked":"Deflect","floor":6.0},{"not_picked":["Sucker Punch","Underhanded Strike"],"picked":"Bouncing Flask","floor":8.0},{"not_picked":["Concentrate","Dagger Throw"],"picked":"Catalyst","floor":12.0},{"not_picked":["Quick Slash","A Thousand Cuts"],"picked":"Noxious Fumes","floor":13.0},{"not_picked":["A Thousand Cuts","Venomology"],"picked":"Die Die Die","floor":16.0},{"not_picked":["Bane"],"picked":"SKIP","floor":18.0},{"not_picked":["All Out Attack"],"picked":"SKIP","floor":21.0},{"not_picked":[],"picked":"Calculated Gamble+1","floor":22.0},{"not_picked":[],"picked":"Backstab","floor":24.0},{"not_picked":["Outmaneuver"],"picked":"SKIP","floor":25.0},{"not_picked":[],"picked":"Bullet Time","floor":28.0},{"not_picked":["Underhanded Strike"],"picked":"SKIP","floor":30.0},{"not_picked":[],"picked":"Catalyst","floor":31.0}],"player_experience":624105,"relics_obtained":[{"floor":6.0,"key":"Happy Flower"},{"floor":8.0,"key":"Bottled Lightning"},{"floor":9.0,"key":"Strawberry"},{"floor":14.0,"key":"Sundial"},{"floor":24.0,"key":"Pen Nib"},{"floor":26.0,"key":"Boot"},{"floor":28.0,"key":"War Paint"}],"event_choices":[{"damage_healed":0.0,"max_hp_gain":0.0,"max_hp_loss":0.0,"gold_gain":0.0,"event_name":"Match and Keep!","player_choice":"2 cards matched","floor":3.0,"gold_loss":0.0,"damage_taken":0.0,"cards_obtained":["Neutralize","A Thousand Cuts"]},{"damage_healed":0.0,"max_hp_gain":0.0,"max_hp_loss":0.0,"gold_gain":0.0,"event_name":"Upgrade Shrine","player_choice":"Upgraded","floor":5.0,"gold_loss":0.0,"damage_taken":0.0,"cards_upgraded":["Corpse Explosion"]},{"damage_healed":0.0,"max_hp_gain":0.0,"max_hp_loss":0.0,"gold_gain":0.0,"event_name":"Nest","player_choice":"Joined the Cult","floor":19.0,"gold_loss":0.0,"damage_taken":6.0,"cards_obtained":["RitualDagger"]},{"damage_healed":15.0,"max_hp_gain":0.0,"max_hp_loss":0.0,"gold_gain":0.0,"event_name":"The Library","player_choice":"Heal","floor":29.0,"gold_loss":0.0,"damage_taken":0.0}],"is_beta":false,"boss_relics":[{"not_picked":["Ring of the Serpent","Philosopher\u0027s Stone"],"picked":"Busted Crown"}],"items_purged_floors":[11,20],"is_endless":false,"potions_floor_spawned":[2,6,12,16,21,22,25,31],"killed_by":"Collector","ascension_level":20}