{"gold_per_floor":[109,128,128,128,141,171,185,218,272,282,37,37,48,82,82,82],"floor_reached":16,"playtime":1207,"items_purged":[],"score":251,"play_id":"24693694-faa9-4ab4-9a34-78d8f2e77627","local_time":"20190820221507","is_ascension_mode":true,"campfire_choices":[{"data":"Whirlwind","floor":12.0,"key":"SMITH"},{"data":"Bash","floor":15.0,"key":"SMITH"}],"neow_cost":"NONE","seed_source_timestamp":0,"circlet_count":0,"master_deck":["AscendersBane","Strike_R","Strike_R","Strike_R","Strike_R","Defend_R","Defend_R","Defend_R","Defend_R","Bash+1","Clash","Clothesline","Whirlwind+1","Sword Boomerang","Feed+1","Thunderclap","Body Slam","Spot Weakness","Immolate+1","Corruption","Feed"],"special_seed":0,"relics":["Burning Blood","Mango","Paper Frog","Art of War","PreservedInsect","Oddly Smooth Stone","Whetstone"],"potions_floor_usage":[16,16],"damage_taken":[{"damage":7.0,"enemies":"Jaw Worm","floor":1.0,"turns":3.0},{"damage":4.0,"enemies":"Small Slimes","floor":2.0,"turns":3.0},{"damage":0.0,"enemies":"Cultist","floor":5.0,"turns":3.0},{"damage":50.0,"enemies":"3 Sentries","floor":6.0,"turns":9.0},{"damage":16.0,"enemies":"3 Louse","floor":7.0,"turns":3.0},{"damage":30.0,"enemies":"Lagavulin","floor":8.0,"turns":7.0},{"damage":0.0,"enemies":"2 Fungi Beasts","floor":10.0,"turns":2.0},{"damage":8.0,"enemies":"Red Slaver","floor":13.0,"turns":3.0},{"damage":4.0,"enemies":"3 Sentries","floor":14.0,"turns":4.0},{"damage":32,"enemies":"Hexaghost","floor":16,"turns":5}],"seed_played":"8144751202726360195","potions_obtained":[{"floor":1.0,"key":"Explosive Potion"},{"floor":7.0,"key":"Swift Potion"},{"floor":8.0,"key":"Fire Potion"},{"floor":14.0,"key":"AttackPotion"}],"is_trial":false,"path_per_floor":["M","M","?","?","M","E","M","E","T","M","$","R","M","E","R","B"],"character_chosen":"IRONCLAD","items_purchased":["Oddly Smooth Stone","Immolate"],"campfire_rested":0,"item_purchase_floors":[11,11],"current_hp_per_floor":[67,69,74,88,94,50,40,16,16,25,25,25,23,28,28,0],"gold":82,"neow_bonus":"TRANSFORM_CARD","is_prod":false,"is_daily":false,"chose_seed":false,"campfire_upgraded":2,"win_rate":0,"timestamp":1566364507,"path_taken":["M","M","?","?","?","E","M","E","T","M","$","R","M","E","R","BOSS"],"build_version":"2019-07-17","purchased_purges":0,"victory":false,"max_hp_per_floor":[75,75,80,94,94,94,94,94,94,97,97,97,97,100,100,100],"card_choices":[{"not_picked":["Bloodletting","Pommel Strike"],"picked":"Clothesline","floor":1.0},{"not_picked":["Shockwave","Entrench"],"picked":"Whirlwind","floor":2.0},{"not_picked":["Flame Barrier","Clothesline"],"picked":"Sword Boomerang","floor":5.0},{"not_picked":["True Grit","Bloodletting"],"picked":"Feed","floor":6.0},{"not_picked":["Second Wind","Headbutt"],"picked":"Thunderclap","floor":7.0},{"not_picked":["Wild Strike","Fire Breathing"],"picked":"Body Slam","floor":8.0},{"not_picked":["Twin Strike","Havoc"],"picked":"Spot Weakness","floor":10.0},{"not_picked":["True Grit","Heavy Blade"],"picked":"Corruption","floor":13.0},{"not_picked":["Pommel Strike","Shrug It Off"],"picked":"Feed","floor":14.0}],"player_experience":620850,"relics_obtained":[{"floor":6.0,"key":"Paper Frog"},{"floor":8.0,"key":"Art of War"},{"floor":9.0,"key":"PreservedInsect"},{"floor":14.0,"key":"Whetstone"}],"event_choices":[{"damage_healed":0.0,"max_hp_gain":5.0,"max_hp_loss":0.0,"gold_gain":0.0,"event_name":"Big Fish","player_choice":"Donut","floor":3.0,"gold_loss":0.0,"damage_taken":0.0},{"damage_healed":0.0,"max_hp_gain":0.0,"max_hp_loss":0.0,"gold_gain":0.0,"event_name":"WeMeetAgain","player_choice":"Gave Potion","floor":4.0,"gold_loss":0.0,"damage_taken":0.0,"relics_obtained":["Mango"]}],"is_beta":false,"boss_relics":[],"items_purged_floors":[],"is_endless":false,"potions_floor_spawned":[1,7,8,14],"killed_by":"Hexaghost","ascension_level":17}