{"gold_per_floor":[116,116,116,131,57,98,121,121,121,145,163,113,141,161,161,290,290,279,293,293,314,52,52],"floor_reached":23,"playtime":1308,"items_purged":["Defend_R"],"score":218,"play_id":"7eac31e4-602f-4131-9826-4bace894694f","local_time":"20190810104635","is_ascension_mode":false,"campfire_choices":[{"data":"Limit Break","floor":15,"key":"SMITH"}],"neow_cost":"NONE","seed_source_timestamp":3887383965316,"circlet_count":0,"master_deck":["Strike_R","Defend_R","Defend_R","Bash","Rage+1","Reckless Charge","Limit Break+1","Clash","Headbutt","Power Through","Inflame","Reaper","Disarm","Fiend Fire","Evolve","Wild Strike","Flex","Secret Technique"],"relics":["Burning Blood","NeowsBlessing","Golden Idol","Dodecahedron","Blood Vial","Odd Mushroom","Empty Cage"],"potions_floor_usage":[16,16,23,23],"damage_taken":[{"damage":0,"enemies":"Small Slimes","floor":1,"turns":1},{"damage":0,"enemies":"Jaw Worm","floor":4,"turns":1},{"damage":0,"enemies":"Gremlin Nob","floor":6,"turns":1},{"damage":0,"enemies":"Cultist","floor":7,"turns":3},{"damage":4,"enemies":"Blue Slaver","floor":10,"turns":3},{"damage":3,"enemies":"2 Fungi Beasts","floor":11,"turns":5},{"damage":3,"enemies":"The Mushroom Lair","floor":13,"turns":5},{"damage":5,"enemies":"Large Slime","floor":14,"turns":6},{"damage":39,"enemies":"Slime Boss","floor":16,"turns":11},{"damage":25,"enemies":"2 Thieves","floor":18,"turns":4},{"damage":32,"enemies":"3 Byrds","floor":19,"turns":8},{"damage":33,"enemies":"Snake Plant","floor":21,"turns":5},{"damage":40,"enemies":"Book of Stabbing","floor":23,"turns":4}],"seed_played":"7881867002298986002","potions_obtained":[{"floor":1,"key":"AttackPotion"},{"floor":7,"key":"Explosive Potion"},{"floor":13,"key":"SkillPotion"},{"floor":19,"key":"Fire Potion"}],"is_trial":false,"path_per_floor":["M","?","?","M","$","E","M","?","T","M","M","?","?","M","R","B",null,"M","M","?","M","$","E"],"character_chosen":"IRONCLAD","items_purchased":["Limit Break","Secret Technique"],"campfire_rested":0,"item_purchase_floors":[5,22],"current_hp_per_floor":[80,80,60,66,66,72,78,78,78,80,80,80,80,80,80,47,80,66,51,51,38,38,0],"gold":52,"neow_bonus":"THREE_ENEMY_KILL","is_prod":false,"is_daily":false,"chose_seed":false,"campfire_upgraded":1,"win_rate":0.0,"timestamp":1565401595,"path_taken":["M","?","?","M","$","E","M","?","T","?","M","?","?","M","R","BOSS","M","M","?","M","$","E"],"build_version":"2019-07-17","purchased_purges":1,"victory":false,"max_hp_per_floor":[80,80,80,80,80,80,80,80,80,80,80,80,80,80,80,80,80,80,80,80,80,80,80],"card_choices":[{"not_picked":["Entrench","Wild Strike"],"picked":"Rage","floor":1},{"not_picked":["Dropkick","Ghostly Armor"],"picked":"Reckless Charge","floor":4},{"not_picked":["Brutality","Warcry"],"picked":"Clash","floor":6},{"not_picked":["Shrug It Off","Sever Soul"],"picked":"Headbutt","floor":7},{"not_picked":["Armaments","Flame Barrier"],"picked":"Power Through","floor":10},{"not_picked":["Heavy Blade","Iron Wave"],"picked":"Inflame","floor":11},{"not_picked":["Thunderclap","Shrug It Off"],"picked":"Reaper","floor":13},{"not_picked":["Heavy Blade","Perfected Strike"],"picked":"Disarm","floor":14},{"not_picked":["Bludgeon","Offering"],"picked":"Fiend Fire","floor":16},{"not_picked":["Feel No Pain","Flex+1"],"picked":"Evolve","floor":18},{"not_picked":["Intimidate","Entrench+1"],"picked":"Wild Strike","floor":19},{"not_picked":["Clash","Body Slam"],"picked":"Flex","floor":21}],"player_experience":22687,"relics_obtained":[{"floor":6,"key":"Dodecahedron"},{"floor":9,"key":"Blood Vial"},{"floor":13,"key":"Odd Mushroom"}],"event_choices":[{"damage_healed":0,"gold_gain":0,"player_choice":"Grow","damage_taken":0,"max_hp_gain":0,"max_hp_loss":0,"event_name":"Living Wall","floor":2,"gold_loss":0,"cards_upgraded":["Rage"]},{"damage_healed":0,"gold_gain":0,"player_choice":"Take Damage","damage_taken":20,"relics_obtained":["Golden Idol"],"max_hp_gain":0,"max_hp_loss":0,"event_name":"Golden Idol","floor":3,"gold_loss":0},{"cards_removed":["Strike_R"],"damage_healed":0,"gold_gain":0,"player_choice":"Offered Basic","damage_taken":0,"max_hp_gain":0,"max_hp_loss":0,"event_name":"Bonfire Elementals","floor":8,"gold_loss":0},{"cards_removed":["Strike_R"],"damage_healed":0,"gold_gain":0,"player_choice":"Card Removal","damage_taken":0,"max_hp_gain":0,"max_hp_loss":0,"event_name":"The Cleric","floor":12,"gold_loss":50},{"damage_healed":0,"gold_gain":0,"player_choice":"Fought Mushrooms","damage_taken":0,"max_hp_gain":0,"max_hp_loss":0,"event_name":"Mushrooms","floor":13,"gold_loss":0},{"cards_removed":["Strike_R"],"damage_healed":0,"gold_gain":0,"player_choice":"Elegance","damage_taken":0,"max_hp_gain":0,"max_hp_loss":0,"event_name":"Back to Basics","floor":20,"gold_loss":0}],"is_beta":false,"boss_relics":[{"not_picked":["Tiny House","Lizard Tail"],"picked":"Empty Cage"}],"items_purged_floors":[22],"is_endless":false,"potions_floor_spawned":[1,7,13,19],"killed_by":"Book of Stabbing","ascension_level":0}