{"gold_per_floor":[113,78,78,92,55,55,55,55,55,55,55,55,155,72,72,173,173,184,199,233,233,158],"floor_reached":22,"playtime":777,"items_purged":["Strike_B"],"score":202,"play_id":"e90ecfa2-f74c-4db8-887e-7d959cd2fa0f","local_time":"20190820213251","is_ascension_mode":true,"campfire_choices":[{"data":"Consume","floor":6,"key":"SMITH"},{"data":"Dualcast","floor":8,"key":"SMITH"},{"data":"Zap","floor":11,"key":"SMITH"},{"data":"Gash","floor":15,"key":"SMITH"}],"neow_cost":"NONE","seed_source_timestamp":6220248341482,"circlet_count":0,"master_deck":["Strike_B","Strike_B","Strike_B","Defend_B+1","Defend_B","Defend_B","Defend_B","Zap+1","Dualcast+1","Coolheaded+1","Consume+1","Gash+1","Defragment","Amplify","Coolheaded+1","Auto Shields"],"relics":["Coffee Dripper","Torii","Sundial","WingedGreaves","Snecko Eye","Red Mask"],"potions_floor_usage":[20,20,20],"damage_taken":[{"damage":18,"enemies":"Jaw Worm","floor":1,"turns":4},{"damage":7,"enemies":"Small Slimes","floor":4,"turns":2},{"damage":6,"enemies":"The Guardian","floor":16,"turns":11},{"damage":1,"enemies":"Shell Parasite","floor":18,"turns":7},{"damage":19,"enemies":"Spheric Guardian","floor":19,"turns":5},{"damage":57,"enemies":"Masked Bandits","floor":20,"turns":8}],"seed_played":"6304343136232807583","potions_obtained":[{"floor":4,"key":"SteroidPotion"},{"floor":16,"key":"Poison Potion"},{"floor":19,"key":"Dexterity Potion"}],"is_trial":false,"path_per_floor":["M","?","?","M","$","R","?","R","T","T","R","?","?","$","R","B",null,"M","M","?","?","$"],"character_chosen":"DEFECT","items_purchased":["Consume","Gash","Defragment"],"campfire_rested":0,"item_purchase_floors":[5,14,14],"current_hp_per_floor":[57,75,75,68,68,68,53,53,53,53,53,58,58,58,58,52,80,79,60,3,3,3],"gold":158,"neow_bonus":"BOSS_RELIC","is_prod":false,"is_daily":false,"chose_seed":false,"campfire_upgraded":4,"win_rate":0,"timestamp":1566304371,"path_taken":["M","?","?","?","$","R","?","R","T","?","R","?","?","$","R","BOSS","M","?","?","?","$"],"build_version":"2019-07-17","purchased_purges":1,"victory":false,"max_hp_per_floor":[75,75,75,75,75,75,75,75,75,75,75,80,80,80,80,80,80,80,80,80,80,80],"card_choices":[{"not_picked":["Compile Driver","Ball Lightning"],"picked":"Go for the Eyes","floor":1},{"not_picked":["Hologram","Blizzard"],"picked":"Coolheaded","floor":4},{"not_picked":["Seek","Thunder Strike"],"picked":"Amplify","floor":16},{"not_picked":["Storm","Scrape"],"picked":"Coolheaded+1","floor":18},{"not_picked":["Go for the Eyes+1","Leap"],"picked":"Auto Shields","floor":19}],"player_experience":204099,"relics_obtained":[{"floor":9,"key":"Sundial"},{"floor":10,"key":"WingedGreaves"},{"floor":20,"key":"Red Mask"}],"event_choices":[{"damage_healed":18,"gold_gain":0,"player_choice":"Healed","damage_taken":0,"max_hp_gain":0,"max_hp_loss":0,"event_name":"The Cleric","floor":2,"gold_loss":35},{"cards_removed":["Go for the Eyes"],"damage_healed":0,"gold_gain":0,"player_choice":"Gave Card","damage_taken":0,"relics_obtained":["Torii"],"max_hp_gain":0,"max_hp_loss":0,"event_name":"WeMeetAgain","floor":3,"gold_loss":0},{"damage_healed":0,"gold_gain":0,"player_choice":"Entered Light","damage_taken":15,"max_hp_gain":0,"max_hp_loss":0,"event_name":"Shining Light","floor":7,"gold_loss":0,"cards_upgraded":["Coolheaded","Defend_B"]},{"damage_healed":0,"gold_gain":0,"player_choice":"Donut","damage_taken":0,"max_hp_gain":5,"max_hp_loss":0,"event_name":"Big Fish","floor":12,"gold_loss":0},{"damage_healed":0,"gold_gain":100,"player_choice":"Pray","damage_taken":0,"max_hp_gain":0,"max_hp_loss":0,"event_name":"Golden Shrine","floor":13,"gold_loss":0},{"damage_healed":0,"gold_gain":0,"player_choice":"Fought Bandits","damage_taken":0,"max_hp_gain":0,"max_hp_loss":0,"event_name":"Masked Bandits","floor":20,"gold_loss":0},{"damage_healed":0,"gold_gain":0,"player_choice":"Ignored","damage_taken":0,"max_hp_gain":0,"max_hp_loss":0,"event_name":"Ghosts","floor":21,"gold_loss":0}],"is_beta":false,"boss_relics":[{"not_picked":["Nuclear Battery","Black Star"],"picked":"Snecko Eye"}],"items_purged_floors":[22],"is_endless":false,"potions_floor_spawned":[4,16,19],"ascension_level":4}