{"gold_per_floor":[116,126,51,71,221,221,253,253,253,265,277,289,320,332],"floor_reached":14,"playtime":203,"items_purged":[],"score":167,"play_id":"9757b1d3-d9d5-468a-820e-8185d96668b6","local_time":"20190508152112","is_ascension_mode":true,"campfire_choices":[{"data":"Crippling Poison","floor":6,"key":"SMITH"},{"floor":10,"key":"REST"},{"data":"Malaise","floor":12,"key":"SMITH"}],"neow_cost":"NONE","seed_source_timestamp":2410500463393738,"circlet_count":0,"master_deck":["AscendersBane","Defend_G","Defend_G","Defend_G","Defend_G","Defend_G","Strike_G","Strike_G","Strike_G","Strike_G","Survivor","Neutralize","Crippling Poison+1","Deadly Poison","Bane","Doubt","Malaise+1","Backflip"],"relics":["Ring of the Snake","NeowsBlessing","Sundial","MawBank","Darkstone Periapt"],"potions_floor_usage":[7,13],"damage_taken":[{"damage":0,"enemies":"Cultist","floor":1,"turns":1},{"damage":0,"enemies":"Jaw Worm","floor":2,"turns":1},{"damage":0,"enemies":"2 Louse","floor":4,"turns":1},{"damage":51,"enemies":"Gremlin Nob","floor":7,"turns":5},{"damage":17,"enemies":"Large Slime","floor":13,"turns":9},{"damage":9,"enemies":"3 Sentries","floor":14,"turns":2}],"seed_played":"7565665812875693490","potions_obtained":[{"floor":1,"key":"Fire Potion"},{"floor":4,"key":"Explosive Potion"}],"is_trial":false,"path_per_floor":["M","M","?","M","?","R","E","?","T","R","T","R","M","E"],"character_chosen":"THE_SILENT","items_purchased":[],"campfire_rested":1,"item_purchase_floors":[],"current_hp_per_floor":[59,59,59,59,59,59,8,3,3,22,22,22,5,0],"gold":332,"neow_bonus":"THREE_ENEMY_KILL","is_prod":false,"is_daily":false,"chose_seed":false,"campfire_upgraded":2,"win_rate":0,"timestamp":1557343272,"path_taken":["M","?","?","M","?","R","E","?","T","R","?","R","M","E"],"build_version":"2019-01-23","purchased_purges":0,"victory":false,"max_hp_per_floor":[66,66,66,66,66,66,66,66,66,66,66,66,66,66],"card_choices":[{"not_picked":["Quick Slash","Blur"],"picked":"Crippling Poison","floor":1},{"not_picked":["Prepared","Outmaneuver"],"picked":"Deadly Poison","floor":2},{"not_picked":["Backflip","Prepared"],"picked":"Bane","floor":4},{"not_picked":["Sucker Punch","Escape Plan"],"picked":"Malaise","floor":7},{"not_picked":["Dagger Throw","Infinite Blades"],"picked":"Backflip","floor":13}],"player_experience":338598,"relics_obtained":[{"floor":7,"key":"Sundial"},{"floor":9,"key":"MawBank"},{"floor":11,"key":"Darkstone Periapt"}],"event_choices":[{"cards_removed":["Strike_G"],"damage_healed":0,"gold_gain":0,"player_choice":"Card Removal","damage_taken":0,"max_hp_gain":0,"max_hp_loss":0,"event_name":"The Cleric","floor":3,"gold_loss":75},{"damage_healed":0,"gold_gain":150,"player_choice":"AGREE","damage_taken":0,"max_hp_gain":0,"max_hp_loss":0,"event_name":"Liars Game","floor":5,"gold_loss":0,"cards_obtained":["Doubt"]},{"damage_healed":0,"gold_gain":0,"player_choice":"Fled","damage_taken":5,"max_hp_gain":0,"max_hp_loss":0,"event_name":"Scrap Ooze","floor":8,"gold_loss":0}],"is_beta":false,"boss_relics":[],"items_purged_floors":[],"is_endless":false,"potions_floor_spawned":[1,4],"killed_by":"3 Sentries","ascension_level":18}