{"gold_per_floor":[113,38,38,38,56,56,56,56,56,56,71,71,88,38,38,114,114,134,134,145,156,156],"floor_reached":22,"playtime":1236,"items_purged":["Strike_B"],"score":448,"play_id":"5125156c-0e2a-4509-9683-c2ae9b3be6c5","local_time":"20190807010656","is_ascension_mode":true,"campfire_choices":[{"data":"Loop","floor":6.0,"key":"SMITH"},{"data":"Streamline","floor":8.0,"key":"SMITH"},{"data":"Loop","floor":12.0,"key":"SMITH"},{"data":"Zap","floor":15.0,"key":"SMITH"}],"neow_cost":"NONE","seed_source_timestamp":422585435630715,"circlet_count":0,"master_deck":["AscendersBane","Strike_B","Strike_B","Defend_B","Defend_B","Defend_B+1","Defend_B+1","Zap+1","Dualcast","Streamline+1","Loop+1","Loop+1","Ball Lightning","Echo Form","White Noise","Buffer","Turbo+1","Leap+1"],"special_seed":0,"relics":["Cracked Core","Strawberry","Mercury Hourglass","Smiling Mask","Eternal Feather"],"potions_floor_usage":[21],"damage_taken":[{"damage":5.0,"enemies":"Small Slimes","floor":1.0,"turns":3.0},{"damage":2.0,"enemies":"2 Louse","floor":5.0,"turns":2.0},{"damage":0.0,"enemies":"Jaw Worm","floor":11.0,"turns":3.0},{"damage":2.0,"enemies":"3 Louse","floor":13.0,"turns":3.0},{"damage":0.0,"enemies":"Slime Boss","floor":16.0,"turns":4.0},{"damage":18.0,"enemies":"Chosen","floor":18.0,"turns":4.0},{"damage":25,"enemies":"2 Thieves","floor":20,"turns":3},{"damage":19,"enemies":"3 Cultists","floor":21,"turns":5},{"damage":6,"enemies":"Cultist and Chosen","floor":22,"turns":2}],"seed_played":"5956954396224478828","potions_obtained":[{"floor":5.0,"key":"Explosive Potion"},{"floor":11.0,"key":"FearPotion"},{"floor":20,"key":"Energy Potion"},{"floor":21,"key":"Dexterity Potion"}],"is_trial":false,"path_per_floor":["M","?","?","$","M","R","?","R","T","?","M","R","M","$","R","B",null,"M","?","M","M","M"],"character_chosen":"DEFECT","items_purchased":[],"campfire_rested":0,"item_purchase_floors":[],"current_hp_per_floor":[66,66,71,71,69,69,44,44,44,26,26,26,24,24,24,24,68,50,50,25,6,0],"gold":156,"neow_bonus":"RANDOM_COMMON_RELIC","is_prod":false,"is_daily":false,"chose_seed":false,"campfire_upgraded":4,"win_rate":0,"timestamp":1565165216,"path_taken":["M","?","?","?","M","R","?","R","T","?","M","R","M","$","R","BOSS","M","?","M","?","M"],"build_version":"2019-07-18","purchased_purges":1,"victory":false,"max_hp_per_floor":[78,78,83,83,83,83,83,83,83,83,83,83,83,83,83,83,83,83,83,83,83,83],"card_choices":[{"not_picked":["Stack","Steam"],"picked":"Streamline","floor":1.0},{"not_picked":["Conserve Battery","Tempest"],"picked":"Loop","floor":5.0},{"not_picked":["Sunder","Barrage"],"picked":"Loop","floor":11.0},{"not_picked":["Coolheaded","Rebound"],"picked":"Ball Lightning","floor":13.0},{"not_picked":["Multi-Cast","Meteor Strike"],"picked":"Echo Form","floor":16.0},{"not_picked":["Compile Driver","Go for the Eyes"],"picked":"White Noise","floor":18.0},{"not_picked":["Coolheaded","Rebound"],"picked":"Turbo+1","floor":20},{"not_picked":["Gash","Turbo"],"picked":"Leap+1","floor":21}],"player_experience":2881828,"relics_obtained":[{"floor":9.0,"key":"Mercury Hourglass"}],"event_choices":[{"cards_removed":["Strike_B"],"damage_healed":0.0,"max_hp_gain":0.0,"max_hp_loss":0.0,"gold_gain":0.0,"event_name":"The Cleric","player_choice":"Card Removal","floor":2.0,"gold_loss":75.0,"damage_taken":0.0},{"damage_healed":0.0,"max_hp_gain":5.0,"max_hp_loss":0.0,"gold_gain":0.0,"event_name":"Big Fish","player_choice":"Donut","floor":3.0,"gold_loss":0.0,"damage_taken":0.0},{"damage_healed":0.0,"max_hp_gain":0.0,"max_hp_loss":0.0,"gold_gain":0.0,"event_name":"Shining Light","player_choice":"Entered Light","floor":7.0,"gold_loss":0.0,"damage_taken":25.0,"cards_upgraded":["Defend_B","Defend_B"]},{"damage_healed":0.0,"max_hp_gain":0.0,"max_hp_loss":0.0,"gold_gain":0.0,"event_name":"Scrap Ooze","player_choice":"Success","floor":10.0,"gold_loss":0.0,"damage_taken":18.0,"relics_obtained":["Smiling Mask"]},{"damage_healed":0,"gold_gain":0,"player_choice":"1 cards matched","damage_taken":0,"max_hp_gain":0,"max_hp_loss":0,"event_name":"Match and Keep!","floor":19,"gold_loss":0,"cards_obtained":["Buffer"]}],"is_beta":true,"boss_relics":[{"not_picked":["Runic Dome","Sozu"],"picked":"Eternal Feather"}],"items_purged_floors":[14],"is_endless":false,"potions_floor_spawned":[5,11,13,20,21],"killed_by":"Cultist and Chosen","ascension_level":20}