{"gold_per_floor":[359,375,375,6,24,24,37,48,71,71,81,81,91,91,91,168,168,186,29,29,29,209,209,223,223,246,55,71,86,101,101],"floor_reached":31,"playtime":1359,"items_purged":[],"score":458,"play_id":"64e4ed3a-c75a-4573-b48d-6be1cb83cc0b","local_time":"20190104212820","is_ascension_mode":true,"campfire_choices":[{"data":"Chaos","floor":6,"key":"SMITH"},{"data":"Defragment","floor":10,"key":"SMITH"},{"data":"Capacitor","floor":15,"key":"SMITH"},{"data":"Electrodynamics","floor":23,"key":"SMITH"}],"neow_cost":"PERCENT_DAMAGE","seed_source_timestamp":1102199025773597,"circlet_count":0,"master_deck":["AscendersBane","Strike_B+1","Strike_B+1","Strike_B+1","Defend_B+1","Defend_B+1","Defend_B+1","Defend_B+1","Zap","Dualcast","Hello World","Cold Snap","Chaos+1","Defragment+1","Self Repair","Capacitor+1","Conserve Battery","Electrodynamics+1","Loop","Dark Shackles","Chill","Capacitor","Capacitor+1"],"special_seed":0,"relics":["Cracked Core","ClockworkSouvenir","Lantern","Runic Dome","Anchor","MutagenicStrength","Strawberry"],"potions_floor_usage":[8,11,16,18,31],"damage_taken":[{"damage":0.0,"enemies":"Jaw Worm","floor":1.0,"turns":3.0},{"damage":3,"enemies":"2 Louse","floor":2,"turns":3},{"damage":0,"enemies":"Cultist","floor":5,"turns":3},{"damage":3,"enemies":"Blue Slaver","floor":7,"turns":3},{"damage":8,"enemies":"Large Slime","floor":8,"turns":6},{"damage":0,"enemies":"Gremlin Gang","floor":11,"turns":6},{"damage":4,"enemies":"Exordium Wildlife","floor":13,"turns":4},{"damage":25,"enemies":"Hexaghost","floor":16,"turns":10},{"damage":3,"enemies":"Chosen","floor":18,"turns":5},{"damage":6,"enemies":"Spheric Guardian","floor":24,"turns":6},{"damage":0,"enemies":"Snecko","floor":28,"turns":5},{"damage":2,"enemies":"Centurion and Healer","floor":29,"turns":3},{"damage":13,"enemies":"Shelled Parasite and Fungi","floor":30,"turns":6},{"damage":50,"enemies":"Book of Stabbing","floor":31,"turns":4}],"seed_played":"-9164747899780507981","potions_obtained":[{"floor":1,"key":"Energy Potion"},{"floor":5,"key":"Swift Potion"},{"floor":7,"key":"SkillPotion"},{"floor":8,"key":"Fire Potion"},{"floor":16,"key":"Poison Potion"},{"floor":28,"key":"Energy Potion"},{"floor":30,"key":"Strength Potion"}],"is_trial":false,"path_per_floor":["M","M","?","$","M","R","M","M","T","R","M","?","M","?","R","B",null,"M","$","$","?","?","R","M","?","T","$","M","M","M","E"],"character_chosen":"DEFECT","items_purchased":["ClockworkSouvenir","Lantern","Anchor","Dark Shackles","Chill"],"campfire_rested":0,"item_purchase_floors":[4,4,19,27,27],"current_hp_per_floor":[46,43,22,22,22,22,19,11,11,11,18,23,26,26,26,8,59,63,63,63,63,42,42,43,43,50,50,57,55,49,0],"gold":101,"neow_bonus":"TWO_FIFTY_GOLD","is_prod":false,"is_daily":false,"chose_seed":false,"campfire_upgraded":4,"win_rate":0,"timestamp":1546666100,"path_taken":["M","M","?","$","M","R","M","M","T","R","M","?","?","?","R","BOSS","M","?","$","?","?","R","?","?","T","?","?","M","M","E"],"build_version":"2019-01-03v4","purchased_purges":0,"victory":false,"max_hp_per_floor":[71,71,71,71,71,71,71,71,71,71,71,76,76,76,76,76,76,76,76,76,76,76,76,76,76,83,83,83,83,83,83],"card_choices":[{"not_picked":["Conserve Battery","Heatsinks"],"picked":"Hello World","floor":1},{"not_picked":["Go for the Eyes","Undo"],"picked":"Cold Snap","floor":2},{"not_picked":["Beam Cell","Sweeping Beam"],"picked":"Chaos","floor":5},{"not_picked":["Barrage","Hologram"],"picked":"Defragment","floor":7},{"not_picked":["Recycle","Rebound"],"picked":"Self Repair","floor":8},{"not_picked":["Coolheaded","Redo"],"picked":"Capacitor","floor":11},{"not_picked":["Fusion","Rebound"],"picked":"Conserve Battery","floor":13},{"not_picked":["Meteor Strike","Multi-Cast"],"picked":"Electrodynamics","floor":16},{"not_picked":["Beam Cell","Streamline","Redo"],"picked":"SKIP","floor":18},{"not_picked":["Sweeping Beam","Turbo"],"picked":"Loop","floor":24},{"not_picked":["Barrage","Ball Lightning"],"picked":"Capacitor","floor":28},{"not_picked":["Conserve Battery+1","Hologram"],"picked":"Capacitor+1","floor":29},{"not_picked":["Turbo","Ball Lightning","Double Energy"],"picked":"SKIP","floor":30}],"player_experience":2712467,"relics_obtained":[{"floor":26,"key":"Strawberry"}],"event_choices":[{"damage_healed":0,"gold_gain":0,"player_choice":"Entered Light","damage_taken":21,"max_hp_gain":0,"max_hp_loss":0,"event_name":"Shining Light","floor":3,"gold_loss":0,"cards_upgraded":["Defend_B","Strike_B"]},{"damage_healed":0,"gold_gain":0,"player_choice":"Donut","damage_taken":0,"max_hp_gain":5,"max_hp_loss":0,"event_name":"Big Fish","floor":12,"gold_loss":0},{"cards_removed":["Strike_B"],"damage_healed":0,"gold_gain":0,"player_choice":"Card Removal","damage_taken":0,"max_hp_gain":0,"max_hp_loss":0,"event_name":"Wheel of Change","floor":14,"gold_loss":0},{"damage_healed":0,"gold_gain":0,"player_choice":"Simplicity","damage_taken":0,"max_hp_gain":0,"max_hp_loss":0,"event_name":"Back to Basics","floor":21,"gold_loss":0,"cards_upgraded":["Strike_B","Strike_B","Defend_B","Defend_B","Defend_B"]},{"damage_healed":0,"gold_gain":180,"player_choice":"GOLD GOLD ","damage_taken":21,"max_hp_gain":0,"max_hp_loss":0,"event_name":"Knowing Skull","floor":22,"potions_obtained":[],"gold_loss":0,"cards_obtained":[]},{"damage_healed":0,"gold_gain":0,"player_choice":"Inject Mutagens","damage_taken":0,"relics_obtained":["MutagenicStrength"],"max_hp_gain":0,"max_hp_loss":0,"event_name":"Drug Dealer","floor":25,"gold_loss":0}],"is_beta":true,"boss_relics":[{"not_picked":["Sozu","Coffee Dripper"],"picked":"Runic Dome"}],"items_purged_floors":[],"is_endless":false,"potions_floor_spawned":[1,5,7,8,16,28,30],"killed_by":"Book of Stabbing","ascension_level":20}