{"gold_per_floor":[112,112,82,94,114,141,153,30,53,67,84,38,38],"floor_reached":13,"playtime":852,"items_purged":[],"score":91,"play_id":"630970bc-460d-47a6-9890-82f543206d7c","local_time":"20190816201135","is_ascension_mode":true,"campfire_choices":[],"neow_cost":"PERCENT_DAMAGE","seed_source_timestamp":31443839337039,"circlet_count":0,"master_deck":["Strike_B","Strike_B","Strike_B","Strike_B","Defend_B","Defend_B","Defend_B","Defend_B","Zap","Dualcast","Creative AI+1","Hologram","Force Field","Gash","Conserve Battery","Turbo","Cold Snap","Genetic Algorithm"],"relics":["Cracked Core","Happy Flower","Anchor"],"potions_floor_usage":[6,6,10,10,11],"damage_taken":[{"damage":7,"enemies":"2 Louse","floor":1,"turns":3},{"damage":6,"enemies":"Cultist","floor":4,"turns":3},{"damage":7,"enemies":"Small Slimes","floor":5,"turns":5},{"damage":24,"enemies":"3 Sentries","floor":6,"turns":9},{"damage":2,"enemies":"Blue Slaver","floor":7,"turns":6},{"damage":0,"enemies":"Large Slime","floor":10,"turns":8},{"damage":5,"enemies":"Exordium Wildlife","floor":11,"turns":3},{"damage":0,"enemies":"Exordium Thugs","floor":13,"turns":2}],"seed_played":"6036715431392668941","potions_obtained":[{"floor":3,"key":"Weak Potion"},{"floor":3,"key":"Block Potion"},{"floor":4,"key":"PowerPotion"},{"floor":7,"key":"Strength Potion"}],"is_trial":false,"path_per_floor":["M","?","?","M","M","E","M","$","T","M","M","?","M"],"character_chosen":"DEFECT","items_purchased":["Turbo","EssenceOfSteel"],"campfire_rested":0,"item_purchase_floors":[8,8],"current_hp_per_floor":[47,47,47,41,34,10,8,8,8,8,3,3,3],"gold":38,"neow_bonus":"THREE_RARE_CARDS","is_prod":false,"is_daily":false,"chose_seed":false,"campfire_upgraded":0,"win_rate":0,"timestamp":1565953895,"path_taken":["M","?","?","?","M","E","M","$","T","M","M","?","M"],"build_version":"2019-07-17","purchased_purges":0,"victory":false,"max_hp_per_floor":[75,75,75,75,75,75,75,75,75,75,75,75,75],"card_choices":[{"not_picked":["Thunder Strike","Meteor Strike"],"picked":"Creative AI","floor":0},{"not_picked":["Barrage","Rebound"],"picked":"Hologram","floor":1},{"not_picked":["Cold Snap","Ball Lightning"],"picked":"Force Field","floor":4},{"not_picked":["Turbo","Hologram"],"picked":"Gash","floor":5},{"not_picked":["Scrape","Steam"],"picked":"Conserve Battery","floor":6},{"not_picked":["Loop","Hello World","Heatsinks"],"picked":"SKIP","floor":7},{"not_picked":["Steam","Reinforced Body"],"picked":"Cold Snap","floor":10},{"not_picked":["Auto Shields","Turbo"],"picked":"Genetic Algorithm","floor":11}],"player_experience":137432,"relics_obtained":[{"floor":6,"key":"Happy Flower"},{"floor":9,"key":"Anchor"}],"event_choices":[{"damage_healed":0,"gold_gain":0,"player_choice":"Grow","damage_taken":0,"max_hp_gain":0,"max_hp_loss":0,"event_name":"Living Wall","floor":2,"gold_loss":0,"cards_upgraded":["Creative AI"]},{"damage_healed":0,"gold_gain":0,"player_choice":"Bought 2 Potions","damage_taken":0,"max_hp_gain":0,"max_hp_loss":0,"event_name":"The Woman in Blue","floor":3,"gold_loss":0},{"damage_healed":0,"gold_gain":0,"player_choice":"Left Gold","damage_taken":0,"max_hp_gain":0,"max_hp_loss":0,"event_name":"World of Goop","floor":12,"gold_loss":46}],"is_beta":false,"boss_relics":[],"items_purged_floors":[],"is_endless":false,"potions_floor_spawned":[4,5,7],"killed_by":"Exordium Thugs","ascension_level":1}