{"gold_per_floor":[118,136,149,149,166,195,195,208,208,4,20,20,50,61,61,164,164,184,204,222,24,24,24,49,49,49,61,61,160,217,232,232,332,332,351,362,362,62,75,75,85,85,85,116,116],"floor_reached":45,"playtime":3138,"items_purged":["Defend_R","Strike_R","Normality"],"score":626,"play_id":"20ffc3e1-2a9c-4b45-b34a-42830fd2a35e","local_time":"20190827001533","is_ascension_mode":true,"campfire_choices":[{"floor":7.0,"key":"REST"},{"data":"Entrench","floor":12.0,"key":"SMITH"},{"data":"Flame Barrier","floor":15.0,"key":"SMITH"},{"data":"Body Slam","floor":23.0,"key":"SMITH"},{"floor":28.0,"key":"REST"},{"data":"Shrug It Off","floor":32.0,"key":"SMITH"},{"floor":40.0,"key":"REST"},{"floor":42.0,"key":"REST"}],"neow_cost":"TEN_PERCENT_HP_LOSS","seed_source_timestamp":0,"circlet_count":0,"master_deck":["Bash","Flex+1","Shrug It Off+1","Entrench+1","Armaments+1","Body Slam+1","Thunderclap","Flame Barrier+1","Limit Break","Iron Wave+1","Body Slam","Warcry+1","Shrug It Off+1","Demon Form","Intimidate","Bloodletting","Pommel Strike","Rage","Corruption","Sword Boomerang+1","Shrug It Off","Shame"],"special_seed":0,"relics":["Burning Blood","Letter Opener","Smiling Mask","Happy Flower","Ancient Tea Set","Cursed Key","War Paint","MutagenicStrength","Mercury Hourglass","Enchiridion","Tiny Chest","Pandora\u0027s Box","Chemical X","Toxic Egg 2","Strawberry"],"potions_floor_usage":[],"damage_taken":[{"damage":7.0,"enemies":"Small Slimes","floor":1.0,"turns":4.0},{"damage":1.0,"enemies":"Cultist","floor":2.0,"turns":4.0},{"damage":12.0,"enemies":"Jaw Worm","floor":3.0,"turns":3.0},{"damage":16.0,"enemies":"Looter","floor":5.0,"turns":4.0},{"damage":50.0,"enemies":"Lagavulin","floor":6.0,"turns":9.0},{"damage":8.0,"enemies":"Blue Slaver","floor":8.0,"turns":3.0},{"damage":1.0,"enemies":"3 Louse","floor":11.0,"turns":3.0},{"damage":8.0,"enemies":"Gremlin Nob","floor":13.0,"turns":4.0},{"damage":9.0,"enemies":"Red Slaver","floor":14.0,"turns":2.0},{"damage":21.0,"enemies":"Hexaghost","floor":16.0,"turns":11.0},{"damage":8.0,"enemies":"Spheric Guardian","floor":18.0,"turns":4.0},{"damage":26.0,"enemies":"Chosen","floor":19.0,"turns":6.0},{"damage":13.0,"enemies":"Centurion and Healer","floor":20.0,"turns":6.0},{"damage":16.0,"enemies":"Slavers","floor":24.0,"turns":5.0},{"damage":0.0,"enemies":"Snake Plant","floor":27.0,"turns":2.0},{"damage":2.0,"enemies":"Book of Stabbing","floor":30.0,"turns":3.0},{"damage":0.0,"enemies":"Snecko","floor":31.0,"turns":4.0},{"damage":50.0,"enemies":"Automaton","floor":33.0,"turns":9.0},{"damage":0.0,"enemies":"Orb Walker","floor":35.0,"turns":2.0},{"damage":43.0,"enemies":"3 Darklings","floor":36.0,"turns":5.0},{"damage":22.0,"enemies":"Maw","floor":39.0,"turns":6.0},{"damage":19.0,"enemies":"Sphere and 2 Shapes","floor":41.0,"turns":5.0},{"damage":5.0,"enemies":"Nemesis","floor":44.0,"turns":5.0},{"damage":52,"enemies":"Jaw Worm Horde","floor":45,"turns":2}],"seed_played":"8583033724768214206","potions_obtained":[{"floor":2.0,"key":"SkillPotion"},{"floor":5.0,"key":"AttackPotion"},{"floor":6.0,"key":"Block Potion"},{"floor":11.0,"key":"BloodPotion"},{"floor":16.0,"key":"Energy Potion"},{"floor":18.0,"key":"Ancient Potion"},{"floor":27.0,"key":"Explosive Potion"},{"floor":30.0,"key":"SteroidPotion"},{"floor":35.0,"key":"Strength Potion"},{"floor":36.0,"key":"Ancient Potion"}],"is_trial":false,"path_per_floor":["M","M","M","?","M","E","R","M","T","$","M","R","E","M","R","B",null,"M","M","M","$","?","R","E","?","T","M","R","?","E","M","R","B",null,"M","M","?","$","M","R","M","R","T","E","M"],"character_chosen":"IRONCLAD","items_purchased":["Happy Flower","War Paint","Chemical X","Shrug It Off"],"campfire_rested":4,"item_purchase_floors":[10,21,38,38],"current_hp_per_floor":[71,72,66,66,56,12,33,31,31,31,36,36,34,31,31,34,72,70,50,43,43,43,43,33,17,17,23,44,44,48,54,54,10,72,72,35,28,28,12,33,20,41,41,49,0],"gold":116,"neow_bonus":"REMOVE_TWO","is_prod":false,"is_daily":false,"chose_seed":false,"campfire_upgraded":4,"win_rate":0,"timestamp":1566857733,"path_taken":["M","M","M","?","M","E","R","M","T","$","M","R","E","?","R","BOSS","M","M","M","?","?","R","E","?","T","?","R","?","E","M","R","BOSS","M","M","?","$","?","R","M","R","T","E","M"],"build_version":"2019-07-17","purchased_purges":3,"victory":false,"max_hp_per_floor":[72,72,72,72,72,72,72,72,72,72,72,72,72,72,72,72,72,72,72,72,72,72,72,72,72,72,72,72,72,72,72,72,72,72,72,72,72,72,72,72,72,72,72,79,79],"card_choices":[{"not_picked":["Carnage","Pummel"],"picked":"Flex","floor":1.0},{"not_picked":["Pummel","Perfected Strike","True Grit"],"picked":"SKIP","floor":2.0},{"not_picked":["Warcry","Burning Pact","Corruption"],"picked":"SKIP","floor":3.0},{"not_picked":["Body Slam","Battle Trance"],"picked":"Shrug It Off","floor":5.0},{"not_picked":["Twin Strike","Exhume"],"picked":"Entrench","floor":6.0},{"not_picked":["Fire Breathing","Sword Boomerang"],"picked":"Armaments","floor":8.0},{"not_picked":["Sever Soul","True Grit"],"picked":"Body Slam","floor":11.0},{"not_picked":["Wild Strike","Second Wind"],"picked":"Thunderclap","floor":13.0},{"not_picked":["Wild Strike","Havoc"],"picked":"Flame Barrier","floor":14.0},{"not_picked":["Offering","Bludgeon"],"picked":"Limit Break","floor":16.0},{"not_picked":["Seeing Red","Sever Soul+1","True Grit"],"picked":"SKIP","floor":18.0},{"not_picked":["Metallicize","Perfected Strike"],"picked":"Iron Wave+1","floor":19.0},{"not_picked":["Seeing Red","Sentinel"],"picked":"Body Slam","floor":20.0},{"not_picked":["Body Slam+1","True Grit+1","Intimidate"],"picked":"SKIP","floor":24.0},{"not_picked":["Searing Blow","True Grit"],"picked":"Warcry+1","floor":27.0},{"not_picked":["Havoc","Combust","Burning Pact"],"picked":"SKIP","floor":30.0},{"not_picked":["Anger","Perfected Strike"],"picked":"Shrug It Off","floor":31.0},{"not_picked":["Double Tap","Limit Break"],"picked":"Demon Form","floor":33.0},{"not_picked":["Cleave","Flex","Shockwave"],"picked":"SKIP","floor":35.0},{"not_picked":["Havoc+1","Pommel Strike"],"picked":"Sword Boomerang+1","floor":36.0},{"not_picked":["Havoc","Cleave+1","Headbutt"],"picked":"SKIP","floor":39.0},{"not_picked":["Flex+1","Twin Strike+1","Thunderclap+1"],"picked":"SKIP","floor":41.0},{"not_picked":["Feed","Clash+1","Burning Pact+1"],"picked":"SKIP","floor":44.0}],"player_experience":121232,"relics_obtained":[{"floor":6.0,"key":"Letter Opener"},{"floor":9.0,"key":"Smiling Mask"},{"floor":13.0,"key":"Ancient Tea Set"},{"floor":24.0,"key":"Mercury Hourglass"},{"floor":25.0,"key":"Enchiridion"},{"floor":30.0,"key":"Tiny Chest"},{"floor":43.0,"key":"Toxic Egg 2"},{"floor":44.0,"key":"Strawberry"}],"event_choices":[{"damage_healed":0.0,"max_hp_gain":0.0,"max_hp_loss":0.0,"gold_gain":0.0,"event_name":"Upgrade Shrine","player_choice":"Upgraded","floor":4.0,"gold_loss":0.0,"damage_taken":0.0,"cards_upgraded":["Flex"]},{"damage_healed":0.0,"max_hp_gain":0.0,"max_hp_loss":0.0,"gold_gain":0.0,"event_name":"Drug Dealer","player_choice":"Inject Mutagens","floor":22.0,"gold_loss":0.0,"damage_taken":0.0,"relics_obtained":["MutagenicStrength"]},{"damage_healed":0.0,"max_hp_gain":0.0,"max_hp_loss":0.0,"gold_gain":0.0,"event_name":"Cursed Tome","player_choice":"Obtained Book","floor":25.0,"gold_loss":0.0,"damage_taken":16.0},{"damage_healed":0.0,"max_hp_gain":0.0,"max_hp_loss":0.0,"gold_gain":99.0,"event_name":"Nest","player_choice":"Stole From Cult","floor":29.0,"gold_loss":0.0,"damage_taken":0.0},{"damage_healed":0.0,"max_hp_gain":0.0,"max_hp_loss":0.0,"gold_gain":0.0,"event_name":"Wheel of Change","player_choice":"Damaged","floor":37.0,"gold_loss":0.0,"damage_taken":7.0}],"is_beta":false,"boss_relics":[{"not_picked":["Snecko Eye","Black Blood"],"picked":"Cursed Key"},{"not_picked":["Mark of Pain","Fusion Hammer"],"picked":"Pandora\u0027s Box"}],"items_purged_floors":[10,21,38],"is_endless":false,"potions_floor_spawned":[2,5,6,11,16,18,27,30,35,36],"killed_by":"Jaw Worm Horde","ascension_level":4}