{"gold_per_floor":[109,120,140,154,165,165,199,216,265,277,309,321,344,356,368,380],"floor_reached":16,"playtime":377,"items_purged":[],"score":201,"play_id":"c2604296-f1df-43ea-abcd-84c5308cab36","local_time":"20190511191049","is_ascension_mode":true,"campfire_choices":[{"floor":6,"key":"REST"},{"data":"Zap","floor":12,"key":"SMITH"},{"floor":15,"key":"REST"}],"neow_cost":"NONE","seed_source_timestamp":86531433582525,"circlet_count":0,"master_deck":["AscendersBane","Strike_B","Strike_B","Strike_B","Strike_B","Defend_B","Defend_B","Defend_B","Defend_B","Zap+1","Dualcast","Deep Breath","FTL","Genetic Algorithm","Melter","Hologram","Conserve Battery","Capacitor","Ball Lightning","Cold Snap"],"relics":["Cracked Core","Anchor","MawBank"],"potions_floor_usage":[7,16,16],"damage_taken":[{"damage":7,"enemies":"Small Slimes","floor":1,"turns":3},{"damage":0,"enemies":"Cultist","floor":2,"turns":3},{"damage":8,"enemies":"Jaw Worm","floor":3,"turns":3},{"damage":18,"enemies":"Exordium Wildlife","floor":4,"turns":4},{"damage":13,"enemies":"Blue Slaver","floor":5,"turns":4},{"damage":20,"enemies":"Lagavulin","floor":7,"turns":7},{"damage":0,"enemies":"Red Slaver","floor":8,"turns":2},{"damage":0,"enemies":"2 Fungi Beasts","floor":11,"turns":3},{"damage":9,"enemies":"Gremlin Gang","floor":13,"turns":5},{"damage":43,"enemies":"Slime Boss","floor":16,"turns":6}],"seed_played":"-922487503691587971","potions_obtained":[{"floor":1,"key":"Dexterity Potion"},{"floor":4,"key":"Fire Potion"},{"floor":7,"key":"SpeedPotion"}],"is_trial":false,"path_per_floor":["M","M","M","M","M","R","E","M","T","?","M","R","M","$","R","B"],"character_chosen":"DEFECT","items_purchased":[],"campfire_rested":2,"item_purchase_floors":[],"current_hp_per_floor":[57,57,49,31,18,39,19,19,19,19,19,19,10,10,31,0],"gold":380,"neow_bonus":"RANDOM_COLORLESS","is_prod":false,"is_daily":false,"chose_seed":false,"campfire_upgraded":1,"win_rate":0,"timestamp":1557616249,"path_taken":["M","M","M","M","M","R","E","M","T","?","M","R","M","?","R","BOSS"],"build_version":"2019-01-23","purchased_purges":0,"victory":false,"max_hp_per_floor":[71,71,71,71,71,71,71,71,71,71,71,71,71,71,71,71],"card_choices":[{"not_picked":["Compile Driver","Leap"],"picked":"FTL","floor":1},{"not_picked":["Beam Cell","White Noise"],"picked":"Genetic Algorithm","floor":2},{"not_picked":["Go for the Eyes","Skim","Turbo"],"picked":"SKIP","floor":3},{"not_picked":["Hologram","Blizzard"],"picked":"Melter","floor":4},{"not_picked":["Doom and Gloom","Double Energy"],"picked":"Hologram","floor":5},{"not_picked":["Leap","Turbo"],"picked":"Conserve Battery","floor":7},{"not_picked":["Streamline","Hologram"],"picked":"Capacitor","floor":8},{"not_picked":["Self Repair","Beam Cell"],"picked":"Ball Lightning","floor":11},{"not_picked":["Beam Cell","Capacitor"],"picked":"Cold Snap","floor":13}],"player_experience":355184,"relics_obtained":[{"floor":7,"key":"Anchor"},{"floor":9,"key":"MawBank"}],"event_choices":[{"damage_healed":0,"gold_gain":0,"player_choice":"Got Potions","damage_taken":0,"max_hp_gain":0,"max_hp_loss":0,"event_name":"Lab","floor":10,"gold_loss":0}],"is_beta":false,"boss_relics":[],"items_purged_floors":[],"is_endless":false,"potions_floor_spawned":[1,4,7,11,13],"killed_by":"Slime Boss","ascension_level":18}