{"gold_per_floor":[123,153,179,201,363,394,434,446,458,470,482,494,519,546,558,570],"floor_reached":16,"playtime":740,"items_purged":[],"score":208,"play_id":"d05876e2-10a1-454a-a16e-f26ee0f9b511","local_time":"20190203031520","is_ascension_mode":true,"campfire_choices":[{"data":"Zap","floor":8.0,"key":"SMITH"},{"data":"Go for the Eyes","floor":10.0,"key":"SMITH"},{"data":"Capacitor","floor":15,"key":"SMITH"}],"neow_cost":"NONE","seed_source_timestamp":456427737993306,"circlet_count":0,"master_deck":["AscendersBane","Strike_B","Strike_B","Strike_B","Strike_B","Defend_B","Defend_B","Defend_B","Defend_B","Zap+1","Dualcast","Cold Snap","Coolheaded","Go for the Eyes+1","Glacier","Doubt","Cold Snap","Conserve Battery","Conserve Battery","Capacitor+1"],"special_seed":0,"relics":["Cracked Core","MawBank","Bronze Scales","Pantograph"],"potions_floor_usage":[],"damage_taken":[{"damage":8.0,"enemies":"Small Slimes","floor":1.0,"turns":4.0},{"damage":5.0,"enemies":"Jaw Worm","floor":2.0,"turns":4.0},{"damage":0.0,"enemies":"2 Louse","floor":3.0,"turns":2.0},{"damage":10.0,"enemies":"Large Slime","floor":4.0,"turns":8.0},{"damage":6.0,"enemies":"Blue Slaver","floor":6.0,"turns":4.0},{"damage":20.0,"enemies":"Gremlin Nob","floor":7.0,"turns":6.0},{"damage":2,"enemies":"2 Fungi Beasts","floor":13,"turns":3},{"damage":7,"enemies":"Large Slime","floor":14,"turns":8},{"damage":32,"enemies":"Slime Boss","floor":16,"turns":9}],"seed_played":"-6016725792661746579","potions_obtained":[{"floor":3.0,"key":"PowerPotion"},{"floor":13,"key":"SteroidPotion"},{"floor":14,"key":"SmokeBomb"}],"is_trial":false,"path_per_floor":["M","M","M","M","?","M","E","R","T","R","?","?","M","M","R","B"],"character_chosen":"DEFECT","items_purchased":[],"campfire_rested":0,"item_purchase_floors":[],"current_hp_per_floor":[56,51,51,41,41,35,15,15,15,15,15,15,13,6,6,0],"gold":570,"neow_bonus":"RANDOM_COMMON_RELIC","is_prod":false,"is_daily":false,"chose_seed":false,"campfire_upgraded":3,"win_rate":0,"timestamp":1549192520,"path_taken":["M","M","M","M","?","M","E","R","T","R","?","?","M","M","R","BOSS"],"build_version":"2019-01-23","purchased_purges":0,"victory":false,"max_hp_per_floor":[71,71,71,71,71,71,71,71,71,71,71,71,71,71,71,71],"card_choices":[{"not_picked":["Heatsinks","Streamline"],"picked":"Cold Snap","floor":1.0},{"not_picked":["Go for the Eyes","FTL"],"picked":"Coolheaded","floor":2.0},{"not_picked":["Tempest","Gash"],"picked":"Go for the Eyes","floor":3.0},{"not_picked":["Hologram","Undo"],"picked":"Glacier","floor":4.0},{"not_picked":["Beam Cell","Steam"],"picked":"Cold Snap","floor":6.0},{"not_picked":["Auto Shields","Turbo"],"picked":"Conserve Battery","floor":7.0},{"not_picked":["BootSequence","Lockon"],"picked":"Conserve Battery","floor":13},{"not_picked":["Go for the Eyes","Genetic Algorithm"],"picked":"Capacitor","floor":14}],"player_experience":2774647,"relics_obtained":[{"floor":7.0,"key":"Bronze Scales"},{"floor":9.0,"key":"Pantograph"}],"event_choices":[{"damage_healed":0.0,"max_hp_gain":0.0,"max_hp_loss":0.0,"gold_gain":150.0,"event_name":"Liars Game","player_choice":"AGREE","floor":5.0,"gold_loss":0.0,"damage_taken":0.0,"cards_obtained":["Doubt"]},{"damage_healed":0.0,"max_hp_gain":0.0,"max_hp_loss":0.0,"gold_gain":0.0,"event_name":"Shining Light","player_choice":"Ignored","floor":11.0,"gold_loss":0.0,"damage_taken":0.0},{"damage_healed":0,"gold_gain":0,"player_choice":"Searched \u00270\u0027 times","damage_taken":0,"max_hp_gain":0,"max_hp_loss":0,"event_name":"Dead Adventurer","floor":12,"gold_loss":0}],"is_beta":true,"boss_relics":[],"items_purged_floors":[],"is_endless":false,"potions_floor_spawned":[3,13,14],"killed_by":"Slime Boss","ascension_level":20}