{"gold_per_floor":[118,131,149,167,167,195,195,227,253,253],"floor_reached":10,"playtime":434,"items_purged":[],"score":98,"play_id":"8575e944-0cc8-49ea-acd9-033cd0cdfa86","local_time":"20190211204656","is_ascension_mode":true,"campfire_choices":[{"floor":7,"key":"REST"}],"neow_cost":"NONE","seed_source_timestamp":452562812199946,"circlet_count":0,"master_deck":["Strike_R","Strike_R","Strike_R","Strike_R","Defend_R","Defend_R","Defend_R","Defend_R","Bash","Offering","Pommel Strike","Spot Weakness","Sword Boomerang","Anger","Pain","Shockwave","Feed"],"relics":["Burning Blood","WarpedTongs","Calipers","Dream Catcher","Ancient Tea Set"],"potions_floor_usage":[2,6],"damage_taken":[{"damage":17,"enemies":"Jaw Worm","floor":1,"turns":4},{"damage":6,"enemies":"Cultist","floor":2,"turns":2},{"damage":6,"enemies":"Small Slimes","floor":3,"turns":3},{"damage":7,"enemies":"Looter","floor":4,"turns":2},{"damage":52,"enemies":"Lagavulin","floor":6,"turns":5},{"damage":44,"enemies":"Gremlin Nob","floor":8,"turns":5},{"damage":18,"enemies":"3 Sentries","floor":10,"turns":2}],"seed_played":"-5686436199098874832","potions_obtained":[{"floor":1,"key":"BloodPotion"},{"floor":3,"key":"SteroidPotion"},{"floor":8,"key":"FearPotion"}],"is_trial":false,"path_per_floor":["M","M","M","M","?","E","R","E","T","E"],"character_chosen":"IRONCLAD","items_purchased":[],"campfire_rested":1,"item_purchase_floors":[],"current_hp_per_floor":[69,77,77,76,76,30,54,16,16,0],"gold":253,"neow_bonus":"TRANSFORM_CARD","is_prod":false,"is_daily":false,"chose_seed":false,"campfire_upgraded":0,"win_rate":0,"timestamp":1549936016,"path_taken":["M","M","M","M","?","E","R","E","T","E"],"build_version":"2019-01-23","purchased_purges":0,"victory":false,"max_hp_per_floor":[80,80,80,80,80,80,80,80,80,80],"card_choices":[{"not_picked":["Bloodletting","Perfected Strike"],"picked":"Pommel Strike","floor":1},{"not_picked":["Clash","Shrug It Off"],"picked":"Spot Weakness","floor":2},{"not_picked":["Twin Strike","Heavy Blade"],"picked":"Sword Boomerang","floor":3},{"not_picked":["Power Through","Sword Boomerang"],"picked":"Anger","floor":4},{"not_picked":["Twin Strike","Heavy Blade"],"picked":"Shockwave","floor":6},{"not_picked":["Perfected Strike","Dark Embrace"],"picked":"Feed","floor":8}],"player_experience":56915,"relics_obtained":[{"floor":6,"key":"Calipers"},{"floor":8,"key":"Dream Catcher"},{"floor":9,"key":"Ancient Tea Set"}],"event_choices":[{"damage_healed":0,"gold_gain":0,"player_choice":"Rummage","damage_taken":0,"relics_obtained":["WarpedTongs"],"max_hp_gain":0,"max_hp_loss":0,"event_name":"Accursed Blacksmith","floor":5,"gold_loss":0,"cards_obtained":["Pain"]}],"is_beta":false,"boss_relics":[],"items_purged_floors":[],"is_endless":false,"potions_floor_spawned":[1,3,8],"killed_by":"3 Sentries","ascension_level":5}