{"gold_per_floor":[109,23,34,48,48,48,82,82,82,111,111,111,24,24,24,95,95,108,11,24,42,42],"floor_reached":22,"playtime":897,"items_purged":[],"score":384,"play_id":"5ce9205e-efd3-401b-92b4-06cd18381d55","local_time":"20190819173539","is_ascension_mode":true,"campfire_choices":[{"data":"Buffer","floor":6,"key":"SMITH"},{"data":"Coolheaded","floor":8,"key":"SMITH"},{"data":"Core Surge","floor":11,"key":"SMITH"},{"data":"Seek","floor":15,"key":"SMITH"}],"neow_cost":"NONE","seed_source_timestamp":242159981825122,"circlet_count":0,"master_deck":["AscendersBane","Zap","Dualcast","Buffer+1","Compile Driver","Defragment+1","Core Surge+1","Ball Lightning","Coolheaded+1","Cold Snap","Seek+1","Seek","Buffer","Self Repair","Echo Form","Core Surge","Fusion","Storm","Undo","Rainbow","Discovery","Genetic Algorithm"],"relics":["Cracked Core","Ginger","Nunchaku","PreservedInsect","Pandora\u0027s Box"],"potions_floor_usage":[16],"damage_taken":[{"damage":2,"enemies":"Jaw Worm","floor":1,"turns":3},{"damage":8,"enemies":"2 Louse","floor":3,"turns":4},{"damage":1,"enemies":"Cultist","floor":4,"turns":4},{"damage":8,"enemies":"Gremlin Nob","floor":7,"turns":5},{"damage":25,"enemies":"3 Sentries","floor":10,"turns":8},{"damage":10,"enemies":"The Guardian","floor":16,"turns":16},{"damage":27,"enemies":"2 Thieves","floor":18,"turns":5},{"damage":0,"enemies":"Chosen","floor":20,"turns":5},{"damage":19,"enemies":"Snake Plant","floor":21,"turns":8},{"damage":24,"enemies":"Cultist and Chosen","floor":22,"turns":5}],"seed_played":"-3380899149927362788","potions_obtained":[{"floor":10,"key":"EssenceOfSteel"},{"floor":18,"key":"Block Potion"},{"floor":20,"key":"Weak Potion"}],"is_trial":false,"path_per_floor":["M","$","M","M","?","R","E","R","T","E","R","?","$","$","R","B",null,"M","$","M","M","M"],"character_chosen":"DEFECT","items_purchased":["Defragment","Seek","Discovery"],"campfire_rested":0,"item_purchase_floors":[2,13,19],"current_hp_per_floor":[62,62,54,53,53,53,45,45,45,20,20,20,20,20,20,10,56,36,36,36,24,0],"gold":42,"neow_bonus":"ONE_RANDOM_RARE_CARD","is_prod":false,"is_daily":false,"chose_seed":false,"campfire_upgraded":4,"win_rate":0,"timestamp":1566250539,"path_taken":["M","$","M","M","?","R","E","R","T","E","R","?","?","$","R","BOSS","M","?","M","M","M"],"build_version":"2019-07-17","purchased_purges":0,"victory":false,"max_hp_per_floor":[71,71,71,71,71,71,71,71,71,71,71,71,71,71,71,71,71,71,71,71,71,71],"card_choices":[{"not_picked":["Hologram","Conserve Battery"],"picked":"Compile Driver","floor":1},{"not_picked":["Cold Snap","Compile Driver"],"picked":"Core Surge","floor":3},{"not_picked":["Steam","Leap"],"picked":"Ball Lightning","floor":4},{"not_picked":["Turbo","Barrage"],"picked":"Coolheaded","floor":7},{"not_picked":["Conserve Battery","Streamline"],"picked":"Cold Snap","floor":10},{"not_picked":["Multi-Cast","Creative AI"],"picked":"Seek","floor":16},{"not_picked":["Stack","Turbo","Beam Cell"],"picked":"SKIP","floor":18},{"not_picked":["Go for the Eyes","Loop"],"picked":"Genetic Algorithm","floor":20},{"not_picked":["Barrage","Rebound","Redo"],"picked":"SKIP","floor":21}],"player_experience":585316,"relics_obtained":[{"floor":7,"key":"Ginger"},{"floor":9,"key":"Nunchaku"},{"floor":10,"key":"PreservedInsect"}],"event_choices":[{"damage_healed":0,"gold_gain":0,"player_choice":"Grow","damage_taken":0,"max_hp_gain":0,"max_hp_loss":0,"event_name":"Living Wall","floor":5,"gold_loss":0,"cards_upgraded":["Defragment"]},{"damage_healed":0,"gold_gain":0,"player_choice":"Searched \u00270\u0027 times","damage_taken":0,"max_hp_gain":0,"max_hp_loss":0,"event_name":"Dead Adventurer","floor":12,"gold_loss":0}],"is_beta":false,"boss_relics":[{"not_picked":["Velvet Choker","Inserter"],"picked":"Pandora\u0027s Box"}],"items_purged_floors":[],"is_endless":false,"potions_floor_spawned":[10,18,20],"killed_by":"Cultist and Chosen","ascension_level":20}