{"gold_per_floor":[110,110,120,136,154,182,182,208,232,250,250,266,300,300,300,300],"floor_reached":16,"playtime":303,"items_purged":[],"score":228,"play_id":"c7d29df7-9ed7-4698-91bd-25228b7ed64d","local_time":"20190312135316","is_ascension_mode":true,"campfire_choices":[{"data":"Defragment","floor":7,"key":"SMITH"},{"floor":11,"key":"REST"},{"data":"Defragment","floor":15,"key":"SMITH"}],"neow_cost":"TEN_PERCENT_HP_LOSS","seed_source_timestamp":1846058198213122,"circlet_count":0,"master_deck":["AscendersBane","Strike_B","Strike_B","Strike_B","Strike_B","Defend_B","Defend_B","Defend_B","Defend_B","Zap","Dualcast","Hyperbeam","Loop","Core Surge","Chill","Ball Lightning","Defragment+1","Defragment+1","Hologram","Ball Lightning","Cold Snap"],"relics":["Cracked Core","Nunchaku","Pen Nib","Bronze Scales","Juzu Bracelet","Golden Idol"],"potions_floor_usage":[6,6,12,12],"damage_taken":[{"damage":2,"enemies":"Jaw Worm","floor":1,"turns":4},{"damage":0,"enemies":"Cultist","floor":3,"turns":2},{"damage":0,"enemies":"Small Slimes","floor":4,"turns":2},{"damage":0,"enemies":"3 Louse","floor":5,"turns":2},{"damage":0,"enemies":"Gremlin Nob","floor":6,"turns":2},{"damage":30,"enemies":"Lagavulin","floor":8,"turns":5},{"damage":9,"enemies":"Blue Slaver","floor":10,"turns":2},{"damage":5,"enemies":"Exordium Thugs","floor":12,"turns":3},{"damage":16,"enemies":"Gremlin Nob","floor":13,"turns":4},{"damage":26,"enemies":"The Guardian","floor":16,"turns":6}],"seed_played":"-7518814309725514708","potions_obtained":[{"floor":1,"key":"FearPotion"},{"floor":3,"key":"PowerPotion"},{"floor":8,"key":"SpeedPotion"},{"floor":10,"key":"Swift Potion"}],"is_trial":false,"path_per_floor":["M","?","M","M","M","E","R","E","T","M","R","M","E","?","R","B"],"character_chosen":"DEFECT","items_purchased":[],"campfire_rested":1,"item_purchase_floors":[],"current_hp_per_floor":[66,66,66,66,66,66,66,36,36,27,47,42,26,26,26,0],"gold":300,"neow_bonus":"THREE_RARE_CARDS","is_prod":false,"is_daily":false,"chose_seed":false,"campfire_upgraded":2,"win_rate":0,"timestamp":1552413196,"path_taken":["M","?","?","M","M","E","R","E","T","M","R","M","E","?","R","BOSS"],"build_version":"2019-01-23","purchased_purges":0,"victory":false,"max_hp_per_floor":[68,68,68,68,68,68,68,68,68,68,68,68,68,63,63,63],"card_choices":[{"not_picked":["Seek","Core Surge"],"picked":"Hyperbeam","floor":0},{"not_picked":["Steam Power","Hello World"],"picked":"Loop","floor":1},{"not_picked":["Rebound","Sweeping Beam","Go for the Eyes"],"picked":"SKIP","floor":3},{"not_picked":["Conserve Battery","Undo"],"picked":"Chill","floor":4},{"not_picked":["Streamline","Conserve Battery"],"picked":"Ball Lightning","floor":5},{"not_picked":["Fission","Leap"],"picked":"Defragment","floor":6},{"not_picked":["Double Energy","Reinforced Body"],"picked":"Defragment","floor":8},{"not_picked":["Rebound","Steam Power"],"picked":"Hologram","floor":10},{"not_picked":["Reinforced Body","Turbo"],"picked":"Ball Lightning","floor":12},{"not_picked":["Barrage","Redo"],"picked":"Cold Snap","floor":13}],"player_experience":187071,"relics_obtained":[{"floor":6,"key":"Nunchaku"},{"floor":8,"key":"Pen Nib"},{"floor":9,"key":"Bronze Scales"},{"floor":13,"key":"Juzu Bracelet"}],"event_choices":[{"damage_healed":0,"gold_gain":0,"player_choice":"1 cards matched","damage_taken":0,"max_hp_gain":0,"max_hp_loss":0,"event_name":"Match and Keep!","floor":2,"gold_loss":0,"cards_obtained":["Core Surge"]},{"damage_healed":0,"gold_gain":0,"player_choice":"Lose Max HP","damage_taken":0,"relics_obtained":["Golden Idol"],"max_hp_gain":0,"max_hp_loss":5,"event_name":"Golden Idol","floor":14,"gold_loss":0}],"is_beta":false,"boss_relics":[],"items_purged_floors":[],"is_endless":false,"potions_floor_spawned":[1,3,8,10],"killed_by":"The Guardian","ascension_level":11}