{"gold_per_floor":[114,131,144,51,51,85,105,105,131,131,162,172,172],"floor_reached":13,"playtime":564,"items_purged":[],"score":119,"play_id":"f68ec671-cdec-4ff8-a207-763356671cef","local_time":"20190828210756","is_ascension_mode":true,"campfire_choices":[{"floor":8,"key":"REST"}],"neow_cost":"NONE","seed_source_timestamp":12966726797315,"circlet_count":0,"master_deck":["Strike_G","Strike_G","Strike_G","Defend_G","Defend_G","Defend_G+1","Defend_G","Defend_G+1","Survivor","Neutralize","All Out Attack","Poisoned Stab","Backflip","Noxious Fumes","PiercingWail","Dagger Throw","Envenom","Dodge and Roll"],"relics":["Empty Cage","Potion Belt","Dream Catcher","Lantern","Letter Opener"],"potions_floor_usage":[11,13],"damage_taken":[{"damage":0,"enemies":"2 Louse","floor":1,"turns":4},{"damage":9,"enemies":"Cultist","floor":2,"turns":6},{"damage":7,"enemies":"Jaw Worm","floor":3,"turns":5},{"damage":23,"enemies":"Lagavulin","floor":6,"turns":7},{"damage":3,"enemies":"Blue Slaver","floor":7,"turns":6},{"damage":23,"enemies":"Gremlin Nob","floor":11,"turns":4},{"damage":0,"enemies":"2 Fungi Beasts","floor":12,"turns":3},{"damage":16,"enemies":"3 Sentries","floor":13,"turns":4}],"seed_played":"9122719860405699469","potions_obtained":[{"floor":3,"key":"SpeedPotion"},{"floor":6,"key":"SteroidPotion"},{"floor":7,"key":"Energy Potion"},{"floor":11,"key":"Swift Potion"}],"is_trial":false,"path_per_floor":["M","M","M","$","?","E","M","R","T","?","E","M","E"],"character_chosen":"THE_SILENT","items_purchased":["Backflip","Noxious Fumes"],"campfire_rested":1,"item_purchase_floors":[4,4],"current_hp_per_floor":[70,61,54,54,54,31,28,49,49,35,12,12,0],"gold":172,"neow_bonus":"BOSS_RELIC","is_prod":false,"is_daily":false,"chose_seed":false,"campfire_upgraded":0,"win_rate":0,"timestamp":1566994076,"path_taken":["M","M","M","$","?","E","?","R","T","?","E","M","E"],"build_version":"2019-07-17","purchased_purges":0,"victory":false,"max_hp_per_floor":[70,70,70,70,70,70,70,70,70,70,70,70,70],"card_choices":[{"not_picked":["Outmaneuver","Prepared"],"picked":"All Out Attack","floor":1},{"not_picked":["Well Laid Plans","Blade Dance"],"picked":"Poisoned Stab","floor":2},{"not_picked":["Deadly Poison","Quick Slash","Predator"],"picked":"SKIP","floor":3},{"not_picked":["Predator","Distraction"],"picked":"PiercingWail","floor":6},{"not_picked":["Poisoned Stab","Choke","Deadly Poison"],"picked":"SKIP","floor":7},{"not_picked":["Caltrops","Prepared"],"picked":"Dagger Throw","floor":8},{"not_picked":["Slice","Backflip"],"picked":"Envenom","floor":11},{"not_picked":["Deflect","Sucker Punch"],"picked":"Dodge and Roll","floor":12}],"player_experience":251431,"relics_obtained":[{"floor":6,"key":"Dream Catcher"},{"floor":9,"key":"Lantern"},{"floor":11,"key":"Letter Opener"}],"event_choices":[{"damage_healed":0,"gold_gain":0,"player_choice":"Gave Potion","damage_taken":0,"relics_obtained":["Potion Belt"],"max_hp_gain":0,"max_hp_loss":0,"event_name":"WeMeetAgain","floor":5,"gold_loss":0},{"damage_healed":0,"gold_gain":0,"player_choice":"Entered Light","damage_taken":14,"max_hp_gain":0,"max_hp_loss":0,"event_name":"Shining Light","floor":10,"gold_loss":0,"cards_upgraded":["Defend_G","Defend_G"]}],"is_beta":false,"boss_relics":[],"items_purged_floors":[],"is_endless":false,"potions_floor_spawned":[3,6,7,11],"killed_by":"3 Sentries","ascension_level":5}