{"gold_per_floor":[114,114,134,147,147,182,182,208,235,235,249,249,2,30,30,30],"floor_reached":16,"playtime":434,"items_purged":["Strike_R"],"score":183,"play_id":"e100181c-dcf1-420c-a8cb-5846753fdd30","local_time":"20190305133241","is_ascension_mode":true,"campfire_choices":[{"data":"True Grit","floor":7,"key":"SMITH"},{"data":"Barricade","floor":10,"key":"SMITH"},{"floor":12,"key":"REST"},{"floor":15,"key":"REST"}],"neow_cost":"TEN_PERCENT_HP_LOSS","seed_source_timestamp":1243435377936244,"circlet_count":0,"master_deck":["AscendersBane","Strike_R","Strike_R","Strike_R","Strike_R","Defend_R","Defend_R","Defend_R","Defend_R","Bash","Body Slam+1","True Grit+1","Inflame","Twin Strike","Barricade+1","Infernal Blade","Good Instincts","Whirlwind","True Grit"],"relics":["Burning Blood","Gambling Chip","Art of War","Omamori","Blood Vial","Oddly Smooth Stone"],"potions_floor_usage":[8,8,11],"damage_taken":[{"damage":15,"enemies":"Small Slimes","floor":1,"turns":4},{"damage":3,"enemies":"2 Louse","floor":3,"turns":2},{"damage":3,"enemies":"Cultist","floor":4,"turns":4},{"damage":33,"enemies":"Lagavulin","floor":6,"turns":6},{"damage":9,"enemies":"3 Sentries","floor":8,"turns":7},{"damage":17,"enemies":"Exordium Wildlife","floor":11,"turns":5},{"damage":43,"enemies":"Gremlin Nob","floor":14,"turns":5},{"damage":44,"enemies":"Slime Boss","floor":16,"turns":9}],"seed_played":"5904744198040875335","potions_obtained":[{"floor":4,"key":"Explosive Potion"},{"floor":6,"key":"PowerPotion"},{"floor":8,"key":"FearPotion"}],"is_trial":false,"path_per_floor":["M","?","M","M","?","E","R","E","T","R","M","R","$","E","R","B"],"character_chosen":"IRONCLAD","items_purchased":["Good Instincts","Whirlwind","True Grit"],"campfire_rested":2,"item_purchase_floors":[13,13,13],"current_hp_per_floor":[63,63,66,69,69,42,42,39,39,39,30,51,51,16,37,0],"gold":30,"neow_bonus":"ONE_RARE_RELIC","is_prod":false,"is_daily":false,"chose_seed":false,"campfire_upgraded":2,"win_rate":0,"timestamp":1551810761,"path_taken":["M","?","M","M","?","E","R","E","T","R","M","R","$","E","R","BOSS"],"build_version":"2019-01-23","purchased_purges":1,"victory":false,"max_hp_per_floor":[72,72,72,72,72,72,72,72,72,72,72,72,72,72,72,72],"card_choices":[{"not_picked":["Headbutt","Havoc"],"picked":"Body Slam","floor":1},{"not_picked":["Rupture","Headbutt"],"picked":"True Grit","floor":3},{"not_picked":["Searing Blow","Iron Wave"],"picked":"Inflame","floor":4},{"not_picked":["Headbutt","Flex"],"picked":"Twin Strike","floor":6},{"not_picked":["Body Slam","Combust"],"picked":"Barricade","floor":8},{"not_picked":["Combust","Thunderclap"],"picked":"Infernal Blade","floor":11},{"not_picked":["Carnage","Searing Blow","Anger"],"picked":"SKIP","floor":14}],"player_experience":175502,"relics_obtained":[{"floor":6,"key":"Art of War"},{"floor":8,"key":"Omamori"},{"floor":9,"key":"Blood Vial"},{"floor":14,"key":"Oddly Smooth Stone"}],"event_choices":[{"damage_healed":0,"gold_gain":0,"player_choice":"Grow","damage_taken":0,"max_hp_gain":0,"max_hp_loss":0,"event_name":"Living Wall","floor":2,"gold_loss":0,"cards_upgraded":["Body Slam"]},{"damage_healed":0,"gold_gain":0,"player_choice":"Ignored","damage_taken":0,"max_hp_gain":0,"max_hp_loss":0,"event_name":"Liars Game","floor":5,"gold_loss":0}],"is_beta":false,"boss_relics":[],"items_purged_floors":[13],"is_endless":false,"potions_floor_spawned":[4,6,8],"killed_by":"Slime Boss","ascension_level":11}