{"gold_per_floor":[112,131,131,131,180,224,49,49,49,72,72,110,30,53,53,177,177,202,202,39,40,40,83,83,83],"floor_reached":25,"playtime":437,"items_purged":["Strike_B"],"score":378,"play_id":"c2583e68-2688-4623-b016-9656c61ceada","local_time":"20190302114651","is_ascension_mode":true,"campfire_choices":[{"data":"Discovery","floor":8,"key":"SMITH"},{"data":"Zap","floor":11,"key":"SMITH"},{"floor":15,"key":"REST"},{"floor":24,"key":"REST"}],"neow_cost":"NONE","seed_source_timestamp":977858683735205,"circlet_count":0,"master_deck":["AscendersBane","Strike_B","Defend_B","Defend_B","Defend_B","Defend_B","Zap+1","Dualcast","Melter","Blizzard","Discovery+1","Conserve Battery","Genetic Algorithm","Defragment","Gash","Seek","Conserve Battery","Amplify","Thunder Strike","White Noise","Defragment","Ball Lightning","Shame","Chill"],"relics":["Cracked Core","NeowsBlessing","DataDisk","Golden Idol","Smiling Mask","Emotion Chip","Torii","Mummified Hand","Cursed Key","Strawberry","Unceasing Top"],"potions_floor_usage":[12,16,23],"damage_taken":[{"damage":0,"enemies":"Small Slimes","floor":1,"turns":1},{"damage":0,"enemies":"2 Louse","floor":2,"turns":1},{"damage":0,"enemies":"3 Sentries","floor":6,"turns":2},{"damage":12,"enemies":"Jaw Worm","floor":10,"turns":2},{"damage":28,"enemies":"Gremlin Nob","floor":12,"turns":4},{"damage":9,"enemies":"Blue Slaver","floor":14,"turns":4},{"damage":12,"enemies":"The Guardian","floor":16,"turns":8},{"damage":16,"enemies":"Shell Parasite","floor":18,"turns":4},{"damage":18,"enemies":"2 Thieves","floor":21,"turns":4},{"damage":22,"enemies":"Gremlin Leader","floor":23,"turns":3},{"damage":34,"enemies":"Slavers","floor":25,"turns":1}],"seed_played":"-7271156027741436611","potions_obtained":[{"floor":1,"key":"LiquidBronze"},{"floor":2,"key":"Ancient Potion"},{"floor":12,"key":"AttackPotion"}],"is_trial":false,"path_per_floor":["M","M","?","?","T","E","$","R","T","M","R","E","$","M","R","B",null,"M","?","$","M","?","E","R","E"],"character_chosen":"DEFECT","items_purchased":["Blizzard","Discovery","Defragment","White Noise","Defragment"],"campfire_rested":2,"item_purchase_floors":[7,7,13,20,20],"current_hp_per_floor":[68,68,61,61,61,61,61,61,61,49,49,21,21,12,32,20,57,41,41,41,23,30,8,30,0],"gold":83,"neow_bonus":"THREE_ENEMY_KILL","is_prod":false,"is_daily":false,"chose_seed":false,"campfire_upgraded":2,"win_rate":0,"timestamp":1551545211,"path_taken":["M","M","?","?","?","E","$","R","T","M","R","E","?","?","R","BOSS","M","?","$","M","?","E","R","E"],"build_version":"2019-01-23","purchased_purges":1,"victory":false,"max_hp_per_floor":[75,75,75,69,69,69,69,69,69,69,69,69,69,69,69,69,69,69,69,69,69,76,76,76,76],"card_choices":[{"not_picked":["Scrape","Beam Cell","Barrage"],"picked":"SKIP","floor":1},{"not_picked":["Sweeping Beam","Beam Cell","Steam Power"],"picked":"SKIP","floor":2},{"not_picked":["Lockon","Force Field"],"picked":"Melter","floor":6},{"not_picked":["Recycle","Turbo"],"picked":"Conserve Battery","floor":10},{"not_picked":["Leap","Darkness"],"picked":"Genetic Algorithm","floor":12},{"not_picked":["Darkness","Leap"],"picked":"Gash","floor":14},{"not_picked":["Multi-Cast","Reboot"],"picked":"Seek","floor":16},{"not_picked":["Go for the Eyes","Storm"],"picked":"Conserve Battery","floor":18},{"not_picked":["Stack","Lockon"],"picked":"Ball Lightning","floor":21},{"not_picked":["Consume","Compile Driver+1"],"picked":"Chill","floor":23}],"player_experience":164241,"relics_obtained":[{"floor":5,"key":"Smiling Mask"},{"floor":6,"key":"Emotion Chip"},{"floor":9,"key":"Torii"},{"floor":12,"key":"Mummified Hand"},{"floor":23,"key":"Unceasing Top"}],"event_choices":[{"damage_healed":0,"gold_gain":0,"player_choice":"Success","damage_taken":7,"relics_obtained":["DataDisk"],"max_hp_gain":0,"max_hp_loss":0,"event_name":"Scrap Ooze","floor":3,"gold_loss":0},{"damage_healed":0,"gold_gain":0,"player_choice":"Lose Max HP","damage_taken":0,"relics_obtained":["Golden Idol"],"max_hp_gain":0,"max_hp_loss":6,"event_name":"Golden Idol","floor":4,"gold_loss":0},{"damage_healed":0,"gold_gain":0,"cards_transformed":["Strike_B","Strike_B"],"player_choice":"Became Test Subject","damage_taken":0,"max_hp_gain":0,"max_hp_loss":0,"event_name":"Drug Dealer","floor":19,"gold_loss":0,"cards_obtained":["Amplify","Thunder Strike"]},{"damage_healed":0,"gold_gain":0,"player_choice":"Stole Relic","damage_taken":0,"relics_obtained":["Strawberry"],"max_hp_gain":0,"max_hp_loss":0,"event_name":"Addict","floor":22,"gold_loss":0,"cards_obtained":["Shame"]}],"is_beta":false,"boss_relics":[{"not_picked":["FrozenCore","Inserter"],"picked":"Cursed Key"}],"items_purged_floors":[20],"is_endless":false,"potions_floor_spawned":[1,2,12],"killed_by":"Slavers","ascension_level":10}