{"gold_per_floor":[111,128,128,128,141,174,192,192,192,205,205,205,205,217,217,293,293,309,144,144,157,169,169],"floor_reached":23,"playtime":582,"items_purged":["Strike_G"],"score":386,"play_id":"57cf7922-ddfd-49e0-8e15-a71717a0eb1d","local_time":"20190625135637","is_ascension_mode":true,"campfire_choices":[{"floor":8,"key":"REST"},{"data":"Deadly Poison","floor":11,"key":"SMITH"},{"data":"Envenom","floor":13,"key":"SMITH"},{"data":"Neutralize","floor":15,"key":"SMITH"}],"neow_cost":"NONE","seed_source_timestamp":313833988794605,"circlet_count":0,"master_deck":["AscendersBane","Defend_G","Defend_G","Defend_G","Defend_G","Defend_G","Strike_G","Strike_G","Survivor","Neutralize+1","Dagger Spray","Deadly Poison+1","PiercingWail","Bane","PiercingWail","Envenom+1","Riddle With Holes","Night Terror","Footwork","Footwork","Skewer"],"special_seed":0,"relics":["Ring of the Snake","NeowsBlessing","Mercury Hourglass","Omamori","FossilizedHelix","Snecko Eye"],"potions_floor_usage":[7,16,21,22],"damage_taken":[{"damage":0.0,"enemies":"Cultist","floor":1.0,"turns":1.0},{"damage":0.0,"enemies":"Jaw Worm","floor":2.0,"turns":1.0},{"damage":0,"enemies":"Small Slimes","floor":5,"turns":1},{"damage":38,"enemies":"Lagavulin","floor":6,"turns":7},{"damage":5,"enemies":"2 Fungi Beasts","floor":7,"turns":3},{"damage":9,"enemies":"Gremlin Gang","floor":10,"turns":4},{"damage":0,"enemies":"Large Slime","floor":14,"turns":5},{"damage":10,"enemies":"The Guardian","floor":16,"turns":10},{"damage":11,"enemies":"2 Thieves","floor":18,"turns":3},{"damage":2,"enemies":"Chosen","floor":21,"turns":5},{"damage":10,"enemies":"Snake Plant","floor":22,"turns":5},{"damage":40,"enemies":"Slavers","floor":23,"turns":4}],"seed_played":"5419885339944759633","potions_obtained":[{"floor":6,"key":"Dexterity Potion"},{"floor":14,"key":"Fire Potion"},{"floor":16,"key":"Poison Potion"},{"floor":18,"key":"GhostInAJar"}],"is_trial":false,"path_per_floor":["M","M","T","?","M","E","M","R","T","M","R","?","R","M","R","B",null,"M","$","?","M","M","E"],"character_chosen":"THE_SILENT","items_purchased":["Footwork"],"campfire_rested":1,"item_purchase_floors":[19],"current_hp_per_floor":[59,59,59,52,52,14,9,28,28,19,19,19,19,19,19,9,52,41,41,41,39,29,0],"gold":169,"neow_bonus":"THREE_ENEMY_KILL","is_prod":false,"is_daily":false,"chose_seed":false,"campfire_upgraded":3,"win_rate":0,"timestamp":1561485397,"path_taken":["M","M","?","?","M","E","M","R","T","M","R","?","R","?","R","BOSS","M","$","?","?","?","E"],"build_version":"2019-01-23","purchased_purges":1,"victory":false,"max_hp_per_floor":[66,66,66,66,66,66,66,66,66,66,66,66,66,66,66,66,66,66,66,66,66,66,66],"card_choices":[{"not_picked":["Quick Slash","Infinite Blades"],"picked":"Dagger Spray","floor":1.0},{"not_picked":["Dagger Spray","Dagger Throw"],"picked":"Deadly Poison","floor":2.0},{"not_picked":["Outmaneuver","Reflex","Choke"],"picked":"SKIP","floor":5},{"not_picked":["Tactician","Underhanded Strike"],"picked":"PiercingWail","floor":6},{"not_picked":["Expertise","Prepared"],"picked":"Bane","floor":7},{"not_picked":["Calculated Gamble","Poisoned Stab"],"picked":"PiercingWail","floor":10},{"not_picked":["Poisoned Stab","Acrobatics"],"picked":"Riddle With Holes","floor":14},{"not_picked":["Die Die Die","Bullet Time"],"picked":"Night Terror","floor":16},{"not_picked":["Dagger Spray","Masterful Stab","Catalyst"],"picked":"SKIP","floor":18},{"not_picked":["Poisoned Stab","Bane"],"picked":"Skewer","floor":21},{"not_picked":["Tools of the Trade","Skewer","Dagger Throw"],"picked":"SKIP","floor":22}],"player_experience":459001,"relics_obtained":[{"floor":3,"key":"Mercury Hourglass"},{"floor":6,"key":"Omamori"},{"floor":9,"key":"FossilizedHelix"}],"event_choices":[{"cards_removed":["Strike_G"],"damage_healed":0,"gold_gain":0,"player_choice":"Card Removal","damage_taken":7,"max_hp_gain":0,"max_hp_loss":0,"event_name":"Golden Wing","floor":4,"gold_loss":0},{"damage_healed":0,"gold_gain":0,"cards_transformed":["Strike_G"],"player_choice":"Transformed","damage_taken":0,"max_hp_gain":0,"max_hp_loss":0,"event_name":"Transmorgrifier","floor":12,"gold_loss":0,"cards_obtained":["Envenom"]},{"damage_healed":0,"gold_gain":0,"player_choice":"Copied","damage_taken":0,"max_hp_gain":0,"max_hp_loss":0,"event_name":"Duplicator","floor":20,"gold_loss":0,"cards_obtained":["Footwork"]}],"is_beta":false,"boss_relics":[{"not_picked":["Empty Cage","Pandora\u0027s Box"],"picked":"Snecko Eye"}],"items_purged_floors":[19],"is_endless":false,"potions_floor_spawned":[6,14,16,18],"killed_by":"Slavers","ascension_level":20}