{"gold_per_floor":[13,13,13,34,54,97,118,149,149,149,192,19,63,28,28,152,152,167,167,167,80,94,125,144,144,171,171,171,21,57,80,80,208,208,221,221,235,258,35,35,66,97,109,154,166,178,226,258,270,282],"floor_reached":51,"playtime":3799,"items_purged":["Strike_G"],"score":1091,"play_id":"1a8e6461-93bf-4e78-8fa2-34897a1256ab","local_time":"20190829203808","is_ascension_mode":true,"campfire_choices":[{"floor":10,"key":"REST"},{"data":"A Thousand Cuts","floor":15,"key":"SMITH"},{"data":"Endless Agony","floor":25,"key":"SMITH"},{"data":"Burst","floor":28,"key":"SMITH"},{"data":"Terror","floor":32,"key":"SMITH"},{"data":"Accuracy","floor":40,"key":"SMITH"},{"data":"Wraith Form v2","floor":49,"key":"SMITH"}],"neow_cost":"NO_GOLD","seed_source_timestamp":7121511578178,"circlet_count":0,"master_deck":["Defend_G","Defend_G","Defend_G+1","Defend_G","Survivor","Neutralize","Endless Agony+1","Poisoned Stab","Flying Knee","Terror+1","Burst+1","A Thousand Cuts+1","Escape Plan","Slice","Die Die Die","PiercingWail+1","Bite","Bite","Bite","Bite","Well Laid Plans","Blade Dance+1","Acrobatics","Reflex","Malaise","Slice+1","Blade Dance+1","Wraith Form v2+1","Calculated Gamble+1","Sucker Punch+1","Accuracy+1","Backflip","Malaise","Footwork","Tactician"],"relics":["Ring of the Snake","Golden Idol","Ginger","Torii","Mango","Nunchaku","Orichalcum","Sozu","Happy Flower","War Paint","Bag of Preparation","Runic Pyramid","Ancient Tea Set","MawBank","Bottled Tornado","Regal Pillow","Centennial Puzzle"],"potions_floor_usage":[4,6,8,11,13,23,23,33],"damage_taken":[{"damage":7,"enemies":"Jaw Worm","floor":1,"turns":7},{"damage":10,"enemies":"Cultist","floor":4,"turns":5},{"damage":0,"enemies":"2 Louse","floor":5,"turns":2},{"damage":0,"enemies":"Gremlin Nob","floor":6,"turns":3},{"damage":2,"enemies":"Exordium Wildlife","floor":7,"turns":4},{"damage":28,"enemies":"Lagavulin","floor":8,"turns":7},{"damage":5,"enemies":"3 Sentries","floor":11,"turns":8},{"damage":1,"enemies":"Lagavulin","floor":13,"turns":6},{"damage":36,"enemies":"The Guardian","floor":16,"turns":13},{"damage":2,"enemies":"Shell Parasite","floor":18,"turns":5},{"damage":0,"enemies":"3 Byrds","floor":22,"turns":5},{"damage":9,"enemies":"Slavers","floor":23,"turns":3},{"damage":2,"enemies":"Centurion and Healer","floor":24,"turns":5},{"damage":14,"enemies":"Gremlin Leader","floor":30,"turns":6},{"damage":9,"enemies":"Snecko","floor":31,"turns":5},{"damage":31,"enemies":"Collector","floor":33,"turns":8},{"damage":0,"enemies":"3 Shapes","floor":35,"turns":3},{"damage":3,"enemies":"3 Darklings","floor":37,"turns":4},{"damage":24,"enemies":"Writhing Mass","floor":38,"turns":6},{"damage":0,"enemies":"Reptomancer","floor":41,"turns":5},{"damage":1,"enemies":"Sphere and 2 Shapes","floor":42,"turns":4},{"damage":19,"enemies":"Nemesis","floor":44,"turns":7},{"damage":14,"enemies":"Giant Head","floor":47,"turns":6},{"damage":19,"enemies":"Jaw Worm Horde","floor":48,"turns":2},{"damage":10,"enemies":"Time Eater","floor":50,"turns":12}],"seed_played":"-3946514445275068987","potions_obtained":[{"floor":3,"key":"LiquidBronze"},{"floor":3,"key":"Fruit Juice"},{"floor":3,"key":"AttackPotion"},{"floor":4,"key":"LiquidBronze"},{"floor":6,"key":"Energy Potion"},{"floor":16,"key":"Poison Potion"}],"is_trial":false,"path_per_floor":["M","?","?","M","M","E","M","E","T","R","E","$","E","?","R","B",null,"M","?","?","$","M","E","M","R","T","?","R","$","E","M","R","B",null,"M","?","M","M","$","R","E","M","T","E","?","?","E","M","R","B",null],"character_chosen":"THE_SILENT","items_purchased":["Fire Potion","Block Potion","Well Laid Plans","Blade Dance","Malaise","Accuracy","Ancient Tea Set"],"campfire_rested":1,"item_purchase_floors":[12,12,21,21,29,39,39],"current_hp_per_floor":[56,39,39,34,34,34,32,4,18,44,39,39,38,60,60,24,73,71,62,62,62,62,56,62,62,62,62,62,62,51,50,50,33,55,61,61,62,50,50,50,56,62,62,53,53,53,50,33,33,43],"gold":294,"neow_bonus":"REMOVE_TWO","is_prod":false,"is_daily":false,"chose_seed":false,"campfire_upgraded":6,"win_rate":0,"timestamp":1567078688,"path_taken":["M","?","?","M","?","E","M","E","T","R","E","$","E","?","R","BOSS","M","?","?","$","M","E","?","R","T","?","R","?","E","M","R","BOSS","M","?","?","M","$","R","E","M","T","E","?","?","E","?","R","BOSS"],"build_version":"2019-07-17","purchased_purges":1,"victory":true,"max_hp_per_floor":[70,70,70,75,75,75,75,75,89,89,89,89,89,89,89,89,89,89,62,62,62,62,62,62,62,62,62,62,62,62,62,62,62,62,62,62,62,62,62,62,62,62,62,62,59,59,59,59,59,59],"card_choices":[{"not_picked":["Sucker Punch","PiercingWail"],"picked":"Endless Agony","floor":1},{"not_picked":["Deadly Poison","Blade Dance"],"picked":"Poisoned Stab","floor":4},{"not_picked":["Deflect","Masterful Stab"],"picked":"Flying Knee","floor":5},{"not_picked":["Heel Hook","Outmaneuver"],"picked":"Terror","floor":6},{"not_picked":["Predator","Deflect"],"picked":"Burst","floor":7},{"not_picked":["Backflip","Dagger Throw"],"picked":"A Thousand Cuts","floor":8},{"not_picked":["Flying Knee","Underhanded Strike"],"picked":"Escape Plan","floor":11},{"not_picked":["Quick Slash","Dodge and Roll"],"picked":"Slice","floor":13},{"not_picked":["Venomology","Wraith Form v2"],"picked":"Die Die Die","floor":16},{"not_picked":["Quick Slash","Prepared"],"picked":"PiercingWail+1","floor":18},{"not_picked":["Bane+1","Deadly Poison+1"],"picked":"Acrobatics","floor":22},{"not_picked":["Dagger Throw","Slice"],"picked":"Reflex","floor":23},{"not_picked":["Dagger Throw","Outmaneuver+1"],"picked":"Blade Dance","floor":24},{"not_picked":["Eviscerate+1","Leg Sweep"],"picked":"Slice+1","floor":30},{"not_picked":["PiercingWail","Deflect"],"picked":"Blade Dance+1","floor":31},{"not_picked":["Grand Finale","Doppelganger"],"picked":"Wraith Form v2","floor":33},{"not_picked":["Infinite Blades+1","Deflect"],"picked":"Calculated Gamble+1","floor":35},{"not_picked":["Well Laid Plans+1","Dagger Spray"],"picked":"Sucker Punch+1","floor":37},{"not_picked":["Dagger Throw+1","Deflect","Bane"],"picked":"SKIP","floor":38},{"not_picked":["Poisoned Stab+1","Dash"],"picked":"Backflip","floor":41},{"not_picked":["Dagger Throw","Finisher+1"],"picked":"Malaise","floor":42},{"not_picked":["Prepared+1","Sucker Punch+1"],"picked":"Footwork","floor":44},{"not_picked":["Acrobatics","Eviscerate+1","Dodge and Roll"],"picked":"SKIP","floor":47},{"not_picked":["Sucker Punch","Infinite Blades+1"],"picked":"Tactician","floor":48}],"player_experience":259338,"relics_obtained":[{"floor":6,"key":"Ginger"},{"floor":8,"key":"Torii"},{"floor":9,"key":"Mango"},{"floor":11,"key":"Nunchaku"},{"floor":13,"key":"Orichalcum"},{"floor":23,"key":"Happy Flower"},{"floor":26,"key":"War Paint"},{"floor":30,"key":"Bag of Preparation"},{"floor":41,"key":"MawBank"},{"floor":43,"key":"Bottled Tornado"},{"floor":44,"key":"Regal Pillow"},{"floor":47,"key":"Centennial Puzzle"}],"event_choices":[{"damage_healed":0,"gold_gain":0,"player_choice":"Take Damage","damage_taken":17,"relics_obtained":["Golden Idol"],"max_hp_gain":0,"max_hp_loss":0,"event_name":"Golden Idol","floor":2,"gold_loss":0},{"damage_healed":0,"gold_gain":0,"player_choice":"Got Potions","damage_taken":0,"max_hp_gain":0,"max_hp_loss":0,"event_name":"Lab","floor":3,"gold_loss":0},{"damage_healed":22,"gold_gain":0,"player_choice":"Healed","damage_taken":0,"max_hp_gain":0,"max_hp_loss":0,"event_name":"The Cleric","floor":14,"gold_loss":35},{"damage_healed":0,"gold_gain":0,"player_choice":"Became a vampire","damage_taken":0,"max_hp_gain":0,"max_hp_loss":27,"event_name":"Vampires","floor":19,"gold_loss":0,"cards_obtained":["Bite","Bite","Bite","Bite","Bite"]},{"cards_removed":["Bite"],"damage_healed":5,"gold_gain":0,"player_choice":"Offered Special","damage_taken":0,"max_hp_gain":0,"max_hp_loss":0,"event_name":"Bonfire Elementals","floor":20,"gold_loss":0},{"damage_healed":0,"gold_gain":0,"player_choice":"Ignored","damage_taken":0,"max_hp_gain":0,"max_hp_loss":0,"event_name":"Ghosts","floor":27,"gold_loss":0},{"cards_removed":["Blade Dance"],"damage_healed":0,"gold_gain":0,"player_choice":"Card Removal","damage_taken":0,"max_hp_gain":0,"max_hp_loss":0,"event_name":"Wheel of Change","floor":36,"gold_loss":0},{"damage_healed":0,"gold_gain":0,"player_choice":"Max HP","damage_taken":0,"max_hp_gain":0,"max_hp_loss":3,"event_name":"Winding Halls","floor":45,"gold_loss":0},{"damage_healed":0,"gold_gain":0,"player_choice":"Bought 0 Potions","damage_taken":0,"max_hp_gain":0,"max_hp_loss":0,"event_name":"The Woman in Blue","floor":46,"gold_loss":0}],"is_beta":false,"boss_relics":[{"not_picked":["Ectoplasm","Runic Dome"],"picked":"Sozu"},{"not_picked":["Eternal Feather","Orrery"],"picked":"Runic Pyramid"}],"items_purged_floors":[12],"is_endless":false,"potions_floor_spawned":[4,6,7,16,24,31,33,41,44,48],"ascension_level":6}