{"gold_per_floor":[109,109,109,128,143,143,177,195,220,220,230,246,4,4,4,83,83,63,78,78,94,94,94,123,123],"floor_reached":25,"playtime":1140,"items_purged":[],"score":446,"play_id":"85a3011c-8e65-4d9a-a034-eaa382c13970","local_time":"20190623101149","is_ascension_mode":true,"campfire_choices":[{"data":"Cloak And Dagger","floor":6,"key":"SMITH"},{"data":"Footwork","floor":10,"key":"SMITH"},{"data":"Apotheosis","floor":15,"key":"SMITH"},{"floor":23,"key":"REST"}],"neow_cost":"NONE","seed_source_timestamp":124708472509036,"circlet_count":0,"master_deck":["AscendersBane","Defend_G","Defend_G","Defend_G","Defend_G","Defend_G","Strike_G","Strike_G","Strike_G","Strike_G","Survivor","Neutralize","Endless Agony","Cloak And Dagger+1","Leg Sweep","Footwork+1","Dodge and Roll","PiercingWail","Caltrops","Well Laid Plans","Apotheosis+1","PiercingWail","Adrenaline","Leg Sweep","Flying Knee","Night Terror","Dagger Throw+1","A Thousand Cuts","Quick Slash","Footwork+1"],"relics":["Ring of the Snake","NeowsBlessing","Anchor","Dream Catcher","Orrery","Pen Nib"],"potions_floor_usage":[7,16,16,21,25],"damage_taken":[{"damage":0,"enemies":"Jaw Worm","floor":1,"turns":1},{"damage":0,"enemies":"Small Slimes","floor":4,"turns":1},{"damage":0,"enemies":"Cultist","floor":5,"turns":1},{"damage":18,"enemies":"Gremlin Nob","floor":7,"turns":4},{"damage":7,"enemies":"Exordium Thugs","floor":8,"turns":5},{"damage":8,"enemies":"3 Louse","floor":11,"turns":5},{"damage":11,"enemies":"Lots of Slimes","floor":12,"turns":5},{"damage":10,"enemies":"The Guardian","floor":16,"turns":15},{"damage":12,"enemies":"2 Thieves","floor":18,"turns":5},{"damage":0,"enemies":"Shell Parasite","floor":19,"turns":9},{"damage":22,"enemies":"Snecko","floor":21,"turns":7},{"damage":26,"enemies":"Gremlin Leader","floor":24,"turns":10},{"damage":35,"enemies":"3 Cultists","floor":25,"turns":5}],"seed_played":"5950668511419962957","potions_obtained":[{"floor":1,"key":"SkillPotion"},{"floor":5,"key":"Swift Potion"},{"floor":8,"key":"EssenceOfSteel"},{"floor":16,"key":"Block Potion"},{"floor":24,"key":"Block Potion"}],"is_trial":false,"path_per_floor":["M","?","?","M","M","R","E","M","T","R","M","M","$","$","R","B",null,"M","M","$","M","?","R","E","M"],"character_chosen":"THE_SILENT","items_purchased":["Apotheosis","PiercingWail"],"campfire_rested":1,"item_purchase_floors":[13,13],"current_hp_per_floor":[59,64,64,64,64,64,46,39,39,39,31,20,20,20,20,10,56,44,44,44,22,22,43,17,0],"gold":123,"neow_bonus":"THREE_ENEMY_KILL","is_prod":false,"is_daily":false,"chose_seed":false,"campfire_upgraded":3,"win_rate":0,"timestamp":1561299109,"path_taken":["M","?","?","M","?","R","E","M","T","R","M","M","?","$","R","BOSS","M","M","$","M","?","R","E","?"],"build_version":"2019-01-23","purchased_purges":0,"victory":false,"max_hp_per_floor":[66,71,71,71,71,71,71,71,71,71,71,71,71,71,71,71,71,71,71,71,71,71,71,71,71],"card_choices":[{"not_picked":["All Out Attack","Blur"],"picked":"Endless Agony","floor":1},{"not_picked":["Deadly Poison","Underhanded Strike"],"picked":"Leg Sweep","floor":4},{"not_picked":["Skewer","Sucker Punch"],"picked":"Footwork","floor":5},{"not_picked":["Burst","Poisoned Stab"],"picked":"Dodge and Roll","floor":7},{"not_picked":["Blade Dance","Dagger Spray"],"picked":"PiercingWail","floor":8},{"not_picked":["Eviscerate","Flechettes"],"picked":"Caltrops","floor":11},{"not_picked":["Distraction","Backflip"],"picked":"Well Laid Plans","floor":12},{"not_picked":["Bullet Time","Doppelganger"],"picked":"Adrenaline","floor":16},{"not_picked":["Endless Agony","Poisoned Stab"],"picked":"Leg Sweep","floor":17},{"not_picked":["Riddle With Holes","Masterful Stab"],"picked":"Flying Knee","floor":17},{"not_picked":["Acrobatics","Cloak And Dagger"],"picked":"Night Terror","floor":17},{"not_picked":["Outmaneuver","Flechettes"],"picked":"Dagger Throw+1","floor":18},{"not_picked":["Prepared","Poisoned Stab"],"picked":"A Thousand Cuts","floor":19},{"not_picked":["Slice","Dagger Throw","Caltrops"],"picked":"SKIP","floor":21},{"not_picked":["Skewer","Slice"],"picked":"Footwork+1","floor":23},{"not_picked":["Blade Dance","Poisoned Stab","Reflex"],"picked":"SKIP","floor":24}],"player_experience":454211,"relics_obtained":[{"floor":7,"key":"Anchor"},{"floor":9,"key":"Dream Catcher"},{"floor":24,"key":"Pen Nib"}],"event_choices":[{"damage_healed":0,"gold_gain":0,"player_choice":"Donut","damage_taken":0,"max_hp_gain":5,"max_hp_loss":0,"event_name":"Big Fish","floor":2,"gold_loss":0},{"damage_healed":0,"gold_gain":0,"player_choice":"1 cards matched","damage_taken":0,"max_hp_gain":0,"max_hp_loss":0,"event_name":"Match and Keep!","floor":3,"gold_loss":0,"cards_obtained":["Cloak And Dagger"]},{"damage_healed":0,"gold_gain":0,"cards_transformed":["Strike_G"],"player_choice":"Transformed","damage_taken":0,"max_hp_gain":0,"max_hp_loss":0,"event_name":"Transmorgrifier","floor":22,"gold_loss":0,"cards_obtained":["Quick Slash"]}],"is_beta":false,"boss_relics":[{"not_picked":["Busted Crown","Tiny House"],"picked":"Orrery"}],"items_purged_floors":[],"is_endless":false,"potions_floor_spawned":[1,5,8,16,24],"killed_by":"3 Cultists","ascension_level":20}