{"gold_per_floor":[116,116,131,142,142,142,173,193,193,73,73,5,5,17,17,17],"floor_reached":16,"playtime":561,"items_purged":["Strike_R"],"score":175,"play_id":"b7b7e26c-cce0-4254-807e-5ab4aa27952c","local_time":"20190819204518","is_ascension_mode":true,"campfire_choices":[{"data":"Bash","floor":6,"key":"SMITH"},{"data":"True Grit","floor":13,"key":"SMITH"},{"data":"Armaments","floor":15,"key":"SMITH"}],"neow_cost":"PERCENT_DAMAGE","seed_source_timestamp":10267728796683,"circlet_count":0,"master_deck":["Strike_R","Strike_R","Strike_R","Defend_R","Defend_R","Defend_R","Defend_R","Bash+1","Spot Weakness","Rampage","Second Wind","Corruption","True Grit+1","Armaments+1","Dropkick"],"relics":["Burning Blood","Question Card","Anchor","Mango","Singing Bowl"],"potions_floor_usage":[7],"damage_taken":[{"damage":14,"enemies":"Jaw Worm","floor":1,"turns":4},{"damage":6,"enemies":"Cultist","floor":3,"turns":3},{"damage":2,"enemies":"Small Slimes","floor":4,"turns":4},{"damage":30,"enemies":"3 Sentries","floor":7,"turns":7},{"damage":8,"enemies":"3 Louse","floor":8,"turns":5},{"damage":10,"enemies":"Large Slime","floor":14,"turns":5},{"damage":22,"enemies":"Hexaghost","floor":16,"turns":8}],"seed_played":"-8758470470306763739","potions_obtained":[{"floor":4,"key":"AttackPotion"}],"is_trial":false,"path_per_floor":["M","?","M","M","T","R","E","M","T","$","?","$","R","M","R","B"],"character_chosen":"IRONCLAD","items_purchased":["Armaments","Dropkick"],"campfire_rested":0,"item_purchase_floors":[10,12],"current_hp_per_floor":[64,64,64,68,68,68,44,42,56,56,23,23,23,21,21,0],"gold":17,"neow_bonus":"TWENTY_PERCENT_HP_BONUS","is_prod":false,"is_daily":false,"chose_seed":false,"campfire_upgraded":3,"win_rate":0,"timestamp":1566215118,"path_taken":["M","?","?","M","?","R","E","?","T","?","?","$","R","M","R","BOSS"],"build_version":"2019-07-17","purchased_purges":1,"victory":false,"max_hp_per_floor":[96,96,96,96,96,96,96,96,110,110,110,110,110,112,112,112],"card_choices":[{"not_picked":["Heavy Blade","Warcry"],"picked":"Spot Weakness","floor":1},{"not_picked":["Iron Wave","Rage"],"picked":"Rampage","floor":3},{"not_picked":["Clash","Havoc"],"picked":"Second Wind","floor":4},{"not_picked":["Blood for Blood","Clash","Wild Strike"],"picked":"Corruption","floor":7},{"not_picked":["Heavy Blade","Armaments","Hemokinesis"],"picked":"True Grit","floor":8},{"not_picked":["Searing Blow","Pummel","Cleave","Sword Boomerang"],"picked":"Singing Bowl","floor":14}],"player_experience":196509,"relics_obtained":[{"floor":5,"key":"Question Card"},{"floor":7,"key":"Anchor"},{"floor":9,"key":"Mango"}],"event_choices":[{"cards_removed":["Strike_R"],"damage_healed":0,"gold_gain":0,"player_choice":"Offered Basic","damage_taken":0,"max_hp_gain":0,"max_hp_loss":0,"event_name":"Bonfire Elementals","floor":2,"gold_loss":0},{"damage_healed":0,"gold_gain":0,"player_choice":"Success","damage_taken":33,"relics_obtained":["Singing Bowl"],"max_hp_gain":0,"max_hp_loss":0,"event_name":"Scrap Ooze","floor":11,"gold_loss":0}],"is_beta":false,"boss_relics":[],"items_purged_floors":[10],"is_endless":false,"potions_floor_spawned":[4],"killed_by":"Hexaghost","ascension_level":5}