{"gold_per_floor":[360,377,145,161,92,92,42,42,42,68,86,86,86,99,99,170,170,187,201,201,201],"floor_reached":21,"playtime":477,"items_purged":["Shame"],"score":349,"play_id":"366b5893-0d7b-45af-a512-5ff8afec3ea7","local_time":"20190518111834","is_ascension_mode":true,"campfire_choices":[{"data":"Defragment","floor":6,"key":"SMITH"},{"data":"Coolheaded","floor":12,"key":"SMITH"},{"data":"Darkness","floor":15,"key":"SMITH"}],"neow_cost":"CURSE","seed_source_timestamp":662915540265659,"circlet_count":0,"master_deck":["AscendersBane","Strike_B","Strike_B","Strike_B","Strike_B","Defend_B","Defend_B","Defend_B","Defend_B","Zap","Dualcast","Rip and Tear","Coolheaded+1","Defragment+1","Ball Lightning","Darkness+1","Go for the Eyes","Rainbow","Necronomicurse"],"relics":["Cracked Core","Happy Flower","Matryoshka","Bag of Marbles","Anchor","Ancient Tea Set","Gremlin Horn","Cursed Key","Necronomicon"],"potions_floor_usage":[16],"damage_taken":[{"damage":2,"enemies":"Jaw Worm","floor":1,"turns":3},{"damage":0,"enemies":"Cultist","floor":2,"turns":4},{"damage":5,"enemies":"Small Slimes","floor":4,"turns":3},{"damage":23,"enemies":"3 Sentries","floor":10,"turns":8},{"damage":0,"enemies":"3 Louse","floor":11,"turns":2},{"damage":0,"enemies":"2 Fungi Beasts","floor":14,"turns":2},{"damage":19,"enemies":"Hexaghost","floor":16,"turns":8},{"damage":2,"enemies":"Spheric Guardian","floor":18,"turns":3},{"damage":25,"enemies":"Chosen","floor":19,"turns":4},{"damage":29,"enemies":"Shelled Parasite and Fungi","floor":21,"turns":2}],"seed_played":"-5817225919643969231","potions_obtained":[{"floor":2,"key":"Poison Potion"},{"floor":4,"key":"PowerPotion"},{"floor":11,"key":"Dexterity Potion"}],"is_trial":false,"path_per_floor":["M","M","$","M","?","R","$","?","T","E","M","R","?","M","R","B",null,"M","M","?","M"],"character_chosen":"DEFECT","items_purchased":["Happy Flower","Ball Lightning"],"campfire_rested":0,"item_purchase_floors":[3,7],"current_hp_per_floor":[62,62,62,57,57,57,57,57,57,34,34,34,57,57,57,38,63,61,36,15,0],"gold":201,"neow_bonus":"TWO_FIFTY_GOLD","is_prod":false,"is_daily":false,"chose_seed":false,"campfire_upgraded":3,"win_rate":0,"timestamp":1558192714,"path_taken":["M","M","$","M","?","R","?","?","T","E","M","R","?","M","R","BOSS","M","M","?","M"],"build_version":"2019-01-23","purchased_purges":1,"victory":false,"max_hp_per_floor":[71,71,71,71,71,71,71,71,71,71,71,71,71,71,71,71,71,71,71,71,71],"card_choices":[{"not_picked":["Beam Cell","Turbo"],"picked":"Rip and Tear","floor":1},{"not_picked":["Chaos","Compile Driver"],"picked":"Coolheaded","floor":2},{"not_picked":["Leap","Rip and Tear"],"picked":"Defragment","floor":4},{"not_picked":["Sweeping Beam","Redo"],"picked":"Darkness","floor":10},{"not_picked":["Ball Lightning","Machine Learning","Hologram"],"picked":"SKIP","floor":11},{"not_picked":["Rebound","Steam"],"picked":"Go for the Eyes","floor":14},{"not_picked":["Machine Learning","Meteor Strike"],"picked":"Rainbow","floor":16},{"not_picked":["Steam","Go for the Eyes","Sweeping Beam+1"],"picked":"SKIP","floor":18},{"not_picked":["Rip and Tear","Steam","Barrage"],"picked":"SKIP","floor":19}],"player_experience":376164,"relics_obtained":[{"floor":9,"key":"Anchor"},{"floor":9,"key":"Ancient Tea Set"},{"floor":10,"key":"Gremlin Horn"},{"floor":20,"key":"Necronomicon"}],"event_choices":[{"damage_healed":0,"gold_gain":0,"player_choice":"Paid Gold","damage_taken":0,"relics_obtained":["Matryoshka"],"max_hp_gain":0,"max_hp_loss":0,"event_name":"WeMeetAgain","floor":5,"gold_loss":69},{"damage_healed":0,"gold_gain":0,"player_choice":"Searched \u00271\u0027 times","damage_taken":0,"relics_obtained":["Bag of Marbles"],"max_hp_gain":0,"max_hp_loss":0,"event_name":"Dead Adventurer","floor":8,"gold_loss":0},{"damage_healed":23,"gold_gain":0,"player_choice":"Banana","damage_taken":0,"max_hp_gain":0,"max_hp_loss":0,"event_name":"Big Fish","floor":13,"gold_loss":0},{"damage_healed":0,"gold_gain":0,"player_choice":"Obtained Book","damage_taken":21,"max_hp_gain":0,"max_hp_loss":0,"event_name":"Cursed Tome","floor":20,"gold_loss":0}],"is_beta":false,"boss_relics":[{"not_picked":["Empty Cage","Black Star"],"picked":"Cursed Key"}],"items_purged_floors":[3],"is_endless":false,"potions_floor_spawned":[2,4,11,14],"killed_by":"Shelled Parasite and Fungi","ascension_level":19}