{"gold_per_floor":[114,124,9,9,9,9,43,43,43,61,61,73,89,89,89,194,194,207,4,20,20,20,54,54,81,81,81,81,81,98,125,125,227,227,244,264,264,318,318,318,335,369,394,394,405,405,3,3,3,3],"floor_reached":51,"playtime":2174,"items_purged":["Bite"],"score":895,"play_id":"fb5d9886-a448-450e-9d04-79000e49fd2b","local_time":"20190211213740","is_ascension_mode":true,"campfire_choices":[{"data":"Consume","floor":6,"key":"SMITH"},{"data":"Zap","floor":8,"key":"SMITH"},{"data":"Blizzard","floor":11,"key":"SMITH"},{"data":"Loop","floor":15,"key":"SMITH"},{"data":"Glacier","floor":24,"key":"SMITH"},{"data":"Bite","floor":27,"key":"SMITH"},{"data":"Bite","floor":32,"key":"SMITH"},{"floor":40,"key":"REST"},{"floor":44,"key":"REST"},{"data":"Electrodynamics","floor":46,"key":"SMITH"},{"floor":49,"key":"REST"}],"neow_cost":"PERCENT_DAMAGE","seed_source_timestamp":453857025111914,"circlet_count":0,"master_deck":["Defend_B","Defend_B","Defend_B","Defend_B","Zap+1","Dualcast","Leap","Glacier+1","Consume+1","Rip and Tear","Blizzard+1","Loop+1","Steam+1","Fission+1","Seek+1","Bite+1","Bite+1","Bite","Glacier+1","Tempest+1","Hologram+1","Chill+1","Electrodynamics+1","Coolheaded+1","Panacea+1","Discovery+1","Parasite","Fusion+1","Force Field+1","Glacier+1"],"relics":["Cracked Core","Gremlin Horn","Pear","Toxic Egg 2","Empty Cage","ClockworkSouvenir","Meat on the Bone","Juzu Bracelet","Dodecahedron","Kunai","Inserter","Pen Nib","Emotion Chip","Omamori","OrangePellets"],"potions_floor_usage":[7,7,7,13,16,23,23,25,31,50],"damage_taken":[{"damage":9,"enemies":"2 Louse","floor":1,"turns":3},{"damage":7,"enemies":"Small Slimes","floor":2,"turns":4},{"damage":8,"enemies":"Gremlin Nob","floor":7,"turns":5},{"damage":0,"enemies":"Cultist","floor":10,"turns":3},{"damage":0,"enemies":"Looter","floor":12,"turns":3},{"damage":13,"enemies":"Large Slime","floor":13,"turns":8},{"damage":6,"enemies":"Slime Boss","floor":16,"turns":15},{"damage":0,"enemies":"Spheric Guardian","floor":18,"turns":6},{"damage":22,"enemies":"3 Byrds","floor":20,"turns":6},{"damage":39,"enemies":"Slavers","floor":23,"turns":8},{"damage":0,"enemies":"Gremlin Leader","floor":25,"turns":9},{"damage":20,"enemies":"Colosseum Slavers","floor":29,"turns":5},{"damage":1,"enemies":"Cultist and Chosen","floor":30,"turns":9},{"damage":19,"enemies":"Book of Stabbing","floor":31,"turns":8},{"damage":73,"enemies":"Champ","floor":33,"turns":22},{"damage":1,"enemies":"Orb Walker","floor":35,"turns":4},{"damage":41,"enemies":"3 Darklings","floor":36,"turns":5},{"damage":1,"enemies":"Writhing Mass","floor":41,"turns":6},{"damage":65,"enemies":"Giant Head","floor":42,"turns":14},{"damage":0,"enemies":"Spire Growth","floor":45,"turns":4},{"damage":7,"enemies":"Awakened One","floor":50,"turns":13}],"seed_played":"2387707655418786127","potions_obtained":[{"floor":2,"key":"EntropicBrew"},{"floor":10,"key":"Dexterity Potion"},{"floor":12,"key":"FocusPotion"},{"floor":20,"key":"Poison Potion"},{"floor":23,"key":"Fire Potion"},{"floor":30,"key":"LiquidBronze"},{"floor":42,"key":"Swift Potion"}],"is_trial":false,"path_per_floor":["M","M","$","?","?","R","E","R","T","M","R","M","M","?","R","B",null,"M","$","M","$","?","E","R","E","T","R","?","?","M","E","R","B",null,"M","M","?","T","?","R","M","E","T","R","M","R","$","?","R","B",null],"character_chosen":"DEFECT","items_purchased":["Consume","Rip and Tear","ClockworkSouvenir","Glacier+1","OrangePellets","Poison Potion"],"campfire_rested":3,"item_purchase_floors":[3,3,19,47,47,47],"current_hp_per_floor":[59,52,52,45,45,45,47,47,47,47,47,47,34,34,34,28,99,99,99,77,77,69,46,46,68,68,68,56,43,62,56,56,29,74,74,41,36,36,36,58,65,33,33,55,57,57,57,57,74,74],"gold":3,"neow_bonus":"TWENTY_PERCENT_HP_BONUS","is_prod":false,"is_daily":false,"chose_seed":false,"campfire_upgraded":8,"win_rate":0,"timestamp":1549939060,"path_taken":["M","M","$","?","?","R","E","R","T","M","R","M","M","?","R","BOSS","M","?","M","$","?","E","R","E","T","R","?","?","M","E","R","BOSS","M","M","?","?","?","R","M","E","T","R","M","R","$","?","R","BOSS"],"build_version":"2019-01-23","purchased_purges":1,"victory":true,"max_hp_per_floor":[89,89,89,89,89,89,99,99,99,99,99,99,99,99,99,99,99,99,99,99,99,69,69,69,69,69,69,74,74,74,74,74,74,74,74,74,74,74,74,74,74,74,74,74,74,74,74,74,74,74],"card_choices":[{"not_picked":["Compile Driver","Steam"],"picked":"Leap","floor":1},{"not_picked":["Gash","Go for the Eyes"],"picked":"Glacier","floor":2},{"not_picked":["Steam","Beam Cell","Darkness"],"picked":"SKIP","floor":7},{"not_picked":["Recycle+1","Steam Power+1"],"picked":"Blizzard","floor":10},{"not_picked":["Compile Driver","Multi-Cast+1"],"picked":"Loop","floor":12},{"not_picked":["Sunder","Compile Driver"],"picked":"Steam+1","floor":13},{"not_picked":["Reboot+1","Electrodynamics"],"picked":"Seek+1","floor":16},{"not_picked":["Darkness+1","Leap+1","Static Discharge"],"picked":"SKIP","floor":18},{"not_picked":["Darkness+1","Streamline","Scrape"],"picked":"SKIP","floor":20},{"not_picked":["Double Energy+1","Hologram+1"],"picked":"Glacier+1","floor":23},{"not_picked":["Static Discharge+1","Blizzard"],"picked":"Tempest+1","floor":25},{"not_picked":["Doom and Gloom","Genetic Algorithm+1"],"picked":"Hologram+1","floor":30},{"not_picked":["Streamline","Barrage"],"picked":"Chill+1","floor":31},{"not_picked":["Rainbow+1","All For One"],"picked":"Electrodynamics","floor":33},{"not_picked":["Tempest+1","Beam Cell","Steam Power+1"],"picked":"SKIP","floor":35},{"not_picked":["Gash+1","BootSequence+1"],"picked":"Coolheaded+1","floor":36},{"not_picked":["Flash of Steel","Madness+1"],"picked":"Panacea+1","floor":37},{"not_picked":["Magnetism","Dark Shackles+1"],"picked":"Discovery+1","floor":37},{"not_picked":["Stack+1","Compile Driver+1"],"picked":"Fusion+1","floor":41},{"not_picked":["Auto Shields+1","Sweeping Beam","Streamline"],"picked":"SKIP","floor":42},{"not_picked":["Go for the Eyes+1","Conserve Battery+1"],"picked":"Force Field+1","floor":45}],"player_experience":57845,"relics_obtained":[{"floor":7,"key":"Pear"},{"floor":9,"key":"Toxic Egg 2"},{"floor":23,"key":"Meat on the Bone"},{"floor":25,"key":"Juzu Bracelet"},{"floor":26,"key":"Dodecahedron"},{"floor":31,"key":"Kunai"},{"floor":38,"key":"Pen Nib"},{"floor":42,"key":"Emotion Chip"},{"floor":43,"key":"Omamori"}],"event_choices":[{"damage_healed":0,"gold_gain":0,"player_choice":"Success","damage_taken":7,"relics_obtained":["Gremlin Horn"],"max_hp_gain":0,"max_hp_loss":0,"event_name":"Scrap Ooze","floor":4,"gold_loss":0},{"damage_healed":0,"gold_gain":0,"player_choice":"Leave","damage_taken":0,"max_hp_gain":0,"max_hp_loss":0,"event_name":"The Cleric","floor":5,"gold_loss":0},{"damage_healed":0,"gold_gain":0,"player_choice":"1 cards matched","damage_taken":0,"max_hp_gain":0,"max_hp_loss":0,"event_name":"Match and Keep!","floor":14,"gold_loss":0,"cards_obtained":["Fission"]},{"damage_healed":0,"gold_gain":0,"player_choice":"Became a vampire","damage_taken":0,"max_hp_gain":0,"max_hp_loss":30,"event_name":"Vampires","floor":22,"gold_loss":0,"cards_obtained":["Bite","Bite","Bite","Bite","Bite"]},{"damage_healed":0,"gold_gain":0,"player_choice":"Shed Blood","damage_taken":17,"max_hp_gain":5,"max_hp_loss":0,"event_name":"Forgotten Altar","floor":28,"gold_loss":0},{"damage_healed":0,"gold_gain":0,"player_choice":"Fight","damage_taken":0,"max_hp_gain":0,"max_hp_loss":0,"event_name":"Colosseum","floor":29,"gold_loss":0},{"damage_healed":0,"gold_gain":0,"player_choice":"Fled From Nobs","damage_taken":0,"max_hp_gain":0,"max_hp_loss":0,"event_name":"Colosseum","floor":29,"gold_loss":0},{"damage_healed":0,"gold_gain":0,"player_choice":"Memory 2","damage_taken":5,"max_hp_gain":0,"max_hp_loss":0,"event_name":"SensoryStone","floor":37,"gold_loss":0},{"damage_healed":0,"gold_gain":0,"player_choice":"Ignored","damage_taken":0,"max_hp_gain":0,"max_hp_loss":0,"event_name":"Tomb of Lord Red Mask","floor":39,"gold_loss":0},{"cards_removed":["Bite"],"damage_healed":0,"gold_gain":0,"player_choice":"Removed Attack","damage_taken":0,"max_hp_gain":0,"max_hp_loss":0,"event_name":"Falling","floor":48,"gold_loss":0}],"is_beta":false,"boss_relics":[{"not_picked":["Tiny House","Nuclear Battery"],"picked":"Empty Cage"},{"not_picked":["Astrolabe","Busted Crown"],"picked":"Inserter"}],"items_purged_floors":[47],"is_endless":false,"potions_floor_spawned":[2,10,12,20,23,29,30,42],"ascension_level":4}