{"gold_per_floor":[111,211,225,400,65,91,103,135,172,184,212,241,253,13,13,111,111,125,50,50,0,0],"floor_reached":22,"playtime":1136,"items_purged":["Doubt","Strike_R"],"score":200,"play_id":"3f9493bc-131e-4351-9297-3ea788f6f53d","local_time":"20190813191430","is_ascension_mode":true,"campfire_choices":[{"data":"Limit Break","floor":7,"key":"SMITH"},{"data":"Dual Wield","floor":13,"key":"SMITH"},{"data":"Exhume","floor":15,"key":"SMITH"}],"neow_cost":"NONE","seed_source_timestamp":13343862611462,"circlet_count":0,"master_deck":["Strike_R","Strike_R","Defend_R","Defend_R","Defend_R","Defend_R","Bash","Dropkick","Sentinel","Spot Weakness","Metamorphosis","Battle Trance","Limit Break+1","Dual Wield+1","Headbutt","Dropkick","Exhume+1","Double Tap","Clothesline+1"],"relics":["Black Blood","MawBank","Boot","Bag of Preparation"],"potions_floor_usage":[8,12,16],"damage_taken":[{"damage":4,"enemies":"2 Louse","floor":1,"turns":4},{"damage":0,"enemies":"Cultist","floor":3,"turns":3},{"damage":39,"enemies":"Lagavulin","floor":6,"turns":5},{"damage":5,"enemies":"Small Slimes","floor":8,"turns":2},{"damage":7,"enemies":"Exordium Thugs","floor":11,"turns":3},{"damage":4,"enemies":"Looter","floor":12,"turns":5},{"damage":43,"enemies":"Slime Boss","floor":16,"turns":9},{"damage":14,"enemies":"Chosen","floor":18,"turns":4},{"damage":24,"enemies":"2 Thieves","floor":21,"turns":4},{"damage":51,"enemies":"Snake Plant","floor":22,"turns":4}],"seed_played":"-7590293015113988880","potions_obtained":[{"floor":3,"key":"Fire Potion"},{"floor":6,"key":"Explosive Potion"},{"floor":11,"key":"Block Potion"},{"floor":18,"key":"Ancient Potion"}],"is_trial":false,"path_per_floor":["M","?","M","?","$","E","R","M","T","?","M","M","R","$","R","B",null,"M","?","?","M","M"],"character_chosen":"IRONCLAD","items_purchased":["Metamorphosis","Battle Trance","Exhume"],"campfire_rested":0,"item_purchase_floors":[5,5,14],"current_hp_per_floor":[80,80,80,80,80,47,47,48,48,48,47,49,49,49,49,12,80,76,76,61,47,0],"gold":0,"neow_bonus":"TRANSFORM_CARD","is_prod":false,"is_daily":false,"chose_seed":false,"campfire_upgraded":3,"win_rate":0,"timestamp":1565691270,"path_taken":["M","?","?","?","$","E","R","M","T","?","?","M","R","?","R","BOSS","M","?","?","M","M"],"build_version":"2019-07-17","purchased_purges":2,"victory":false,"max_hp_per_floor":[80,80,80,80,80,80,80,80,80,80,80,80,80,80,80,80,80,80,80,85,85,85],"card_choices":[{"not_picked":["Anger","Sword Boomerang"],"picked":"Sentinel","floor":1},{"not_picked":["Shrug It Off","Pommel Strike"],"picked":"Spot Weakness","floor":3},{"not_picked":["Metallicize","Reckless Charge"],"picked":"Limit Break","floor":6},{"not_picked":["Combust","Body Slam"],"picked":"Dual Wield","floor":8},{"not_picked":["Iron Wave","Inflame"],"picked":"Headbutt","floor":11},{"not_picked":["Evolve","Havoc"],"picked":"Dropkick","floor":12},{"not_picked":["Immolate","Berserk"],"picked":"Double Tap","floor":16},{"not_picked":["Twin Strike","Evolve","Iron Wave"],"picked":"SKIP","floor":18},{"not_picked":["Evolve","Rampage"],"picked":"Clothesline+1","floor":21}],"player_experience":87558,"relics_obtained":[{"floor":6,"key":"MawBank"},{"floor":9,"key":"Boot"},{"floor":10,"key":"Bag of Preparation"}],"event_choices":[{"damage_healed":0,"gold_gain":100,"player_choice":"Pray","damage_taken":0,"max_hp_gain":0,"max_hp_loss":0,"event_name":"Golden Shrine","floor":2,"gold_loss":0},{"damage_healed":0,"gold_gain":175,"player_choice":"AGREE","damage_taken":0,"max_hp_gain":0,"max_hp_loss":0,"event_name":"Liars Game","floor":4,"gold_loss":0,"cards_obtained":["Doubt"]},{"damage_healed":0,"gold_gain":0,"player_choice":"Relic","damage_taken":0,"max_hp_gain":0,"max_hp_loss":0,"event_name":"Wheel of Change","floor":10,"gold_loss":0},{"cards_removed":["Strike_R"],"damage_healed":0,"gold_gain":0,"player_choice":"Gave Gold","damage_taken":0,"max_hp_gain":0,"max_hp_loss":0,"event_name":"Beggar","floor":19,"gold_loss":75},{"damage_healed":0,"gold_gain":0,"player_choice":"Shed Blood","damage_taken":20,"max_hp_gain":5,"max_hp_loss":0,"event_name":"Forgotten Altar","floor":20,"gold_loss":0}],"is_beta":false,"boss_relics":[{"not_picked":["Runic Dome","Mark of Pain"],"picked":"Black Blood"}],"items_purged_floors":[5,14],"is_endless":false,"potions_floor_spawned":[3,6,11,18],"killed_by":"Snake Plant","ascension_level":2}