{"gold_per_floor":[361,373,373,60,77,77,106,116,116,116,16,27,27,44,44,146,146,165,179,54,54,32,32,78,110,110,110,110,128,146,163,163,266,266,281,55,70,70,12,12,25,25,25,44,57,68,94,105,105,105],"floor_reached":51,"playtime":1327,"items_purged":["Defend_R","Defend_R","Defend_R","Defend_R"],"score":787,"play_id":"de35a1fd-8c03-40c1-888e-ad1dfb6c9e6e","local_time":"20190901171037","is_ascension_mode":true,"campfire_choices":[{"data":"Flex","floor":6,"key":"SMITH"},{"data":"Whirlwind","floor":10,"key":"SMITH"},{"data":"Bash","floor":15,"key":"SMITH"},{"data":"Flex","floor":23,"key":"SMITH"},{"data":"Flex","floor":27,"key":"SMITH"},{"floor":32,"key":"REST"},{"data":"Whirlwind","floor":40,"key":"SMITH"},{"data":"Flex","floor":49,"key":"SMITH"}],"neow_cost":"TEN_PERCENT_HP_LOSS","seed_source_timestamp":238426026614600,"circlet_count":0,"master_deck":["Strike_R","Strike_R","Strike_R","Strike_R","Strike_R","Bash+1","Clash","Discovery","Flex+1","Whirlwind+1","Thunderclap","Reaper","Reaper","Flex+1","Flex+1","Whirlwind+1","Flex+1","Inflame+1"],"relics":["Burning Blood","Chemical X","Bird Faced Urn","Paper Frog","Runic Dome","Lantern","Singing Bowl","Letter Opener","Sozu","Charon\u0027s Ashes","Dead Branch","FossilizedHelix"],"potions_floor_usage":[7,7,30,30,33,42],"damage_taken":[{"damage":1,"enemies":"Cultist","floor":1,"turns":3},{"damage":9,"enemies":"2 Louse","floor":2,"turns":2},{"damage":0,"enemies":"Small Slimes","floor":5,"turns":2},{"damage":0,"enemies":"Gremlin Nob","floor":7,"turns":2},{"damage":17,"enemies":"Exordium Wildlife","floor":8,"turns":2},{"damage":7,"enemies":"2 Fungi Beasts","floor":12,"turns":2},{"damage":2,"enemies":"Blue Slaver","floor":14,"turns":2},{"damage":47,"enemies":"Hexaghost","floor":16,"turns":5},{"damage":0,"enemies":"Spheric Guardian","floor":18,"turns":1},{"damage":10,"enemies":"3 Byrds","floor":19,"turns":3},{"damage":27,"enemies":"Gremlin Leader","floor":25,"turns":3},{"damage":42,"enemies":"Shelled Parasite and Fungi","floor":29,"turns":3},{"damage":16,"enemies":"Snake Plant","floor":30,"turns":3},{"damage":10,"enemies":"Cultist and Chosen","floor":31,"turns":2},{"damage":26,"enemies":"Collector","floor":33,"turns":5},{"damage":10,"enemies":"Orb Walker","floor":35,"turns":2},{"damage":9,"enemies":"3 Shapes","floor":37,"turns":1},{"damage":21,"enemies":"Maw","floor":41,"turns":5},{"damage":0,"enemies":"Writhing Mass","floor":42,"turns":1},{"damage":15,"enemies":"4 Shapes","floor":44,"turns":1},{"damage":18,"enemies":"Transient","floor":45,"turns":5},{"damage":0,"enemies":"Sphere and 2 Shapes","floor":46,"turns":3},{"damage":48,"enemies":"Reptomancer","floor":47,"turns":4},{"damage":0,"enemies":"3 Darklings","floor":48,"turns":1},{"damage":99,"enemies":"Time Eater","floor":50,"turns":7}],"seed_played":"4135628427197928406","potions_obtained":[{"floor":2,"key":"Fire Potion"},{"floor":5,"key":"Regen Potion"},{"floor":12,"key":"FairyPotion"},{"floor":19,"key":"Energy Potion"},{"floor":29,"key":"EntropicBrew"},{"floor":31,"key":"SmokeBomb"}],"is_trial":false,"path_per_floor":["M","M","?","$","M","R","E","M","T","R","$","M","?","M","R","B",null,"M","M","$","?","$","R","T","E","T","R","$","M","M","M","R","B",null,"M","$","M","?","?","R","M","M","T","M","M","M","E","M","R","B",null],"character_chosen":"IRONCLAD","items_purchased":["Flex","Chemical X","Flex","Whirlwind"],"campfire_rested":1,"item_purchase_floors":[4,4,22,36],"current_hp_per_floor":[72,69,69,69,72,72,72,61,61,61,61,60,60,64,64,23,72,72,68,68,68,68,68,68,53,53,53,53,40,41,39,63,78,82,80,80,79,79,79,79,69,75,75,66,54,86,62,70,70,15],"gold":105,"neow_bonus":"TWO_FIFTY_GOLD","is_prod":false,"is_daily":false,"chose_seed":false,"campfire_upgraded":7,"win_rate":0,"timestamp":1567383037,"path_taken":["M","?","?","?","M","R","E","M","T","R","$","M","?","M","R","BOSS","M","M","$","?","$","R","?","E","T","R","$","M","M","M","R","BOSS","M","$","M","?","?","R","M","M","T","?","M","M","E","M","R","BOSS"],"build_version":"2019-07-17","purchased_purges":4,"victory":true,"max_hp_per_floor":[72,72,72,72,72,72,72,72,72,72,72,72,72,72,72,72,72,72,72,72,72,72,72,72,74,74,74,74,76,78,80,80,82,82,84,84,86,82,82,82,84,84,84,84,84,86,88,90,90,90],"card_choices":[{"not_picked":["True Grit","Uppercut","Searing Blow"],"picked":"SKIP","floor":1},{"not_picked":["Wild Strike","Spot Weakness"],"picked":"Clash","floor":2},{"not_picked":["Anger","Disarm","Shrug It Off"],"picked":"SKIP","floor":5},{"not_picked":["Rampage","Battle Trance"],"picked":"Whirlwind","floor":7},{"not_picked":["Anger","Shrug It Off","Combust"],"picked":"SKIP","floor":8},{"not_picked":["Twin Strike","Shockwave"],"picked":"Thunderclap","floor":12},{"not_picked":["Shrug It Off","Body Slam"],"picked":"Reaper","floor":14},{"not_picked":["Brutality","Impervious"],"picked":"Reaper","floor":16},{"not_picked":["Dual Wield+1","Sword Boomerang","Havoc"],"picked":"SKIP","floor":18},{"not_picked":["Havoc","Rage","Thunderclap"],"picked":"SKIP","floor":19},{"not_picked":["Clash","Berserk","Body Slam"],"picked":"Singing Bowl","floor":25},{"not_picked":["Perfected Strike","Warcry","Clash"],"picked":"Singing Bowl","floor":29},{"not_picked":["Havoc","Perfected Strike+1","Pummel"],"picked":"Singing Bowl","floor":30},{"not_picked":["Combust+1","Armaments+1","Burning Pact+1"],"picked":"Singing Bowl","floor":31},{"not_picked":["Exhume","Bludgeon","Brutality"],"picked":"Singing Bowl","floor":33},{"not_picked":["Iron Wave+1","Cleave","Perfected Strike+1"],"picked":"Singing Bowl","floor":35},{"not_picked":["Anger","Evolve+1","Sentinel+1"],"picked":"Singing Bowl","floor":37},{"not_picked":["True Grit+1","Entrench+1","Armaments"],"picked":"Singing Bowl","floor":41},{"not_picked":["Dual Wield","Hemokinesis+1"],"picked":"Flex","floor":44},{"not_picked":["Searing Blow+1","Clothesline+1"],"picked":"Inflame+1","floor":45},{"not_picked":["Carnage","Hemokinesis+1","Brutality"],"picked":"Singing Bowl","floor":46},{"not_picked":["Havoc+1","Dropkick","Intimidate"],"picked":"Singing Bowl","floor":47},{"not_picked":["Armaments+1","Intimidate","Wild Strike+1"],"picked":"Singing Bowl","floor":48}],"player_experience":742669,"relics_obtained":[{"floor":7,"key":"Bird Faced Urn"},{"floor":9,"key":"Paper Frog"},{"floor":24,"key":"Lantern"},{"floor":25,"key":"Singing Bowl"},{"floor":26,"key":"Letter Opener"},{"floor":43,"key":"Dead Branch"},{"floor":47,"key":"FossilizedHelix"}],"event_choices":[{"damage_healed":0,"gold_gain":0,"player_choice":"2 cards matched","damage_taken":0,"max_hp_gain":0,"max_hp_loss":0,"event_name":"Match and Keep!","floor":3,"gold_loss":0,"cards_obtained":["Bash","Discovery"]},{"cards_removed":["Bash"],"damage_healed":0,"gold_gain":0,"player_choice":"Forget","damage_taken":0,"max_hp_gain":0,"max_hp_loss":0,"event_name":"Living Wall","floor":13,"gold_loss":0},{"damage_healed":0,"gold_gain":0,"player_choice":"Read","damage_taken":0,"max_hp_gain":0,"max_hp_loss":0,"event_name":"The Library","floor":21,"gold_loss":0,"cards_obtained":["Flex"]},{"damage_healed":0,"gold_gain":0,"player_choice":"Max HP","damage_taken":0,"max_hp_gain":0,"max_hp_loss":4,"event_name":"Winding Halls","floor":38,"gold_loss":0},{"damage_healed":0,"gold_gain":0,"player_choice":"Paid Gold","damage_taken":0,"relics_obtained":["Charon\u0027s Ashes"],"max_hp_gain":0,"max_hp_loss":0,"event_name":"WeMeetAgain","floor":39,"gold_loss":58}],"is_beta":false,"boss_relics":[{"not_picked":["Orrery","Philosopher\u0027s Stone"],"picked":"Runic Dome"},{"not_picked":["Eternal Feather","Mark of Pain"],"picked":"Sozu"}],"items_purged_floors":[4,11,20,36],"is_endless":false,"potions_floor_spawned":[2,5,12,19,29,31,41,45,46,47],"ascension_level":1}