{"gold_per_floor":[113,15,15,15,33,67,67,81,81,93,111,139,139,152,152,256,256,272,289,52,52,62,62,91,106,106,121,121,136,11,25,25,130,130,147,147,247,265,265,265,293,293,319,319,21,21,21,34,34,34,34,34,34,67,67],"floor_reached":55,"playtime":4156,"items_purged":["Strike_R","Strike_R","Parasite","Clumsy"],"score":867,"play_id":"388239f3-9f6a-4aeb-9416-2c4b3a5c454f","local_time":"20190811231424","is_ascension_mode":true,"campfire_choices":[{"data":"Clothesline","floor":7,"key":"SMITH"},{"data":"Corruption","floor":13,"key":"SMITH"},{"data":"Armaments","floor":15,"key":"SMITH"},{"data":"Offering","floor":23,"key":"SMITH"},{"data":"Body Slam","floor":32,"key":"SMITH"},{"floor":40,"key":"RECALL"},{"data":"Inflame","floor":42,"key":"SMITH"},{"data":"Intimidate","floor":49,"key":"SMITH"},{"data":"Shockwave","floor":52,"key":"SMITH"}],"neow_cost":"NONE","seed_source_timestamp":42999541266412,"circlet_count":0,"master_deck":["Strike_R+1","Strike_R","Defend_R","Defend_R","Defend_R","Defend_R","Bash+1","Havoc+1","Shrug It Off+1","Clothesline+1","Dual Wield","Corruption+1","Shockwave+1","Intimidate+1","Shrug It Off","Armaments+1","Dark Embrace","Inflame+1","Clash","Offering+1","Pommel Strike+1","Warcry+1","Body Slam+1","Thunderclap","Dual Wield+1","Impervious+1","Shrug It Off+1","Bloodletting+1","Entrench+1"],"relics":["Burning Blood","NeowsBlessing","Letter Opener","Shuriken","Blood Vial","Cursed Key","Enchiridion","Toxic Egg 2","Snecko Eye","Dead Branch","Anchor","Pen Nib","Whetstone"],"potions_floor_usage":[16,19,25,29,33,55,55],"damage_taken":[{"damage":0,"enemies":"Small Slimes","floor":1,"turns":1},{"damage":0,"enemies":"2 Louse","floor":5,"turns":1},{"damage":0,"enemies":"3 Sentries","floor":6,"turns":2},{"damage":0,"enemies":"Cultist","floor":8,"turns":3},{"damage":23,"enemies":"Gremlin Gang","floor":10,"turns":5},{"damage":1,"enemies":"2 Fungi Beasts","floor":11,"turns":3},{"damage":6,"enemies":"Gremlin Nob","floor":12,"turns":4},{"damage":8,"enemies":"3 Louse","floor":14,"turns":4},{"damage":54,"enemies":"Hexaghost","floor":16,"turns":12},{"damage":0,"enemies":"Spheric Guardian","floor":18,"turns":4},{"damage":10,"enemies":"Shell Parasite","floor":19,"turns":4},{"damage":6,"enemies":"Shelled Parasite and Fungi","floor":22,"turns":2},{"damage":33,"enemies":"Gremlin Leader","floor":24,"turns":3},{"damage":6,"enemies":"Snake Plant","floor":25,"turns":2},{"damage":6,"enemies":"Sentry and Sphere","floor":27,"turns":3},{"damage":14,"enemies":"Shelled Parasite and Fungi","floor":29,"turns":3},{"damage":6,"enemies":"Cultist and Chosen","floor":31,"turns":1},{"damage":23,"enemies":"Collector","floor":33,"turns":4},{"damage":6,"enemies":"Orb Walker","floor":35,"turns":2},{"damage":6,"enemies":"Mind Bloom Boss Battle","floor":37,"turns":3},{"damage":12,"enemies":"3 Darklings","floor":38,"turns":2},{"damage":9,"enemies":"Reptomancer","floor":41,"turns":2},{"damage":15,"enemies":"Sphere and 2 Shapes","floor":48,"turns":3},{"damage":12,"enemies":"Donu and Deca","floor":50,"turns":3},{"damage":9,"enemies":"Shield and Spear","floor":54,"turns":2},{"damage":73,"enemies":"The Heart","floor":55,"turns":3}],"seed_played":"-1612103039680128186","potions_obtained":[{"floor":6,"key":"Explosive Potion"},{"floor":10,"key":"SkillPotion"},{"floor":12,"key":"BloodPotion"},{"floor":16,"key":"Poison Potion"},{"floor":19,"key":"Fire Potion"},{"floor":27,"key":"PowerPotion"},{"floor":29,"key":"FearPotion"},{"floor":31,"key":"Swift Potion"},{"floor":33,"key":"PowerPotion"},{"floor":48,"key":"SpeedPotion"}],"is_trial":false,"path_per_floor":["M","$","?","?","M","E","R","M","T","M","M","E","R","M","R","B",null,"M","M","$","?","M","R","E","M","T","M","?","M","$","M","R","B",null,"M","?","?","M","T","R","E","R","T","?","$","?","T","M","R","B",null,"R","$","E","B"],"character_chosen":"IRONCLAD","items_purchased":["Shrug It Off","Offering","Pen Nib"],"campfire_rested":0,"item_purchase_floors":[2,20,45],"current_hp_per_floor":[80,80,80,80,80,80,80,80,80,63,68,68,68,68,68,22,80,80,76,76,60,62,62,37,59,59,61,61,55,55,57,57,42,77,77,77,77,71,71,71,70,70,70,70,70,70,70,63,63,59,73,73,73,70,0],"gold":67,"neow_bonus":"THREE_ENEMY_KILL","is_prod":false,"is_daily":false,"chose_seed":false,"campfire_upgraded":8,"win_rate":0,"timestamp":1565532864,"path_taken":["M","$","?","?","M","E","R","M","T","M","?","E","R","M","R","BOSS","M","?","$","?","M","R","E","M","T","M","?","?","?","M","R","BOSS","M","?","?","M","?","R","E","R","T","?","?","?","?","?","R","BOSS","R","$","E","BOSS"],"build_version":"2019-07-17","purchased_purges":4,"victory":false,"max_hp_per_floor":[80,80,80,80,80,80,80,80,80,80,80,80,80,80,80,80,80,80,80,80,80,80,80,80,80,80,80,80,80,77,77,77,77,77,77,77,77,77,77,77,77,77,77,73,73,73,73,73,73,73,73,73,73,73,73],"card_choices":[{"not_picked":["Cleave","Ghostly Armor"],"picked":"Havoc","floor":1},{"not_picked":["Pommel Strike","Warcry"],"picked":"Clothesline","floor":5},{"not_picked":["Cleave","Second Wind"],"picked":"Dual Wield","floor":6},{"not_picked":["Fire Breathing","Havoc"],"picked":"Corruption","floor":8},{"not_picked":["Spot Weakness","Infernal Blade"],"picked":"Shockwave","floor":10},{"not_picked":["Blood for Blood","Twin Strike"],"picked":"Intimidate","floor":11},{"not_picked":["Havoc","Clothesline"],"picked":"Shrug It Off","floor":12},{"not_picked":["Twin Strike","Havoc"],"picked":"Armaments","floor":14},{"not_picked":["Juggernaut","Berserk"],"picked":"Dark Embrace","floor":16},{"not_picked":["True Grit+1","Infernal Blade+1"],"picked":"Inflame","floor":18},{"not_picked":["Rupture","Warcry"],"picked":"Clash","floor":19},{"not_picked":["Combust+1","Headbutt","Warcry"],"picked":"SKIP","floor":22},{"not_picked":["Shockwave+1","Dual Wield"],"picked":"Pommel Strike+1","floor":24},{"not_picked":["Metallicize+1","Clothesline"],"picked":"Warcry+1","floor":25},{"not_picked":["Flame Barrier+1","Whirlwind"],"picked":"Body Slam","floor":27},{"not_picked":["Havoc+1","Dark Embrace"],"picked":"Dual Wield+1","floor":29},{"not_picked":["Clothesline","Perfected Strike"],"picked":"Battle Trance+1","floor":31},{"not_picked":["Demon Form","Exhume+1"],"picked":"Impervious+1","floor":33},{"not_picked":["Evolve+1","Flex+1"],"picked":"Shrug It Off+1","floor":35},{"not_picked":["Twin Strike+1","Searing Blow"],"picked":"Bloodletting+1","floor":37},{"not_picked":["Rampage+1","Havoc+1","Thunderclap+1"],"picked":"SKIP","floor":38},{"not_picked":["Fire Breathing","Spot Weakness+1","Pommel Strike+1"],"picked":"SKIP","floor":41},{"not_picked":["Fire Breathing","Spot Weakness+1","Pommel Strike+1"],"picked":"SKIP","floor":41},{"not_picked":["Armaments+1","Anger","Perfected Strike"],"picked":"SKIP","floor":48},{"not_picked":["Headbutt","Rage+1"],"picked":"Entrench+1","floor":54}],"player_experience":68337,"relics_obtained":[{"floor":6,"key":"Letter Opener"},{"floor":9,"key":"Shuriken"},{"floor":12,"key":"Blood Vial"},{"floor":21,"key":"Enchiridion"},{"floor":24,"key":"Toxic Egg 2"},{"floor":37,"key":"Dead Branch"},{"floor":43,"key":"Anchor"},{"floor":54,"key":"Whetstone"}],"event_choices":[{"damage_healed":0,"gold_gain":0,"player_choice":"Grow","damage_taken":0,"max_hp_gain":0,"max_hp_loss":0,"event_name":"Living Wall","floor":3,"gold_loss":0,"cards_upgraded":["Havoc"]},{"damage_healed":0,"gold_gain":0,"player_choice":"Upgraded","damage_taken":0,"max_hp_gain":0,"max_hp_loss":0,"event_name":"Upgrade Shrine","floor":4,"gold_loss":0,"cards_upgraded":["Shrug It Off"]},{"damage_healed":0,"gold_gain":0,"player_choice":"Obtained Book","damage_taken":16,"max_hp_gain":0,"max_hp_loss":0,"event_name":"Cursed Tome","floor":21,"gold_loss":0},{"damage_healed":0,"gold_gain":0,"cards_transformed":["Strike_R"],"player_choice":"Transformed","damage_taken":0,"max_hp_gain":0,"max_hp_loss":0,"event_name":"Transmorgrifier","floor":28,"gold_loss":0,"cards_obtained":["Thunderclap"]},{"cards_removed":["Battle Trance"],"damage_healed":0,"gold_gain":0,"player_choice":"Removed Skill","damage_taken":0,"max_hp_gain":0,"max_hp_loss":0,"event_name":"Falling","floor":36,"gold_loss":0},{"damage_healed":0,"gold_gain":0,"player_choice":"Fight","damage_taken":0,"max_hp_gain":0,"max_hp_loss":0,"event_name":"MindBloom","floor":37,"gold_loss":0},{"damage_healed":0,"gold_gain":0,"player_choice":"Max HP","damage_taken":0,"max_hp_gain":0,"max_hp_loss":4,"event_name":"Winding Halls","floor":44,"gold_loss":0},{"damage_healed":0,"gold_gain":0,"player_choice":"Memory 1","damage_taken":0,"max_hp_gain":0,"max_hp_loss":0,"event_name":"SensoryStone","floor":46,"gold_loss":0}],"is_beta":false,"boss_relics":[{"not_picked":["Busted Crown","Ectoplasm"],"picked":"Cursed Key"},{"not_picked":["White Beast Statue","Velvet Choker"],"picked":"Snecko Eye"}],"items_purged_floors":[2,20,30,45],"is_endless":false,"potions_floor_spawned":[6,10,12,16,19,27,29,31,33,48],"killed_by":"The Heart","ascension_level":1}