{"gold_per_floor":[113,129,145,102,102,102,130,130,203,220,53,53,82,157,157,157],"floor_reached":16,"playtime":768,"items_purged":[],"score":196,"play_id":"1dd5532b-bac1-4299-a354-baf283592c9b","local_time":"20190805030923","is_ascension_mode":true,"campfire_choices":[{"data":"Sunder","floor":6,"key":"SMITH"},{"data":"Defragment","floor":8,"key":"SMITH"},{"data":"Zap","floor":12,"key":"SMITH"},{"data":"Cold Snap","floor":15,"key":"SMITH"}],"neow_cost":"PERCENT_DAMAGE","seed_source_timestamp":257631190767960,"circlet_count":0,"master_deck":["AscendersBane","Strike_B","Strike_B","Defend_B","Defend_B","Defend_B","Defend_B","Zap+1","Dualcast","Gash","Sunder+1","Cold Snap+1","Defragment+1","Hologram+1","Stack+1"],"relics":["Cracked Core","Pen Nib","Toxic Egg 2","Bronze Scales","Odd Mushroom"],"potions_floor_usage":[10,16],"damage_taken":[{"damage":12,"enemies":"Small Slimes","floor":1,"turns":3},{"damage":2,"enemies":"Cultist","floor":2,"turns":4},{"damage":10,"enemies":"2 Louse","floor":3,"turns":2},{"damage":13,"enemies":"3 Sentries","floor":7,"turns":6},{"damage":17,"enemies":"Large Slime","floor":10,"turns":4},{"damage":8,"enemies":"The Mushroom Lair","floor":13,"turns":3},{"damage":22,"enemies":"Slime Boss","floor":16,"turns":6}],"seed_played":"-311025837416727923","potions_obtained":[{"floor":2,"key":"Poison Potion"},{"floor":13,"key":"Strength Potion"}],"is_trial":false,"path_per_floor":["M","M","M","$","?","R","E","R","T","M","$","R","?","?","R","B"],"character_chosen":"DEFECT","items_purchased":["Reinforced Body","Bronze Scales"],"campfire_rested":0,"item_purchase_floors":[4,11],"current_hp_per_floor":[34,32,22,22,71,71,58,58,58,41,41,41,33,22,22,0],"gold":157,"neow_bonus":"REMOVE_TWO","is_prod":false,"is_daily":false,"chose_seed":false,"campfire_upgraded":4,"win_rate":0,"timestamp":1564999763,"path_taken":["M","M","M","$","?","R","E","R","T","M","?","R","?","?","R","BOSS"],"build_version":"2019-07-18","purchased_purges":0,"victory":false,"max_hp_per_floor":[71,71,71,71,71,71,71,71,71,71,71,71,71,71,71,71],"card_choices":[{"not_picked":["Compile Driver","Redo"],"picked":"Gash","floor":1},{"not_picked":["Beam Cell","Stack"],"picked":"Sunder","floor":2},{"not_picked":["Streamline","Auto Shields"],"picked":"Cold Snap","floor":3},{"not_picked":["Buffer","Stack"],"picked":"Defragment","floor":7},{"not_picked":["Doom and Gloom","Force Field+1"],"picked":"Hologram+1","floor":10},{"not_picked":["Cold Snap","Turbo+1"],"picked":"Stack+1","floor":13}],"player_experience":2873281,"relics_obtained":[{"floor":7,"key":"Pen Nib"},{"floor":9,"key":"Toxic Egg 2"},{"floor":13,"key":"Odd Mushroom"}],"event_choices":[{"cards_removed":["Reinforced Body"],"damage_healed":49,"gold_gain":0,"player_choice":"Offered Uncommon","damage_taken":0,"max_hp_gain":0,"max_hp_loss":0,"event_name":"Bonfire Elementals","floor":5,"gold_loss":0},{"damage_healed":0,"gold_gain":0,"player_choice":"Fought Mushrooms","damage_taken":0,"max_hp_gain":0,"max_hp_loss":0,"event_name":"Mushrooms","floor":13,"gold_loss":0},{"damage_healed":0,"gold_gain":75,"player_choice":"Gather Gold","damage_taken":11,"max_hp_gain":0,"max_hp_loss":0,"event_name":"World of Goop","floor":14,"gold_loss":0}],"is_beta":true,"boss_relics":[],"items_purged_floors":[],"is_endless":false,"potions_floor_spawned":[2,13],"killed_by":"Slime Boss","ascension_level":20}