{"gold_per_floor":[115,39,39,54,54,82,102,102,128,156,156,13,13,68,68,172,172,185,185,205,205,4,4,15,15,15,15,15,15,15,30,30,127,127,143,154,169,169,0,34,34,54,54,81,97,20,20,53,53,53],"floor_reached":51,"playtime":1763,"items_purged":["Strike_B"],"score":1043,"play_id":"0471b32e-e02b-4a4c-9d3e-fd4a331edbb2","local_time":"20190219125502","is_ascension_mode":true,"campfire_choices":[{"data":"Defragment","floor":8.0,"key":"SMITH"},{"data":"Zap","floor":13.0,"key":"SMITH"},{"data":"Defragment","floor":15.0,"key":"SMITH"},{"data":"Amplify","floor":23,"key":"SMITH"},{"data":"Capacitor","floor":30,"key":"SMITH"},{"data":"Barrage","floor":32,"key":"SMITH"},{"data":"Buffer","floor":41,"key":"SMITH"},{"data":"Rainbow","floor":47,"key":"SMITH"},{"floor":49,"key":"REST"}],"neow_cost":"NONE","seed_source_timestamp":0,"circlet_count":0,"master_deck":["Strike_B+1","Strike_B","Defend_B","Defend_B","Defend_B","Defend_B","Zap+1","Dualcast","Chill","Coolheaded","Cold Snap","Defragment+1","Go for the Eyes+1","Self Repair","Defragment+1","Amplify+1","Capacitor+1","Conserve Battery+1","Barrage+1","Ball Lightning","Buffer+1","Capacitor","Defragment+1","Glacier","Compile Driver","Coolheaded+1","Rainbow+1","Force Field","Blizzard+1"],"special_seed":0,"relics":["Lizard Tail","Juzu Bracelet","Bronze Scales","Blue Candle","Darkstone Periapt","DataDisk","Sozu","Question Card","Toolbox","Matryoshka","Blood Vial","Gremlin Horn","Black Star","Red Mask","Omamori","Whetstone","PreservedInsect","Ornamental Fan","Molten Egg 2","Symbiotic Virus","Oddly Smooth Stone","Calipers"],"potions_floor_usage":[],"damage_taken":[{"damage":0.0,"enemies":"Small Slimes","floor":1.0,"turns":3.0},{"damage":0.0,"enemies":"Cultist","floor":4.0,"turns":3.0},{"damage":10.0,"enemies":"Lagavulin","floor":6.0,"turns":9.0},{"damage":3.0,"enemies":"2 Louse","floor":7.0,"turns":3.0},{"damage":21.0,"enemies":"Gremlin Nob","floor":10.0,"turns":5.0},{"damage":0.0,"enemies":"3 Sentries","floor":14.0,"turns":8.0},{"damage":0.0,"enemies":"Hexaghost","floor":16.0,"turns":11.0},{"damage":0.0,"enemies":"Shell Parasite","floor":18.0,"turns":6.0},{"damage":0.0,"enemies":"Chosen","floor":20.0,"turns":6.0},{"damage":0,"enemies":"3 Cultists","floor":24,"turns":6},{"damage":10,"enemies":"Snake Plant","floor":31,"turns":5},{"damage":15,"enemies":"Collector","floor":33,"turns":8},{"damage":13,"enemies":"3 Darklings","floor":35,"turns":7},{"damage":0,"enemies":"3 Shapes","floor":36,"turns":7},{"damage":1,"enemies":"Maw","floor":37,"turns":8},{"damage":9,"enemies":"Nemesis","floor":40,"turns":9},{"damage":11,"enemies":"Transient","floor":42,"turns":5},{"damage":0,"enemies":"Giant Head","floor":44,"turns":9},{"damage":8,"enemies":"4 Shapes","floor":45,"turns":8},{"damage":22,"enemies":"Reptomancer","floor":48,"turns":7},{"damage":15,"enemies":"Donu and Deca","floor":50,"turns":11}],"seed_played":"-6820657886182696051","potions_obtained":[{"floor":1.0,"key":"Dexterity Potion"},{"floor":6.0,"key":"FocusPotion"},{"floor":7.0,"key":"EssenceOfSteel"}],"is_trial":false,"path_per_floor":["M","$","?","M","?","E","M","R","T","E","T","$","R","?","R","B",null,"M","?","M","?","$","R","M","?","T","?","$","T","R","M","R","B",null,"M","M","M","?","?","E","R","M","T","E","M","$","R","E","R","B",null],"character_chosen":"DEFECT","items_purchased":["Coolheaded","Cold Snap","Self Repair","Toolbox","Force Field"],"campfire_rested":1,"item_purchase_floors":[2,2,12,22,46],"current_hp_per_floor":[68,68,68,68,68,58,55,55,55,34,34,34,34,41,41,48,68,75,75,75,75,75,75,75,75,75,75,75,75,75,72,72,66,73,69,75,75,75,75,73,73,71,71,75,74,74,74,60,75,74],"gold":53,"neow_bonus":"BOSS_RELIC","is_prod":false,"is_daily":false,"chose_seed":false,"campfire_upgraded":8,"win_rate":0,"timestamp":1550598902,"path_taken":["M","$","?","?","?","E","M","R","T","E","?","$","R","?","R","BOSS","M","?","M","?","$","R","M","?","T","?","$","?","R","M","R","BOSS","M","M","M","?","?","E","R","M","T","E","M","?","R","E","R","BOSS"],"build_version":"2019-01-23","purchased_purges":1,"victory":true,"max_hp_per_floor":[75,75,75,75,75,75,75,75,75,75,75,75,75,75,75,75,75,75,75,75,75,75,75,75,75,75,75,75,75,75,75,75,75,75,75,75,75,75,75,75,75,75,75,75,75,75,75,75,75,75],"card_choices":[{"not_picked":["Leap","Streamline"],"picked":"Chill","floor":1.0},{"not_picked":["Scrape","Hologram"],"picked":"Defragment","floor":4.0},{"not_picked":["Chaos","Redo","Lockon"],"picked":"SKIP","floor":6.0},{"not_picked":["Reinforced Body","Turbo"],"picked":"Go for the Eyes","floor":7.0},{"not_picked":["Sweeping Beam","Double Energy","Stack"],"picked":"SKIP","floor":10.0},{"not_picked":["Conserve Battery","Auto Shields"],"picked":"Defragment","floor":14.0},{"not_picked":["Biased Cognition","All For One"],"picked":"Amplify","floor":16.0},{"not_picked":["Undo","Sweeping Beam+1","Coolheaded"],"picked":"SKIP","floor":18.0},{"not_picked":["Skim+1","Leap","Compile Driver","Scrape"],"picked":"SKIP","floor":20.0},{"not_picked":["Hello World+1","Double Energy","BootSequence"],"picked":"Conserve Battery+1","floor":24},{"not_picked":["Darkness","Leap+1","Barrage"],"picked":"Ball Lightning","floor":31},{"not_picked":["All For One","Multi-Cast","Thunder Strike"],"picked":"Buffer","floor":33},{"not_picked":["Gash+1","Cold Snap+1","Turbo+1"],"picked":"Capacitor","floor":35},{"not_picked":["Stack+1","Cold Snap","Barrage+1"],"picked":"Defragment+1","floor":36},{"not_picked":["Capacitor+1","Compile Driver","Barrage+1"],"picked":"Glacier","floor":37},{"not_picked":["Leap+1","Biased Cognition","Ball Lightning+1"],"picked":"Compile Driver","floor":40},{"not_picked":["Turbo+1","Rebound","Melter"],"picked":"Coolheaded+1","floor":42},{"not_picked":["Go for the Eyes+1","FTL","Cold Snap","Redo"],"picked":"SKIP","floor":44},{"not_picked":["Conserve Battery","Hello World","Lockon+1"],"picked":"Rainbow","floor":45},{"not_picked":["Doom and Gloom+1","Beam Cell+1","Chaos+1"],"picked":"Blizzard+1","floor":48}],"player_experience":109467,"relics_obtained":[{"floor":6.0,"key":"Juzu Bracelet"},{"floor":9.0,"key":"Bronze Scales"},{"floor":10.0,"key":"Blue Candle"},{"floor":11.0,"key":"Darkstone Periapt"},{"floor":14.0,"key":"DataDisk"},{"floor":26,"key":"Matryoshka"},{"floor":29,"key":"Blood Vial"},{"floor":29,"key":"Gremlin Horn"},{"floor":40,"key":"Omamori"},{"floor":40,"key":"Whetstone"},{"floor":43,"key":"PreservedInsect"},{"floor":43,"key":"Ornamental Fan"},{"floor":44,"key":"Molten Egg 2"},{"floor":44,"key":"Symbiotic Virus"},{"floor":48,"key":"Oddly Smooth Stone"},{"floor":48,"key":"Calipers"}],"event_choices":[{"cards_removed":["Strike_B"],"damage_healed":0.0,"max_hp_gain":0.0,"max_hp_loss":0.0,"gold_gain":0.0,"event_name":"Purifier","player_choice":"Purged","floor":3.0,"gold_loss":0.0,"damage_taken":0.0},{"damage_healed":0.0,"max_hp_gain":0.0,"max_hp_loss":0.0,"gold_gain":0.0,"event_name":"Liars Game","player_choice":"Ignored","floor":5.0,"gold_loss":0.0,"damage_taken":0.0},{"damage_healed":0.0,"max_hp_gain":0.0,"max_hp_loss":0.0,"gold_gain":0.0,"event_name":"Dead Adventurer","player_choice":"Searched \u00271\u0027 times","floor":14.0,"gold_loss":0.0,"damage_taken":0.0},{"damage_healed":0.0,"max_hp_gain":0.0,"max_hp_loss":0.0,"gold_gain":0.0,"event_name":"The Mausoleum","player_choice":"Opened","floor":19.0,"gold_loss":0.0,"damage_taken":0.0,"relics_obtained":["Question Card"]},{"damage_healed":0,"gold_gain":0,"player_choice":"Read","damage_taken":0,"max_hp_gain":0,"max_hp_loss":0,"event_name":"The Library","floor":21,"gold_loss":0,"cards_obtained":["Capacitor"]},{"damage_healed":0,"gold_gain":0,"player_choice":"Got Potions","damage_taken":0,"max_hp_gain":0,"max_hp_loss":0,"event_name":"Lab","floor":25,"gold_loss":0},{"damage_healed":0,"gold_gain":0,"player_choice":"1 cards matched","damage_taken":0,"max_hp_gain":0,"max_hp_loss":0,"event_name":"Match and Keep!","floor":27,"gold_loss":0,"cards_obtained":["Barrage"]},{"damage_healed":0,"gold_gain":0,"player_choice":"Ignored","damage_taken":0,"max_hp_gain":0,"max_hp_loss":0,"event_name":"Mysterious Sphere","floor":38,"gold_loss":0},{"damage_healed":0,"gold_gain":0,"player_choice":"Paid","damage_taken":0,"relics_obtained":["Red Mask"],"max_hp_gain":0,"max_hp_loss":0,"event_name":"Tomb of Lord Red Mask","floor":39,"gold_loss":169}],"is_beta":false,"boss_relics":[{"not_picked":["Philosopher\u0027s Stone","Runic Dome"],"picked":"Sozu"},{"not_picked":["Tiny House","Velvet Choker"],"picked":"Black Star"}],"items_purged_floors":[12],"is_endless":false,"potions_floor_spawned":[1,6,7,18,31,36,40,42],"ascension_level":6}