{"gold_per_floor":[114,114,114,64,64,64,97,97,147,165,77,77,2,26,26,145,145,169,84,100,100,65,85,85,103,103,103,103],"floor_reached":28,"playtime":1927,"items_purged":[],"score":287,"play_id":"0f90f22c-2f1d-46b6-838c-e09879fad7bb","local_time":"20190821210709","is_ascension_mode":true,"campfire_choices":[{"data":"Conserve Battery","floor":6,"key":"SMITH"},{"data":"Dualcast","floor":8,"key":"SMITH"},{"data":"Zap","floor":12,"key":"SMITH"},{"data":"Defend_B","floor":15,"key":"SMITH"},{"floor":24,"key":"REST"}],"neow_cost":"NONE","seed_source_timestamp":10059445647516,"circlet_count":0,"master_deck":["Strike_B","Strike_B","Defend_B","Defend_B","Defend_B+1","Zap+1","Dualcast+1","Conserve Battery+1","Hologram+1","Forethought+1","Seek+1","Multi-Cast+1","Consume+1","White Noise+1","Machine Learning","Heatsinks+1","Conserve Battery+1","Self Repair"],"relics":["Cracked Core","NeowsBlessing","Mango","Golden Idol","Toxic Egg 2","Juzu Bracelet","Empty Cage","Dodecahedron","Blue Candle"],"potions_floor_usage":[23,28,28],"damage_taken":[{"damage":0,"enemies":"Jaw Worm","floor":1,"turns":1},{"damage":0,"enemies":"Lagavulin","floor":7,"turns":1},{"damage":0,"enemies":"Small Slimes","floor":10,"turns":1},{"damage":0,"enemies":"2 Louse","floor":14,"turns":2},{"damage":40,"enemies":"Slime Boss","floor":16,"turns":13},{"damage":19,"enemies":"3 Byrds","floor":18,"turns":4},{"damage":12,"enemies":"Spheric Guardian","floor":20,"turns":4},{"damage":14,"enemies":"Centurion and Healer","floor":23,"turns":11},{"damage":61,"enemies":"Cultist and Chosen","floor":25,"turns":7},{"damage":11,"enemies":"Snake Plant","floor":28,"turns":4}],"seed_played":"8294950532307011777","potions_obtained":[{"floor":7,"key":"EssenceOfSteel"},{"floor":16,"key":"GamblersBrew"},{"floor":25,"key":"Weak Potion"}],"is_trial":false,"path_per_floor":["M","?","?","?","?","R","E","R","T","M","$","R","$","M","R","B",null,"M","?","M","?","$","M","R","M","T","?","M"],"character_chosen":"DEFECT","items_purchased":["Forethought+1","Seek+1","Heatsinks"],"campfire_rested":1,"item_purchase_floors":[11,13,22],"current_hp_per_floor":[75,75,82,82,60,60,60,60,60,60,60,60,60,60,60,20,89,70,70,58,58,58,44,70,9,9,9,0],"gold":103,"neow_bonus":"THREE_ENEMY_KILL","is_prod":false,"is_daily":false,"chose_seed":false,"campfire_upgraded":4,"win_rate":0,"timestamp":1566389229,"path_taken":["M","?","?","?","?","R","E","R","T","M","$","R","?","M","R","BOSS","M","?","M","?","$","M","R","M","T","?","M"],"build_version":"2019-07-17","purchased_purges":0,"victory":false,"max_hp_per_floor":[75,75,89,89,89,89,89,89,89,89,89,89,89,89,89,89,89,89,89,89,89,89,89,89,89,89,89,89],"card_choices":[{"not_picked":["Turbo","Rebound"],"picked":"Conserve Battery","floor":1},{"not_picked":["Conserve Battery","Turbo","Static Discharge"],"picked":"SKIP","floor":7},{"not_picked":["Go for the Eyes","Recycle+1"],"picked":"Hologram+1","floor":10},{"not_picked":["Barrage","Conserve Battery+1","Rebound"],"picked":"SKIP","floor":14},{"not_picked":["Thunder Strike","Buffer"],"picked":"Multi-Cast+1","floor":16},{"not_picked":["Storm","Compile Driver+1"],"picked":"Consume+1","floor":18},{"not_picked":["Stack+1","Redo+1"],"picked":"White Noise+1","floor":20},{"not_picked":["Reprogram+1","Sweeping Beam"],"picked":"Conserve Battery+1","floor":23},{"not_picked":["Conserve Battery+1","Steam+1"],"picked":"Self Repair","floor":25}],"player_experience":208768,"relics_obtained":[{"floor":7,"key":"Toxic Egg 2"},{"floor":9,"key":"Juzu Bracelet"},{"floor":26,"key":"Blue Candle"}],"event_choices":[{"damage_healed":0,"gold_gain":0,"player_choice":"Ignored","damage_taken":0,"max_hp_gain":0,"max_hp_loss":0,"event_name":"Liars Game","floor":2,"gold_loss":0},{"damage_healed":0,"gold_gain":0,"player_choice":"Success","damage_taken":7,"relics_obtained":["Mango"],"max_hp_gain":0,"max_hp_loss":0,"event_name":"Scrap Ooze","floor":3,"gold_loss":0},{"cards_removed":["Strike_B"],"damage_healed":0,"gold_gain":0,"player_choice":"Card Removal","damage_taken":0,"max_hp_gain":0,"max_hp_loss":0,"event_name":"The Cleric","floor":4,"gold_loss":50},{"damage_healed":0,"gold_gain":0,"player_choice":"Take Damage","damage_taken":22,"relics_obtained":["Golden Idol"],"max_hp_gain":0,"max_hp_loss":0,"event_name":"Golden Idol","floor":5,"gold_loss":0},{"damage_healed":0,"gold_gain":0,"player_choice":"Obtained Relic","damage_taken":0,"relics_obtained":["Dodecahedron"],"max_hp_gain":0,"max_hp_loss":0,"event_name":"Addict","floor":19,"gold_loss":85},{"damage_healed":0,"gold_gain":0,"player_choice":"1 cards matched","damage_taken":0,"max_hp_gain":0,"max_hp_loss":0,"event_name":"Match and Keep!","floor":21,"gold_loss":0,"cards_obtained":["Machine Learning"]},{"damage_healed":0,"gold_gain":0,"player_choice":"Upgraded","damage_taken":0,"max_hp_gain":0,"max_hp_loss":0,"event_name":"Upgrade Shrine","floor":27,"gold_loss":0,"cards_upgraded":["Heatsinks"]}],"is_beta":false,"boss_relics":[{"not_picked":["Fusion Hammer","Snecko Eye"],"picked":"Empty Cage"}],"items_purged_floors":[],"is_endless":false,"potions_floor_spawned":[7,16,25],"killed_by":"Snake Plant","ascension_level":4}