{"gold_per_floor":[111,111,2,2,2,2,43,43,43,43,56,20,56,77,77,196,196,210,224,76,100,114,157,176,176,176,176,101,101,101,226,226,355,355,370,370,370,33,56,56,56,56,81,114,128,35,9,30,30,30],"floor_reached":51,"playtime":2891,"items_purged":["Strike_G","Strike_G"],"score":789,"play_id":"1de7a4de-1692-490a-8c9e-8eb796fb398f","local_time":"20190816223952","is_ascension_mode":true,"campfire_choices":[{"data":"Neutralize","floor":6,"key":"SMITH"},{"floor":8,"key":"REST"},{"data":"A Thousand Cuts","floor":15,"key":"SMITH"},{"data":"After Image","floor":25,"key":"SMITH"},{"data":"Noxious Fumes","floor":27,"key":"SMITH"},{"floor":32,"key":"REST"},{"data":"Footwork","floor":40,"key":"SMITH"},{"floor":42,"key":"REST"},{"floor":49,"key":"REST"}],"neow_cost":"NONE","seed_source_timestamp":38288121168599,"circlet_count":0,"master_deck":["Strike_G","Strike_G","Defend_G+1","Defend_G","Defend_G","Defend_G","Survivor","Neutralize+1","Cloak And Dagger+1","Leg Sweep","Footwork+1","Acrobatics","Well Laid Plans","Escape Plan+1","Cloak And Dagger+1","A Thousand Cuts+1","After Image","Tactician+1","Dodge and Roll+1","Prepared+1","Noxious Fumes+1","PiercingWail+1","After Image+1","Finisher+1","Cloak And Dagger+1","After Image","Infinite Blades","Blade Dance+1","Tactician+1","Footwork+1","Blade Dance+1","Endless Agony+1","Acrobatics+1","Cloak And Dagger+1","Prepared+1","Cloak And Dagger+1"],"relics":["Ring of the Snake","Golden Idol","War Paint","Toxic Egg 2","Blood Vial","WristBlade","Boot","Juzu Bracelet","StoneCalendar","Sundial","Sozu","Lantern","Ancient Tea Set","Bag of Preparation"],"potions_floor_usage":[7,19,23,23,31,31,45],"damage_taken":[{"damage":4,"enemies":"Jaw Worm","floor":1,"turns":6},{"damage":27,"enemies":"Gremlin Nob","floor":7,"turns":6},{"damage":0,"enemies":"Cultist","floor":11,"turns":4},{"damage":5,"enemies":"Lagavulin","floor":13,"turns":13},{"damage":0,"enemies":"Small Slimes","floor":14,"turns":3},{"damage":14,"enemies":"Slime Boss","floor":16,"turns":11},{"damage":4,"enemies":"Spheric Guardian","floor":18,"turns":4},{"damage":7,"enemies":"Chosen","floor":19,"turns":5},{"damage":1,"enemies":"Snake Plant","floor":21,"turns":6},{"damage":7,"enemies":"Snecko","floor":22,"turns":6},{"damage":14,"enemies":"Slavers","floor":23,"turns":5},{"damage":16,"enemies":"Centurion and Healer","floor":24,"turns":7},{"damage":3,"enemies":"Colosseum Slavers","floor":31,"turns":4},{"damage":16,"enemies":"Colosseum Nobs","floor":31,"turns":5},{"damage":8,"enemies":"Automaton","floor":33,"turns":9},{"damage":10,"enemies":"3 Darklings","floor":35,"turns":5},{"damage":35,"enemies":"3 Shapes","floor":39,"turns":5},{"damage":10,"enemies":"Reptomancer","floor":44,"turns":6},{"damage":13,"enemies":"Sphere and 2 Shapes","floor":45,"turns":6},{"damage":0,"enemies":"3 Darklings","floor":48,"turns":4},{"damage":18,"enemies":"Awakened One","floor":50,"turns":12}],"seed_played":"3508848514895541823","potions_obtained":[{"floor":1,"key":"SkillPotion"},{"floor":7,"key":"GamblersBrew"},{"floor":16,"key":"GhostInAJar"},{"floor":21,"key":"EssenceOfSteel"},{"floor":22,"key":"GhostInAJar"},{"floor":24,"key":"GamblersBrew"},{"floor":31,"key":"Energy Potion"},{"floor":33,"key":"GhostInAJar"}],"is_trial":false,"path_per_floor":["M","?","$","?","$","R","E","R","T","?","M","$","E","M","R","B",null,"M","M","$","M","M","E","M","R","T","R","?","?","?","?","R","B",null,"M","?","?","$","M","R","?","R","T","E","M","$","$","M","R","B",null],"character_chosen":"THE_SILENT","items_purchased":["Footwork","Escape Plan+1","Prepared+1","Blade Dance+1","Tactician+1","Footwork","Lantern","Cloak And Dagger+1","Prepared+1","Cloak And Dagger+1"],"campfire_rested":4,"item_purchase_floors":[3,12,20,38,38,38,38,46,46,47],"current_hp_per_floor":[66,66,66,49,49,49,22,43,43,43,43,43,38,40,40,28,70,66,61,61,62,57,45,31,31,31,31,31,31,31,16,37,31,70,60,60,60,60,27,27,21,40,40,32,21,21,21,23,42,26],"gold":30,"neow_bonus":"THREE_CARDS","is_prod":false,"is_daily":false,"chose_seed":false,"campfire_upgraded":5,"win_rate":0,"timestamp":1565962792,"path_taken":["M","?","?","?","$","R","E","R","T","?","?","$","E","M","R","BOSS","M","M","$","M","M","E","M","R","T","R","?","?","?","?","R","BOSS","M","?","?","$","M","R","?","R","T","E","M","?","$","M","R","BOSS"],"build_version":"2019-07-17","purchased_purges":2,"victory":true,"max_hp_per_floor":[70,70,70,70,70,70,70,70,70,70,70,70,70,70,70,70,70,70,70,70,70,70,70,70,70,70,70,70,70,70,70,70,70,70,70,66,66,66,66,66,66,66,66,66,66,66,66,66,66,66],"card_choices":[{"not_picked":["Quick Slash","Slice"],"picked":"Cloak And Dagger","floor":0},{"not_picked":["Predator","Calculated Gamble"],"picked":"Leg Sweep","floor":1},{"not_picked":["Well Laid Plans","Prepared"],"picked":"Acrobatics","floor":7},{"not_picked":["Deadly Poison+1","Predator"],"picked":"Well Laid Plans","floor":11},{"not_picked":["Quick Slash","Poisoned Stab"],"picked":"Cloak And Dagger+1","floor":13},{"not_picked":["Caltrops","Slice"],"picked":"A Thousand Cuts","floor":14},{"not_picked":["Night Terror+1","Corpse Explosion+1"],"picked":"After Image","floor":16},{"not_picked":["Backflip+1","Heel Hook"],"picked":"Tactician+1","floor":18},{"not_picked":["Caltrops","Slice"],"picked":"Dodge and Roll+1","floor":19},{"not_picked":["Dagger Spray","Quick Slash"],"picked":"Noxious Fumes","floor":21},{"not_picked":["Underhanded Strike+1","Bane"],"picked":"PiercingWail+1","floor":22},{"not_picked":["Terror+1","Flechettes"],"picked":"After Image","floor":23},{"not_picked":["Poisoned Stab","Acrobatics+1"],"picked":"Finisher+1","floor":24},{"not_picked":["Malaise+1","Doppelganger+1"],"picked":"After Image","floor":33},{"not_picked":["Blur+1","Leg Sweep+1"],"picked":"Infinite Blades","floor":35},{"not_picked":["Distraction+1","Bane+1"],"picked":"Blade Dance+1","floor":39},{"not_picked":["Poisoned Stab+1","Dagger Throw"],"picked":"Endless Agony+1","floor":44},{"not_picked":["Backflip+1","Endless Agony"],"picked":"Acrobatics+1","floor":45},{"not_picked":["Backflip+1","Sucker Punch","Deadly Poison+1"],"picked":"SKIP","floor":48}],"player_experience":144185,"relics_obtained":[{"floor":7,"key":"War Paint"},{"floor":9,"key":"Toxic Egg 2"},{"floor":13,"key":"Blood Vial"},{"floor":23,"key":"Boot"},{"floor":26,"key":"Juzu Bracelet"},{"floor":31,"key":"StoneCalendar"},{"floor":31,"key":"Sundial"},{"floor":43,"key":"Ancient Tea Set"},{"floor":44,"key":"Bag of Preparation"}],"event_choices":[{"cards_removed":["Defend_G"],"damage_healed":0,"gold_gain":0,"player_choice":"Purged","damage_taken":0,"max_hp_gain":0,"max_hp_loss":0,"event_name":"Purifier","floor":2,"gold_loss":0},{"damage_healed":0,"gold_gain":0,"player_choice":"Take Damage","damage_taken":17,"relics_obtained":["Golden Idol"],"max_hp_gain":0,"max_hp_loss":0,"event_name":"Golden Idol","floor":4,"gold_loss":0},{"damage_healed":0,"gold_gain":0,"player_choice":"Upgraded","damage_taken":0,"max_hp_gain":0,"max_hp_loss":0,"event_name":"Upgrade Shrine","floor":10,"gold_loss":0,"cards_upgraded":["Footwork"]},{"cards_removed":["Strike_G"],"damage_healed":0,"gold_gain":0,"player_choice":"Gave Gold","damage_taken":0,"max_hp_gain":0,"max_hp_loss":0,"event_name":"Beggar","floor":28,"gold_loss":75},{"damage_healed":0,"gold_gain":0,"player_choice":"Ignored","damage_taken":0,"max_hp_gain":0,"max_hp_loss":0,"event_name":"Vampires","floor":29,"gold_loss":0},{"damage_healed":0,"gold_gain":0,"player_choice":"Read","damage_taken":0,"max_hp_gain":0,"max_hp_loss":0,"event_name":"The Library","floor":30,"gold_loss":0,"cards_obtained":["Cloak And Dagger"]},{"damage_healed":0,"gold_gain":0,"player_choice":"Fight","damage_taken":0,"max_hp_gain":0,"max_hp_loss":0,"event_name":"Colosseum","floor":31,"gold_loss":0},{"damage_healed":0,"gold_gain":0,"player_choice":"Fought Nobs","damage_taken":0,"max_hp_gain":0,"max_hp_loss":0,"event_name":"Colosseum","floor":31,"gold_loss":0},{"damage_healed":0,"gold_gain":0,"player_choice":"Max HP","damage_taken":0,"max_hp_gain":0,"max_hp_loss":4,"event_name":"Winding Halls","floor":36,"gold_loss":0},{"damage_healed":0,"gold_gain":0,"player_choice":"Got Potions","damage_taken":0,"max_hp_gain":0,"max_hp_loss":0,"event_name":"Lab","floor":37,"gold_loss":0},{"damage_healed":0,"gold_gain":0,"player_choice":"Damaged","damage_taken":6,"max_hp_gain":0,"max_hp_loss":0,"event_name":"Wheel of Change","floor":41,"gold_loss":0}],"is_beta":false,"boss_relics":[{"not_picked":["Orrery","Tiny House"],"picked":"WristBlade"},{"not_picked":["White Beast Statue","Eternal Feather"],"picked":"Sozu"}],"items_purged_floors":[3,20],"is_endless":false,"potions_floor_spawned":[1,7,16,21,22,24,31,33,44,45,48],"ascension_level":2}