{"gold_per_floor":[111,25,45,45,63,63,101,101,101,125,125,125,8,27,27,27],"floor_reached":16,"playtime":398,"items_purged":[],"score":293,"play_id":"4c7df071-ea97-4d26-8c0f-d914e626db12","local_time":"20190523204737","is_ascension_mode":true,"campfire_choices":[{"data":"Skewer","floor":6.0,"key":"SMITH"},{"floor":8,"key":"REST"},{"floor":12,"key":"REST"},{"data":"Noxious Fumes","floor":15,"key":"SMITH"}],"neow_cost":"NONE","seed_source_timestamp":0,"circlet_count":0,"master_deck":["AscendersBane","Defend_G","Defend_G","Defend_G","Defend_G","Defend_G","Strike_G","Strike_G","Strike_G","Strike_G","Strike_G","Survivor","Neutralize","Grand Finale","Endless Agony","Skewer+1","Crippling Poison","Backstab","Caltrops","Noxious Fumes+1"],"special_seed":0,"relics":["Ring of the Snake","Golden Idol","The Courier","PreservedInsect","Shuriken"],"potions_floor_usage":[7,14,16],"damage_taken":[{"damage":8.0,"enemies":"2 Louse","floor":1.0,"turns":4.0},{"damage":6.0,"enemies":"Jaw Worm","floor":3.0,"turns":7.0},{"damage":1.0,"enemies":"Small Slimes","floor":5.0,"turns":3.0},{"damage":41,"enemies":"Lagavulin","floor":7,"turns":9},{"damage":6,"enemies":"Exordium Wildlife","floor":10,"turns":3},{"damage":0,"enemies":"Looter","floor":14,"turns":1},{"damage":37,"enemies":"The Guardian","floor":16,"turns":9}],"seed_played":"5257563535179378111","potions_obtained":[{"floor":5.0,"key":"GamblersBrew"},{"floor":7,"key":"Poison Potion"},{"floor":10,"key":"AttackPotion"}],"is_trial":false,"path_per_floor":["M","$","M","?","M","R","E","R","T","M","T","R","$","M","R","B"],"character_chosen":"THE_SILENT","items_purchased":["Skewer","Caltrops","Noxious Fumes"],"campfire_rested":2,"item_purchase_floors":[2,13,13],"current_hp_per_floor":[51,51,45,45,44,44,3,21,21,15,15,33,33,33,33,0],"gold":27,"neow_bonus":"ONE_RANDOM_RARE_CARD","is_prod":false,"is_daily":false,"chose_seed":false,"campfire_upgraded":2,"win_rate":0,"timestamp":1558658857,"path_taken":["M","$","M","?","M","R","E","R","T","M","?","R","$","M","R","BOSS"],"build_version":"2019-01-23","purchased_purges":0,"victory":false,"max_hp_per_floor":[66,66,66,60,60,60,60,60,60,60,60,60,60,60,60,60],"card_choices":[{"not_picked":["Dodge and Roll","Slice"],"picked":"Endless Agony","floor":1.0},{"not_picked":["Caltrops","Prepared"],"picked":"Crippling Poison","floor":3.0},{"not_picked":["Slice","Bane","Dodge and Roll"],"picked":"SKIP","floor":5.0},{"not_picked":["Sucker Punch","Flying Knee"],"picked":"Backstab","floor":7},{"not_picked":["Skewer","Acrobatics","Dagger Throw"],"picked":"SKIP","floor":10},{"not_picked":["Prepared","Outmaneuver","Heel Hook"],"picked":"SKIP","floor":14}],"player_experience":406228,"relics_obtained":[{"floor":7,"key":"The Courier"},{"floor":9,"key":"PreservedInsect"},{"floor":11,"key":"Shuriken"}],"event_choices":[{"damage_healed":0.0,"max_hp_gain":0.0,"max_hp_loss":6.0,"gold_gain":0.0,"event_name":"Golden Idol","player_choice":"Lose Max HP","floor":4.0,"gold_loss":0.0,"damage_taken":0.0,"relics_obtained":["Golden Idol"]}],"is_beta":false,"boss_relics":[],"items_purged_floors":[],"is_endless":false,"potions_floor_spawned":[5,7,10],"killed_by":"The Guardian","ascension_level":19}