{"gold_per_floor":[114,114,114,127,150,150,14,14,14,14,28,40,53,69,69,144,144,158,158,170,18,18],"floor_reached":22,"playtime":584,"items_purged":[],"score":299,"play_id":"0b74a5e2-8995-4d23-896e-1883eedc00a2","local_time":"20190405124844","is_ascension_mode":true,"campfire_choices":[{"data":"Burst","floor":6,"key":"SMITH"},{"data":"Footwork","floor":8,"key":"SMITH"},{"data":"Catalyst","floor":10,"key":"SMITH"},{"data":"Cloak And Dagger","floor":15,"key":"SMITH"}],"neow_cost":"TEN_PERCENT_HP_LOSS","seed_source_timestamp":1969007612992045,"circlet_count":0,"master_deck":["AscendersBane","Defend_G","Defend_G","Defend_G","Defend_G","Defend_G","Strike_G","Strike_G","Strike_G","Survivor","Neutralize","Burst+1","Dagger Throw","Skewer","Underhanded Strike","Footwork+1","Catalyst+1","Cloak And Dagger+1","Poisoned Stab","Tools of the Trade","Backflip","Blade Dance+1"],"relics":["Ring of the Snake","NlothsMask","Letter Opener","Sozu","Centennial Puzzle"],"potions_floor_usage":[16,22],"damage_taken":[{"damage":1,"enemies":"Small Slimes","floor":1,"turns":4},{"damage":0,"enemies":"Cultist","floor":4,"turns":4},{"damage":0,"enemies":"2 Louse","floor":11,"turns":5},{"damage":11,"enemies":"Looter","floor":12,"turns":3},{"damage":0,"enemies":"Exordium Wildlife","floor":13,"turns":2},{"damage":6,"enemies":"Blue Slaver","floor":14,"turns":4},{"damage":35,"enemies":"Hexaghost","floor":16,"turns":15},{"damage":31,"enemies":"Chosen","floor":18,"turns":6},{"damage":0,"enemies":"Shell Parasite","floor":20,"turns":6},{"damage":5,"enemies":"Sentry and Sphere","floor":22,"turns":5}],"seed_played":"3414301769404748414","potions_obtained":[{"floor":4,"key":"Fire Potion"},{"floor":11,"key":"SpeedPotion"}],"is_trial":false,"path_per_floor":["M","$","?","M","T","R","$","R","T","R","M","M","M","M","R","B",null,"M","?","M","$","M"],"character_chosen":"THE_SILENT","items_purchased":["Footwork","Catalyst","Centennial Puzzle"],"campfire_rested":0,"item_purchase_floors":[7,7,21],"current_hp_per_floor":[58,58,58,58,58,58,58,58,58,58,58,47,47,41,41,6,47,16,6,6,6,1],"gold":18,"neow_bonus":"TRANSFORM_TWO_CARDS","is_prod":false,"is_daily":false,"chose_seed":false,"campfire_upgraded":4,"win_rate":0,"timestamp":1554482924,"path_taken":["M","$","?","?","?","R","$","R","T","R","M","M","?","?","R","BOSS","M","?","M","$","M"],"build_version":"2019-01-23","purchased_purges":0,"victory":false,"max_hp_per_floor":[60,60,60,60,60,60,60,60,60,60,60,60,60,60,60,60,60,60,65,65,65,65],"card_choices":[{"not_picked":["Acrobatics","Prepared"],"picked":"Skewer","floor":1},{"not_picked":["All Out Attack","Dagger Throw"],"picked":"Underhanded Strike","floor":4},{"not_picked":["Flying Knee","Deflect"],"picked":"Cloak And Dagger","floor":11},{"not_picked":["Wraith Form v2","Prepared","Blade Dance"],"picked":"SKIP","floor":12},{"not_picked":["Deflect","Concentrate"],"picked":"Poisoned Stab","floor":13},{"not_picked":["Underhanded Strike","Eviscerate","Cloak And Dagger"],"picked":"SKIP","floor":14},{"not_picked":["Doppelganger","Wraith Form v2"],"picked":"Tools of the Trade","floor":16},{"not_picked":["Deflect","Blade Dance"],"picked":"Backflip","floor":18},{"not_picked":["Distraction","Slice"],"picked":"Blade Dance+1","floor":20}],"player_experience":237411,"relics_obtained":[{"floor":9,"key":"Letter Opener"}],"event_choices":[{"damage_healed":0,"gold_gain":0,"player_choice":"Trade","damage_taken":0,"relics_obtained":["NlothsMask"],"max_hp_gain":0,"max_hp_loss":0,"event_name":"FaceTrader","floor":3,"gold_loss":0},{"damage_healed":0,"gold_gain":0,"player_choice":"Shed Blood","damage_taken":15,"max_hp_gain":5,"max_hp_loss":0,"event_name":"Forgotten Altar","floor":19,"gold_loss":0}],"is_beta":false,"boss_relics":[{"not_picked":["White Beast Statue","Calling Bell"],"picked":"Sozu"}],"items_purged_floors":[],"is_endless":false,"potions_floor_spawned":[4,11,13,18],"killed_by":"Sentry and Sphere","ascension_level":14}