{"gold_per_floor":[109,125,142,142,156,156,106,106,133,174,8,8,0,13,13,139,139,155,174,47,47,60,60],"floor_reached":23,"playtime":2047,"items_purged":["Strike_G","Strike_G"],"score":191,"play_id":"13439f98-533e-4143-bb19-3384aa88d56c","local_time":"20190828133113","is_ascension_mode":false,"campfire_choices":[{"data":"Blind","floor":6.0,"key":"SMITH"},{"data":"Dash","floor":8.0,"key":"SMITH"},{"data":"Envenom","floor":12,"key":"SMITH"},{"data":"Blur","floor":15,"key":"SMITH"}],"neow_cost":"NONE","seed_source_timestamp":0,"circlet_count":0,"master_deck":["Strike_G","Strike_G","Defend_G","Defend_G","Defend_G","Defend_G","Defend_G","Survivor","Neutralize","Blind+1","Dash+1","Poisoned Stab","PiercingWail","Envenom+1","Blade Dance","Caltrops","Blur+1","A Thousand Cuts","Bane","Cloak And Dagger","Footwork+1","Caltrops+1"],"special_seed":0,"relics":["Ring of the Snake","Golden Idol","Bag of Preparation","Smiling Mask","Runic Pyramid"],"potions_floor_usage":[],"damage_taken":[{"damage":0.0,"enemies":"Jaw Worm","floor":1.0,"turns":5.0},{"damage":0.0,"enemies":"Cultist","floor":2.0,"turns":4.0},{"damage":0.0,"enemies":"2 Louse","floor":3.0,"turns":3.0},{"damage":1.0,"enemies":"2 Fungi Beasts","floor":5.0,"turns":5.0},{"damage":14.0,"enemies":"Lagavulin","floor":10.0,"turns":6.0},{"damage":4,"enemies":"Red Slaver","floor":14,"turns":4},{"damage":17,"enemies":"Hexaghost","floor":16,"turns":11},{"damage":7,"enemies":"Shell Parasite","floor":18,"turns":7},{"damage":21,"enemies":"Spheric Guardian","floor":19,"turns":8},{"damage":0,"enemies":"Cultist and Chosen","floor":22,"turns":8},{"damage":46,"enemies":"Gremlin Leader","floor":23,"turns":8}],"seed_played":"-5002892679364232821","potions_obtained":[{"floor":2.0,"key":"FearPotion"},{"floor":3.0,"key":"Regen Potion"},{"floor":16,"key":"AttackPotion"},{"floor":19,"key":"GamblersBrew"}],"is_trial":false,"path_per_floor":["M","M","M","?","M","R","?","R","T","E","$","R","?","M","R","B",null,"M","M","$","?","M","E"],"character_chosen":"THE_SILENT","items_purchased":["Blade Dance","Caltrops","Footwork"],"campfire_rested":0,"item_purchase_floors":[11,11,20],"current_hp_per_floor":[70,70,70,53,52,52,52,52,52,52,52,52,52,48,48,31,70,63,42,42,42,42,0],"gold":60,"neow_bonus":"RANDOM_COLORLESS","is_prod":false,"is_daily":false,"chose_seed":false,"campfire_upgraded":4,"win_rate":0,"timestamp":1566991873,"path_taken":["M","M","M","?","M","R","?","R","T","E","$","R","?","M","R","BOSS","M","M","$","?","?","E"],"build_version":"2019-06-28","purchased_purges":2,"victory":false,"max_hp_per_floor":[70,70,70,70,70,70,70,70,70,70,70,70,70,70,70,70,70,70,70,70,70,70,70],"card_choices":[{"not_picked":["Underhanded Strike","Flechettes"],"picked":"Dash","floor":1.0},{"not_picked":["Choke","Flying Knee"],"picked":"Poisoned Stab","floor":2.0},{"not_picked":["Slice","Well Laid Plans","Dagger Spray"],"picked":"SKIP","floor":3.0},{"not_picked":["Dagger Spray","Die Die Die"],"picked":"PiercingWail","floor":5.0},{"not_picked":["Backflip","Bane"],"picked":"Envenom","floor":10},{"not_picked":["Sucker Punch","Outmaneuver"],"picked":"Blur","floor":14},{"not_picked":["Venomology","Wraith Form v2"],"picked":"A Thousand Cuts","floor":16},{"not_picked":["Dash","Underhanded Strike"],"picked":"Bane","floor":18},{"not_picked":["Outmaneuver","Eviscerate+1"],"picked":"Cloak And Dagger","floor":19},{"not_picked":["Blur+1","Bane"],"picked":"Caltrops+1","floor":22}],"player_experience":128624,"relics_obtained":[{"floor":9.0,"key":"Bag of Preparation"},{"floor":10,"key":"Smiling Mask"}],"event_choices":[{"damage_healed":0.0,"max_hp_gain":0.0,"max_hp_loss":0.0,"gold_gain":0.0,"event_name":"Golden Idol","player_choice":"Take Damage","floor":4.0,"gold_loss":0.0,"damage_taken":17.0,"relics_obtained":["Golden Idol"]},{"cards_removed":["Strike_G"],"damage_healed":0.0,"max_hp_gain":0.0,"max_hp_loss":0.0,"gold_gain":0.0,"event_name":"The Cleric","player_choice":"Card Removal","floor":7.0,"gold_loss":50.0,"damage_taken":0.0},{"damage_healed":0,"gold_gain":0,"player_choice":"Left Gold","damage_taken":0,"max_hp_gain":0,"max_hp_loss":0,"event_name":"World of Goop","floor":13,"gold_loss":8},{"damage_healed":0,"gold_gain":0,"player_choice":"Forge","damage_taken":0,"max_hp_gain":0,"max_hp_loss":0,"event_name":"Accursed Blacksmith","floor":21,"gold_loss":0,"cards_upgraded":["Footwork"]}],"is_beta":true,"boss_relics":[{"not_picked":["Busted Crown","Calling Bell"],"picked":"Runic Pyramid"}],"items_purged_floors":[11,20],"is_endless":false,"potions_floor_spawned":[2,3,16,19],"killed_by":"Gremlin Leader","ascension_level":0}