{"gold_per_floor":[114,32,47,65,80,80,90,61,84,112,126,138,138,170,170,242,242,242,242,50,50,50,50,50,50,50,50,50,50,50,50,50,50,50,50,50,50,0,0,0,0,0,0,0,0,0,0,0,0,0],"floor_reached":50,"playtime":2063,"items_purged":["Strike_B"],"score":1216,"play_id":"5546a1dc-20db-4206-81b0-e64a2b243c19","local_time":"20181008024746","is_ascension_mode":true,"campfire_choices":[{"data":"Zap","floor":6.0,"key":"SMITH"},{"data":"Capacitor","floor":13.0,"key":"SMITH"},{"data":"Streamline","floor":15.0,"key":"SMITH"},{"floor":23.0,"key":"REST"},{"data":"Panacea","floor":25.0,"key":"SMITH"},{"data":"Hologram","floor":27.0,"key":"SMITH"},{"data":"Capacitor","floor":32.0,"key":"SMITH"},{"floor":40.0,"key":"REST"},{"data":"Creative AI","floor":42.0,"key":"SMITH"},{"floor":46,"key":"REST"},{"floor":49,"key":"REST"}],"neow_cost":"NONE","seed_source_timestamp":2116882462060820,"circlet_count":0,"master_deck":["Strike_B+1","Defend_B","Defend_B","Defend_B","Defend_B","Zap+1","Dualcast","AscendersBane","Melter","Glacier","Cold Snap","FTL+1","Ball Lightning","Conserve Battery","Streamline+1","Ball Lightning","Capacitor+1","Compile Driver","Storm","Biased Cognition+1","Barrage","Hologram+1","Panacea+1","Doom and Gloom+1","Machine Learning","Glacier","Core Surge","Capacitor+1","Creative AI+1","Barrage+1","Turbo+1","Go for the Eyes+1","Defragment+1","Cold Snap"],"special_seed":0,"relics":["Cracked Core","Pen Nib","Orichalcum","DataDisk","Art of War","Ectoplasm","Dead Branch","Whetstone","Empty Cage","Red Mask","Ancient Tea Set","Shuriken"],"potions_floor_usage":[],"damage_taken":[{"damage":0.0,"enemies":"Cultist","floor":1.0,"turns":3.0},{"damage":0.0,"enemies":"Small Slimes","floor":3.0,"turns":4.0},{"damage":0.0,"enemies":"2 Louse","floor":4.0,"turns":3.0},{"damage":2.0,"enemies":"Looter","floor":5.0,"turns":3.0},{"damage":8.0,"enemies":"Gremlin Gang","floor":7.0,"turns":4.0},{"damage":10.0,"enemies":"Gremlin Nob","floor":10.0,"turns":4.0},{"damage":0.0,"enemies":"2 Fungi Beasts","floor":11.0,"turns":2.0},{"damage":0.0,"enemies":"3 Louse","floor":12.0,"turns":2.0},{"damage":0.0,"enemies":"3 Sentries","floor":14.0,"turns":7.0},{"damage":1.0,"enemies":"The Guardian","floor":16.0,"turns":10.0},{"damage":0.0,"enemies":"Spheric Guardian","floor":18.0,"turns":3.0},{"damage":7.0,"enemies":"3 Byrds","floor":19.0,"turns":4.0},{"damage":33.0,"enemies":"Snecko","floor":21.0,"turns":5.0},{"damage":0.0,"enemies":"Gremlin Leader","floor":24.0,"turns":5.0},{"damage":9.0,"enemies":"Centurion and Healer","floor":28.0,"turns":5.0},{"damage":0.0,"enemies":"Snake Plant","floor":29.0,"turns":4.0},{"damage":8.0,"enemies":"3 Cultists","floor":30.0,"turns":5.0},{"damage":0.0,"enemies":"Cultist and Chosen","floor":31.0,"turns":5.0},{"damage":0.0,"enemies":"Champ","floor":33.0,"turns":8.0},{"damage":20.0,"enemies":"3 Darklings","floor":35.0,"turns":3.0},{"damage":1.0,"enemies":"3 Shapes","floor":36.0,"turns":4.0},{"damage":0.0,"enemies":"2 Orb Walkers","floor":41.0,"turns":1.0},{"damage":29,"enemies":"Maw","floor":45,"turns":6},{"damage":0,"enemies":"Sphere and 2 Shapes","floor":47,"turns":2},{"damage":39,"enemies":"Reptomancer","floor":48,"turns":6},{"damage":37,"enemies":"Awakened One","floor":50,"turns":3}],"seed_played":"7481794648276143412","potions_obtained":[{"floor":1.0,"key":"SmokeBomb"},{"floor":10.0,"key":"Block Potion"},{"floor":16.0,"key":"FocusPotion"},{"floor":48,"key":"SteroidPotion"}],"is_trial":false,"path_per_floor":["M","$","M","M","M","R","M","$","T","E","M","M","R","E","R","B",null,"M","M","$","M","?","R","E","R","T","R","M","M","M","M","R","B",null,"M","M","$","?","?","R","E","R","T","T","M","R","M","M","R"],"character_chosen":"DEFECT","items_purchased":["Glacier","Streamline","Panacea"],"campfire_rested":4,"item_purchase_floors":[2,8,20],"current_hp_per_floor":[64,64,64,64,62,62,54,54,54,44,44,44,44,44,44,43,64,64,57,57,24,24,45,45,45,45,45,36,36,28,28,28,28,60,40,39,39,39,39,60,60,60,60,60,31,52,52,13,34,0],"gold":0,"neow_bonus":"RANDOM_COMMON_RELIC","is_prod":false,"is_daily":false,"chose_seed":false,"campfire_upgraded":7,"win_rate":0,"timestamp":1538992066,"path_taken":["M","$","M","M","M","R","M","?","T","E","M","M","R","E","R","BOSS","M","M","$","M","?","R","E","R","T","R","M","?","M","M","R","BOSS","M","M","$","?","?","R","E","R","T","?","M","R","M","?","R","BOSS"],"build_version":"2018-10-04","purchased_purges":1,"victory":false,"max_hp_per_floor":[71,71,71,71,71,71,71,71,71,71,71,71,71,71,71,71,71,71,71,71,71,71,71,71,71,71,71,71,71,71,71,71,71,71,71,71,71,71,71,71,71,71,71,71,71,71,71,71,71,71],"card_choices":[{"not_picked":["Double Energy","Recycle"],"picked":"Melter","floor":1.0},{"not_picked":["Aggregate","Melter"],"picked":"Cold Snap","floor":3.0},{"not_picked":["Scrape","Rebound"],"picked":"FTL","floor":4.0},{"not_picked":["Gash","Go for the Eyes"],"picked":"Ball Lightning","floor":5.0},{"not_picked":["Turbo","Barrage"],"picked":"Conserve Battery","floor":7.0},{"not_picked":["Conserve Battery","Redo"],"picked":"Ball Lightning","floor":10.0},{"not_picked":["Coolheaded","Rebound"],"picked":"Capacitor","floor":11.0},{"not_picked":["Redo","Go for the Eyes"],"picked":"Compile Driver","floor":12.0},{"not_picked":["Hello World","Reprogram"],"picked":"Storm","floor":14.0},{"not_picked":["Hyperbeam","Amplify"],"picked":"Biased Cognition","floor":16.0},{"not_picked":["Steam","Auto Shields"],"picked":"Barrage","floor":18.0},{"not_picked":["Compile Driver","Stack"],"picked":"Hologram","floor":19.0},{"not_picked":["Recycle","Rip and Tear"],"picked":"Doom and Gloom+1","floor":21.0},{"not_picked":["Doom and Gloom","Go for the Eyes"],"picked":"Machine Learning","floor":24.0},{"not_picked":["Coolheaded","Steam"],"picked":"Glacier","floor":28.0},{"not_picked":["Coolheaded","Ball Lightning"],"picked":"Core Surge","floor":29.0},{"not_picked":["Coolheaded","Hello World"],"picked":"Capacitor","floor":30.0},{"not_picked":["Static Discharge","Barrage","Undo"],"picked":"SKIP","floor":31.0},{"not_picked":["Rainbow","Machine Learning"],"picked":"Creative AI","floor":33.0},{"not_picked":["BootSequence","Hologram"],"picked":"Barrage+1","floor":35.0},{"not_picked":["Rebound","Doom and Gloom+1"],"picked":"Turbo+1","floor":36.0},{"not_picked":["Capacitor+1","Conserve Battery"],"picked":"Go for the Eyes+1","floor":45},{"not_picked":["Double Energy","Conserve Battery"],"picked":"Defragment+1","floor":47},{"not_picked":["FTL+1","Skim"],"picked":"Cold Snap","floor":48}],"player_experience":2490717,"relics_obtained":[{"floor":9.0,"key":"Orichalcum"},{"floor":10.0,"key":"DataDisk"},{"floor":14.0,"key":"Art of War"},{"floor":24.0,"key":"Dead Branch"},{"floor":26.0,"key":"Whetstone"},{"floor":43.0,"key":"Ancient Tea Set"},{"floor":44.0,"key":"Shuriken"}],"event_choices":[{"event_name":"Upgrade Shrine","player_choice":"Upgraded","floor":22.0,"damage_taken":0.0},{"event_name":"Tomb of Lord Red Mask","player_choice":"Paid","floor":38.0,"damage_taken":0.0},{"event_name":"Mysterious Sphere","player_choice":"Ignore","floor":39.0,"damage_taken":0.0}],"is_beta":true,"boss_relics":[{"not_picked":["Fusion Hammer","Lizard Tail"],"picked":"Ectoplasm"},{"not_picked":["Runic Dome","Coffee Dripper"],"picked":"Empty Cage"}],"items_purged_floors":[20],"is_endless":false,"potions_floor_spawned":[1,10,12,16,21,29,30,41,48],"killed_by":"Awakened One","ascension_level":20}