{"gold_per_floor":[112,112,129,147,159,159,159,171,194,194,194,194],"floor_reached":12,"playtime":293,"items_purged":[],"score":133,"play_id":"4bdde7e1-2409-4bcf-8828-897d53d92c44","local_time":"20190508225457","is_ascension_mode":true,"campfire_choices":[{"floor":7,"key":"REST"}],"neow_cost":"NONE","seed_source_timestamp":2437629343791777,"circlet_count":0,"master_deck":["AscendersBane","Strike_B","Strike_B","Strike_B","Strike_B","Defend_B","Defend_B","Defend_B","Defend_B","Zap","Dualcast","Creative AI","Conserve Battery","Fusion+1","Darkness+1","Loop","Self Repair"],"relics":["Cracked Core","Bronze Scales","Bag of Marbles","Frozen Egg 2"],"potions_floor_usage":[12],"damage_taken":[{"damage":14,"enemies":"Jaw Worm","floor":1,"turns":5},{"damage":1,"enemies":"Cultist","floor":3,"turns":3},{"damage":8,"enemies":"Small Slimes","floor":4,"turns":3},{"damage":9,"enemies":"Blue Slaver","floor":5,"turns":3},{"damage":3,"enemies":"3 Louse","floor":8,"turns":4},{"damage":60,"enemies":"Gremlin Nob","floor":12,"turns":4}],"seed_played":"6611109973205351452","potions_obtained":[{"floor":3,"key":"Energy Potion"},{"floor":8,"key":"Fire Potion"}],"is_trial":false,"path_per_floor":["M","?","M","M","M","?","R","M","T","T","?","E"],"character_chosen":"DEFECT","items_purchased":[],"campfire_rested":1,"item_purchase_floors":[],"current_hp_per_floor":[50,45,44,36,27,27,48,45,45,45,45,0],"gold":194,"neow_bonus":"ONE_RANDOM_RARE_CARD","is_prod":false,"is_daily":false,"chose_seed":false,"campfire_upgraded":0,"win_rate":0,"timestamp":1557370497,"path_taken":["M","?","M","M","M","?","R","?","T","?","?","E"],"build_version":"2019-01-23","purchased_purges":0,"victory":false,"max_hp_per_floor":[71,71,71,71,71,71,71,71,71,71,71,71],"card_choices":[{"not_picked":["Compile Driver","Barrage"],"picked":"Conserve Battery","floor":1},{"not_picked":["Barrage","Double Energy","Fusion"],"picked":"SKIP","floor":3},{"not_picked":["Barrage","Double Energy"],"picked":"Fusion","floor":3},{"not_picked":["Static Discharge","Ball Lightning"],"picked":"Darkness","floor":4},{"not_picked":["Sweeping Beam","FTL"],"picked":"Loop","floor":5},{"not_picked":["Consume","Rebound"],"picked":"Self Repair","floor":8}],"player_experience":347035,"relics_obtained":[{"floor":9,"key":"Bag of Marbles"},{"floor":10,"key":"Frozen Egg 2"}],"event_choices":[{"damage_healed":0,"gold_gain":0,"player_choice":"Success","damage_taken":5,"relics_obtained":["Bronze Scales"],"max_hp_gain":0,"max_hp_loss":0,"event_name":"Scrap Ooze","floor":2,"gold_loss":0},{"damage_healed":0,"gold_gain":0,"player_choice":"Upgraded","damage_taken":0,"max_hp_gain":0,"max_hp_loss":0,"event_name":"Upgrade Shrine","floor":6,"gold_loss":0,"cards_upgraded":["Darkness"]},{"damage_healed":0,"gold_gain":0,"player_choice":"Grow","damage_taken":0,"max_hp_gain":0,"max_hp_loss":0,"event_name":"Living Wall","floor":11,"gold_loss":0,"cards_upgraded":["Fusion"]}],"is_beta":false,"boss_relics":[],"items_purged_floors":[],"is_endless":false,"potions_floor_spawned":[3,8],"killed_by":"Gremlin Nob","ascension_level":18}