{"gold_per_floor":[119,119,119,119,30,30,40,68,120,120,120,147,163,188,188,292,292,311,328,328,343,359,394,394,429,429,429,444,444,444,9,9,9],"floor_reached":33,"playtime":1046,"items_purged":[],"score":507,"play_id":"9b6d9f11-43f5-4ebd-9d34-0166861de748","local_time":"20190319123943","is_ascension_mode":true,"campfire_choices":[{"data":"Disarm","floor":6,"key":"SMITH"},{"data":"Clothesline","floor":11,"key":"SMITH"},{"data":"Sword Boomerang","floor":15,"key":"SMITH"},{"floor":24,"key":"REST"},{"floor":27,"key":"REST"},{"data":"Juggernaut","floor":32,"key":"SMITH"}],"neow_cost":"NONE","seed_source_timestamp":499096463530271,"circlet_count":0,"master_deck":["AscendersBane","Strike_R","Strike_R","Strike_R","Strike_R","Defend_R","Defend_R","Defend_R","Defend_R","Bash+1","Infernal Blade+1","Disarm+1","Shrug It Off","Clothesline+1","Burning Pact","Sword Boomerang+1","Shockwave","Juggernaut+1","Rage","Entrench","Whirlwind","Iron Wave","Shrug It Off+1","Body Slam","Ghostly","Ghostly","Ghostly","Ghostly","Ghostly","Perfected Strike","Evolve","Spot Weakness"],"relics":["Burning Blood","Bronze Scales","Oddly Smooth Stone","Vajra","Anchor","Mark of Pain","Strawberry","Omamori","Mummified Hand","Mango"],"potions_floor_usage":[14,18,23,23,25],"damage_taken":[{"damage":6,"enemies":"2 Louse","floor":1,"turns":3},{"damage":0,"enemies":"Cultist","floor":7,"turns":4},{"damage":39,"enemies":"3 Sentries","floor":8,"turns":11},{"damage":16,"enemies":"Lagavulin","floor":12,"turns":6},{"damage":6,"enemies":"Small Slimes","floor":13,"turns":3},{"damage":13,"enemies":"Gremlin Nob","floor":14,"turns":3},{"damage":22,"enemies":"Hexaghost","floor":16,"turns":11},{"damage":7,"enemies":"Shell Parasite","floor":18,"turns":5},{"damage":9,"enemies":"3 Byrds","floor":19,"turns":3},{"damage":20,"enemies":"Cultist and Chosen","floor":21,"turns":7},{"damage":0,"enemies":"Centurion and Healer","floor":22,"turns":7},{"damage":42,"enemies":"Gremlin Leader","floor":23,"turns":9},{"damage":37,"enemies":"Slavers","floor":25,"turns":6},{"damage":9,"enemies":"Snecko","floor":28,"turns":6},{"damage":56,"enemies":"Champ","floor":33,"turns":10}],"seed_played":"-8843434800183636353","potions_obtained":[{"floor":12,"key":"EssenceOfSteel"},{"floor":13,"key":"Strength Potion"},{"floor":16,"key":"AttackPotion"},{"floor":19,"key":"EssenceOfSteel"},{"floor":23,"key":"Ancient Potion"}],"is_trial":false,"path_per_floor":["M","?","$","?","$","R","M","E","T","?","R","E","M","E","R","B",null,"M","M","?","M","M","E","R","E","T","R","M","?","?","$","R","B"],"character_chosen":"IRONCLAD","items_purchased":["Disarm","Shrug It Off","Mango","Evolve","Spot Weakness"],"campfire_rested":2,"item_purchase_floors":[5,5,31,31,31],"current_hp_per_floor":[72,72,72,72,72,72,78,45,45,71,71,61,61,54,54,38,70,69,66,51,37,43,14,41,10,10,37,34,34,34,48,48,0],"gold":9,"neow_bonus":"UPGRADE_CARD","is_prod":false,"is_daily":false,"chose_seed":false,"campfire_upgraded":4,"win_rate":0,"timestamp":1553013583,"path_taken":["M","?","?","?","$","R","M","E","T","?","R","E","M","E","R","BOSS","M","M","?","M","M","E","R","E","T","R","M","?","?","$","R","BOSS"],"build_version":"2019-01-23","purchased_purges":0,"victory":false,"max_hp_per_floor":[80,80,80,80,80,80,80,80,80,80,80,80,80,80,80,80,80,80,80,85,85,85,92,92,92,92,92,92,46,46,60,60,60],"card_choices":[{"not_picked":["Armaments","Rage"],"picked":"Infernal Blade","floor":1},{"not_picked":["Clash","Havoc"],"picked":"Clothesline","floor":7},{"not_picked":["Brutality","Headbutt"],"picked":"Burning Pact","floor":8},{"not_picked":["Shrug It Off","Cleave"],"picked":"Sword Boomerang","floor":12},{"not_picked":["Clash","Clothesline"],"picked":"Shockwave","floor":13},{"not_picked":["Dropkick","Body Slam","Pommel Strike"],"picked":"SKIP","floor":14},{"not_picked":["Feed","Berserk"],"picked":"Juggernaut","floor":16},{"not_picked":["Thunderclap","Havoc"],"picked":"Rage","floor":18},{"not_picked":["Pommel Strike","Armaments"],"picked":"Entrench","floor":19},{"not_picked":["Twin Strike","Flex","Ghostly Armor"],"picked":"SKIP","floor":21},{"not_picked":["Rupture","Sword Boomerang"],"picked":"Whirlwind","floor":22},{"not_picked":["Rupture","Rage"],"picked":"Iron Wave","floor":23},{"not_picked":["Barricade","Twin Strike"],"picked":"Shrug It Off+1","floor":25},{"not_picked":["Heavy Blade","Headbutt"],"picked":"Body Slam","floor":28}],"player_experience":193545,"relics_obtained":[{"floor":8,"key":"Bronze Scales"},{"floor":9,"key":"Oddly Smooth Stone"},{"floor":12,"key":"Vajra"},{"floor":14,"key":"Anchor"},{"floor":23,"key":"Strawberry"},{"floor":25,"key":"Omamori"},{"floor":26,"key":"Mummified Hand"}],"event_choices":[{"damage_healed":0,"gold_gain":0,"player_choice":"Upgraded","damage_taken":0,"max_hp_gain":0,"max_hp_loss":0,"event_name":"Upgrade Shrine","floor":2,"gold_loss":0,"cards_upgraded":["Infernal Blade"]},{"damage_healed":0,"gold_gain":0,"player_choice":"Leave","damage_taken":0,"max_hp_gain":0,"max_hp_loss":0,"event_name":"The Cleric","floor":4,"gold_loss":0},{"damage_healed":26,"gold_gain":0,"player_choice":"Banana","damage_taken":0,"max_hp_gain":0,"max_hp_loss":0,"event_name":"Big Fish","floor":10,"gold_loss":0},{"damage_healed":0,"gold_gain":0,"player_choice":"Shed Blood","damage_taken":20,"max_hp_gain":5,"max_hp_loss":0,"event_name":"Forgotten Altar","floor":20,"gold_loss":0},{"damage_healed":0,"gold_gain":0,"player_choice":"Became a Ghost","damage_taken":0,"max_hp_gain":0,"max_hp_loss":46,"event_name":"Ghosts","floor":29,"gold_loss":0,"cards_obtained":["Ghostly","Ghostly","Ghostly","Ghostly","Ghostly"]},{"damage_healed":0,"gold_gain":0,"cards_transformed":["Strike_R"],"player_choice":"Transformed","damage_taken":0,"max_hp_gain":0,"max_hp_loss":0,"event_name":"Transmorgrifier","floor":30,"gold_loss":0,"cards_obtained":["Perfected Strike"]}],"is_beta":false,"boss_relics":[{"not_picked":["Runic Cube","Cursed Key"],"picked":"Mark of Pain"}],"items_purged_floors":[],"is_endless":false,"potions_floor_spawned":[12,13,16,19,23],"killed_by":"Champ","ascension_level":12}