{"gold_per_floor":[119,194,344,344,354,354,383,383,409,409,15,42,42,59,59,133,133,153,69,80,96,113,141,151,171,171,171,190,200,234,234,234,307,307,317,328,6,6,6],"floor_reached":39,"playtime":2395,"items_purged":["Doubt"],"score":1112,"play_id":"0639e7ba-5c82-473f-b01d-75b192a0ebc6","local_time":"20190802182824","is_ascension_mode":true,"campfire_choices":[{"data":"Neutralize","floor":6,"key":"SMITH"},{"data":"PiercingWail","floor":8,"key":"SMITH"},{"data":"Survivor","floor":10,"key":"SMITH"},{"data":"Cloak And Dagger","floor":13,"key":"SMITH"},{"data":"Infinite Blades","floor":15,"key":"SMITH"},{"floor":27,"key":"REST"},{"floor":32,"key":"REST"}],"neow_cost":"NONE","seed_source_timestamp":353262210932,"circlet_count":0,"master_deck":["AscendersBane","Survivor+1","Neutralize+1","Slice","PiercingWail+1","Leg Sweep","Infinite Blades+1","Dagger Throw","Cloak And Dagger+1","Dagger Spray","After Image","Reflex","Blade Dance","Backstab","Quick Slash","Die Die Die","Cloak And Dagger","Blade Dance","Die Die Die","Storm of Steel","Outmaneuver","Cloak And Dagger","Footwork","Backstab","PiercingWail","Escape Plan","Blade Dance+1","PiercingWail+1","Calculated Gamble","PiercingWail+1","Riddle With Holes","Glass Knife","Dodge and Roll","Backflip","Apotheosis","Caltrops"],"relics":["Ring of the Snake","NeowsBlessing","Du-Vu Doll","Lantern","Oddly Smooth Stone","Chemical X","Shuriken","Pandora\u0027s Box","Calipers","Kunai","Mummified Hand","Runic Pyramid"],"potions_floor_usage":[12,16,20,23,33,39],"damage_taken":[{"damage":0,"enemies":"Jaw Worm","floor":1,"turns":1},{"damage":0,"enemies":"2 Louse","floor":5,"turns":1},{"damage":0,"enemies":"Gremlin Nob","floor":7,"turns":1},{"damage":12,"enemies":"Lagavulin","floor":12,"turns":7},{"damage":0,"enemies":"Small Slimes","floor":14,"turns":2},{"damage":0,"enemies":"Hexaghost","floor":16,"turns":8},{"damage":4,"enemies":"Shell Parasite","floor":18,"turns":4},{"damage":2,"enemies":"Chosen","floor":20,"turns":3},{"damage":1,"enemies":"Snecko","floor":21,"turns":4},{"damage":6,"enemies":"3 Cultists","floor":22,"turns":3},{"damage":11,"enemies":"Gremlin Leader","floor":23,"turns":4},{"damage":0,"enemies":"Cultist and Chosen","floor":24,"turns":3},{"damage":19,"enemies":"Snake Plant","floor":25,"turns":4},{"damage":0,"enemies":"Centurion and Healer","floor":28,"turns":4},{"damage":0,"enemies":"3 Cultists","floor":29,"turns":3},{"damage":0,"enemies":"Slavers","floor":30,"turns":4},{"damage":19,"enemies":"Colosseum Slavers","floor":31,"turns":4},{"damage":46,"enemies":"Champ","floor":33,"turns":8},{"damage":8,"enemies":"3 Darklings","floor":35,"turns":3},{"damage":24,"enemies":"3 Shapes","floor":36,"turns":4},{"damage":9,"enemies":"Transient","floor":39,"turns":3}],"seed_played":"4959676106483303147","potions_obtained":[{"floor":5,"key":"LiquidBronze"},{"floor":7,"key":"SteroidPotion"},{"floor":14,"key":"Swift Potion"},{"floor":18,"key":"Dexterity Potion"},{"floor":21,"key":"Energy Potion"},{"floor":22,"key":"Regen Potion"},{"floor":33,"key":"Dexterity Potion"},{"floor":35,"key":"AttackPotion"},{"floor":36,"key":"PowerPotion"}],"is_trial":false,"path_per_floor":["M","?","?","?","M","R","E","R","T","R","$","E","R","M","R","B",null,"M","$","M","M","M","E","M","M","T","R","M","M","E","?","R","B",null,"M","M","$","?","M"],"character_chosen":"THE_SILENT","items_purchased":["Leg Sweep","Infinite Blades","Chemical X","Dagger Throw","Footwork","Apotheosis","Caltrops"],"campfire_rested":2,"item_purchase_floors":[11,11,11,11,19,37,37],"current_hp_per_floor":[59,48,48,48,48,48,48,48,48,48,48,36,36,36,36,36,59,55,55,53,52,46,47,47,28,28,47,47,47,47,28,47,1,50,42,18,18,9,0],"gold":6,"neow_bonus":"THREE_ENEMY_KILL","is_prod":false,"is_daily":false,"chose_seed":false,"campfire_upgraded":5,"win_rate":0,"timestamp":1564784904,"path_taken":["M","?","?","?","?","R","E","R","T","R","?","E","R","M","R","BOSS","M","$","M","M","M","E","M","M","T","R","M","M","E","?","R","BOSS","M","M","$","?","M"],"build_version":"2019-07-17","purchased_purges":1,"victory":false,"max_hp_per_floor":[66,66,66,66,66,66,66,66,66,66,66,66,66,66,66,66,66,66,66,66,66,66,66,66,66,66,66,66,66,66,66,66,66,66,66,66,66,66,66],"card_choices":[{"not_picked":["Bane","Outmaneuver"],"picked":"Slice","floor":1},{"not_picked":["Deflect","Tactician"],"picked":"PiercingWail","floor":5},{"not_picked":["Reflex","Outmaneuver","Burst"],"picked":"SKIP","floor":7},{"not_picked":["Slice","Endless Agony"],"picked":"Cloak And Dagger","floor":12},{"not_picked":["Deflect","Poisoned Stab"],"picked":"Dagger Spray","floor":14},{"not_picked":["Unload","Corpse Explosion"],"picked":"After Image","floor":16},{"not_picked":["Deadly Poison","Poisoned Stab"],"picked":"Cloak And Dagger","floor":18},{"not_picked":["Masterful Stab","Bane"],"picked":"Backstab","floor":20},{"not_picked":["Accuracy","Prepared","Heel Hook"],"picked":"SKIP","floor":21},{"not_picked":["Accuracy","Prepared","Heel Hook"],"picked":"SKIP","floor":21},{"not_picked":["Dagger Spray","Deflect"],"picked":"PiercingWail","floor":22},{"not_picked":["Underhanded Strike+1","All Out Attack"],"picked":"Escape Plan","floor":23},{"not_picked":["Choke","Unload"],"picked":"Blade Dance+1","floor":24},{"not_picked":["Deflect","Flying Knee"],"picked":"PiercingWail+1","floor":25},{"not_picked":["Eviscerate","Escape Plan"],"picked":"Calculated Gamble","floor":28},{"not_picked":["Sucker Punch","Acrobatics"],"picked":"PiercingWail+1","floor":29},{"not_picked":["Night Terror","Bane"],"picked":"Riddle With Holes","floor":30},{"not_picked":["Tools of the Trade","Burst"],"picked":"Glass Knife","floor":33},{"not_picked":["Calculated Gamble","Flying Knee+1"],"picked":"Dodge and Roll","floor":35},{"not_picked":["Bane+1","Concentrate"],"picked":"Backflip","floor":36}],"player_experience":541710,"relics_obtained":[{"floor":4,"key":"Du-Vu Doll"},{"floor":7,"key":"Lantern"},{"floor":9,"key":"Oddly Smooth Stone"},{"floor":12,"key":"Shuriken"},{"floor":23,"key":"Calipers"},{"floor":26,"key":"Kunai"},{"floor":30,"key":"Mummified Hand"}],"event_choices":[{"damage_healed":0,"gold_gain":75,"player_choice":"Gather Gold","damage_taken":11,"max_hp_gain":0,"max_hp_loss":0,"event_name":"World of Goop","floor":2,"gold_loss":0},{"damage_healed":0,"gold_gain":150,"player_choice":"AGREE","damage_taken":0,"max_hp_gain":0,"max_hp_loss":0,"event_name":"Liars Game","floor":3,"gold_loss":0,"cards_obtained":["Doubt"]},{"damage_healed":0,"gold_gain":0,"player_choice":"Relic","damage_taken":0,"max_hp_gain":0,"max_hp_loss":0,"event_name":"Wheel of Change","floor":4,"gold_loss":0},{"damage_healed":0,"gold_gain":0,"player_choice":"Fight","damage_taken":0,"max_hp_gain":0,"max_hp_loss":0,"event_name":"Colosseum","floor":31,"gold_loss":0},{"damage_healed":0,"gold_gain":0,"player_choice":"Fled From Nobs","damage_taken":0,"max_hp_gain":0,"max_hp_loss":0,"event_name":"Colosseum","floor":31,"gold_loss":0},{"damage_healed":0,"gold_gain":0,"player_choice":"Damaged","damage_taken":9,"max_hp_gain":0,"max_hp_loss":0,"event_name":"Wheel of Change","floor":38,"gold_loss":0}],"is_beta":false,"boss_relics":[{"not_picked":["Fusion Hammer","Coffee Dripper"],"picked":"Pandora\u0027s Box"},{"not_picked":["Astrolabe","Busted Crown"],"picked":"Runic Pyramid"}],"items_purged_floors":[37],"is_endless":false,"potions_floor_spawned":[5,7,14,18,21,22,31,33,35,36],"killed_by":"Transient","ascension_level":20}