{"gold_per_floor":[109,52,71,71,88,88,113,113,113,113,124,124,124,135,135,135],"floor_reached":16,"playtime":358,"items_purged":[],"score":195,"play_id":"e6fefd17-ba9e-4dcf-afe9-0874cfc50c93","local_time":"20190523113457","is_ascension_mode":true,"campfire_choices":[{"floor":6,"key":"REST"},{"floor":8,"key":"REST"},{"data":"Noxious Fumes","floor":10,"key":"SMITH"},{"floor":13,"key":"REST"},{"data":"Leg Sweep","floor":15,"key":"SMITH"}],"neow_cost":"PERCENT_DAMAGE","seed_source_timestamp":1096034515796617,"circlet_count":0,"master_deck":["AscendersBane","Defend_G","Defend_G+1","Defend_G","Defend_G","Defend_G","Strike_G","Strike_G","Strike_G+1","Strike_G","Survivor","Neutralize","Backflip","Flying Knee","Noxious Fumes+1","Dagger Spray","Leg Sweep+1","Infinite Blades","Infinite Blades"],"relics":["Ring of the Snake","Dodecahedron","Sundial"],"potions_floor_usage":[7,16],"damage_taken":[{"damage":11,"enemies":"Small Slimes","floor":1,"turns":5},{"damage":3,"enemies":"Jaw Worm","floor":3,"turns":4},{"damage":0,"enemies":"Cultist","floor":5,"turns":3},{"damage":41,"enemies":"Lagavulin","floor":7,"turns":9},{"damage":5,"enemies":"3 Louse","floor":11,"turns":3},{"damage":7,"enemies":"Exordium Wildlife","floor":14,"turns":5},{"damage":29,"enemies":"Hexaghost","floor":16,"turns":9}],"seed_played":"5098399868995687674","potions_obtained":[{"floor":3,"key":"Explosive Potion"},{"floor":11,"key":"LiquidBronze"}],"is_trial":false,"path_per_floor":["M","$","M","?","M","R","E","R","T","R","M","?","R","M","R","B"],"character_chosen":"THE_SILENT","items_purchased":["Flying Knee"],"campfire_rested":3,"item_purchase_floors":[2],"current_hp_per_floor":[45,45,42,19,19,42,1,24,24,24,19,12,35,28,28,0],"gold":135,"neow_bonus":"TWENTY_PERCENT_HP_BONUS","is_prod":false,"is_daily":false,"chose_seed":false,"campfire_upgraded":2,"win_rate":0,"timestamp":1558625697,"path_taken":["M","$","M","?","M","R","E","R","T","R","M","?","R","M","R","BOSS"],"build_version":"2019-01-23","purchased_purges":0,"victory":false,"max_hp_per_floor":[78,78,78,78,78,78,78,78,78,78,78,78,78,78,78,78],"card_choices":[{"not_picked":["Prepared","Deflect"],"picked":"Backflip","floor":1},{"not_picked":["Underhanded Strike","Setup"],"picked":"Noxious Fumes","floor":3},{"not_picked":["Acrobatics","Expertise"],"picked":"Dagger Spray","floor":5},{"not_picked":["Predator","Flying Knee"],"picked":"Leg Sweep","floor":7},{"not_picked":["Accuracy","Concentrate"],"picked":"Infinite Blades","floor":11},{"not_picked":["Flechettes","Eviscerate"],"picked":"Infinite Blades","floor":14}],"player_experience":405234,"relics_obtained":[{"floor":7,"key":"Dodecahedron"},{"floor":9,"key":"Sundial"}],"event_choices":[{"damage_healed":0,"gold_gain":0,"player_choice":"Entered Light","damage_taken":23,"max_hp_gain":0,"max_hp_loss":0,"event_name":"Shining Light","floor":4,"gold_loss":0,"cards_upgraded":["Defend_G","Strike_G"]},{"cards_removed":["Strike_G"],"damage_healed":0,"gold_gain":0,"player_choice":"Card Removal","damage_taken":7,"max_hp_gain":0,"max_hp_loss":0,"event_name":"Golden Wing","floor":12,"gold_loss":0}],"is_beta":false,"boss_relics":[],"items_purged_floors":[],"is_endless":false,"potions_floor_spawned":[3,11],"killed_by":"Hexaghost","ascension_level":19}