{"gold_per_floor":[114,114,264,276,35,35,64,64,87,162,194,23,23,43,43,43],"floor_reached":16,"playtime":269,"items_purged":["Doubt"],"score":262,"play_id":"afe6d1bd-643d-473d-8206-3d4fbf8378d2","local_time":"20190821133231","is_ascension_mode":true,"campfire_choices":[{"data":"Skewer","floor":6,"key":"SMITH"},{"data":"Well Laid Plans","floor":8,"key":"SMITH"},{"data":"Dash","floor":13,"key":"SMITH"},{"data":"Neutralize","floor":15,"key":"SMITH"}],"neow_cost":"NONE","seed_source_timestamp":401041641760121,"circlet_count":0,"master_deck":["AscendersBane","Strike_G","Strike_G","Strike_G","Strike_G","Strike_G","Defend_G","Defend_G","Defend_G","Defend_G","Defend_G","Survivor","Neutralize+1","Dash+1","Backstab","Well Laid Plans+1","Skewer+1","Backflip","Bullet Time","Poisoned Stab"],"relics":["Ring of the Snake","NeowsBlessing","Boot","Mercury Hourglass","Strawberry","Pen Nib","Bag of Preparation"],"potions_floor_usage":[11],"damage_taken":[{"damage":0,"enemies":"Small Slimes","floor":1,"turns":1},{"damage":0,"enemies":"2 Louse","floor":4,"turns":1},{"damage":0,"enemies":"3 Sentries","floor":7,"turns":1},{"damage":8,"enemies":"Gremlin Nob","floor":11,"turns":3},{"damage":0,"enemies":"Jaw Worm","floor":14,"turns":2},{"damage":38,"enemies":"Hexaghost","floor":16,"turns":12}],"seed_played":"4995248910864127916","potions_obtained":[{"floor":4,"key":"AttackPotion"},{"floor":14,"key":"SmokeBomb"}],"is_trial":false,"path_per_floor":["M","?","?","M","$","R","E","R","T","?","E","$","R","M","R","B"],"character_chosen":"THE_SILENT","items_purchased":["Well Laid Plans","Skewer","Bag of Preparation"],"campfire_rested":0,"item_purchase_floors":[5,5,12],"current_hp_per_floor":[59,54,54,54,54,54,54,54,61,50,42,42,42,42,42,4],"gold":43,"neow_bonus":"THREE_ENEMY_KILL","is_prod":false,"is_daily":false,"chose_seed":false,"campfire_upgraded":4,"win_rate":0,"timestamp":1566408751,"path_taken":["M","?","?","M","$","R","E","R","T","?","E","?","R","M","R","BOSS"],"build_version":"2019-07-17","purchased_purges":1,"victory":false,"max_hp_per_floor":[66,66,66,66,66,66,66,66,73,73,73,73,73,73,73,73],"card_choices":[{"not_picked":["Cloak And Dagger","Leg Sweep"],"picked":"Dash","floor":1},{"not_picked":["Prepared","Endless Agony"],"picked":"Backstab","floor":4},{"not_picked":["Distraction","Prepared"],"picked":"Backflip","floor":7},{"not_picked":["Doppelganger","Infinite Blades"],"picked":"Bullet Time","floor":11},{"not_picked":["Prepared","Sucker Punch"],"picked":"Poisoned Stab","floor":14}],"player_experience":588454,"relics_obtained":[{"floor":7,"key":"Mercury Hourglass"},{"floor":9,"key":"Strawberry"},{"floor":11,"key":"Pen Nib"}],"event_choices":[{"damage_healed":0,"gold_gain":0,"player_choice":"Success","damage_taken":5,"relics_obtained":["Boot"],"max_hp_gain":0,"max_hp_loss":0,"event_name":"Scrap Ooze","floor":2,"gold_loss":0},{"damage_healed":0,"gold_gain":150,"player_choice":"AGREE","damage_taken":0,"max_hp_gain":0,"max_hp_loss":0,"event_name":"Liars Game","floor":3,"gold_loss":0,"cards_obtained":["Doubt"]},{"damage_healed":0,"gold_gain":75,"player_choice":"Gather Gold","damage_taken":11,"max_hp_gain":0,"max_hp_loss":0,"event_name":"World of Goop","floor":10,"gold_loss":0}],"is_beta":false,"boss_relics":[],"items_purged_floors":[5],"is_endless":false,"potions_floor_spawned":[4,14],"killed_by":"Hexaghost","ascension_level":20}