{"gold_per_floor":[109,125,144,159,174,174,192,192,261,278,288,299,299,45,45,45],"floor_reached":16,"playtime":917,"items_purged":[],"score":98,"play_id":"9d9df0b5-5cc8-4fd5-99eb-ea44c6ea4611","local_time":"20190828002956","is_ascension_mode":false,"campfire_choices":[{"data":"Uppercut","floor":6,"key":"SMITH"},{"data":"Offering","floor":8,"key":"SMITH"},{"data":"Shockwave","floor":13,"key":"SMITH"},{"data":"Bash","floor":15,"key":"SMITH"}],"neow_cost":"NONE","seed_source_timestamp":360041150445261,"circlet_count":0,"master_deck":["Strike_R","Strike_R","Strike_R","Strike_R","Strike_R","Defend_R","Defend_R","Defend_R","Defend_R","Bash+1","Anger","Uppercut+1","Shrug It Off","Rupture","Offering+1","Feel No Pain","Shockwave+1","Battle Trance","Cleave"],"relics":["Burning Blood","Blue Candle","Question Card"],"potions_floor_usage":[4,11,16],"damage_taken":[{"damage":1,"enemies":"Cultist","floor":1,"turns":3},{"damage":0,"enemies":"Small Slimes","floor":2,"turns":2},{"damage":5,"enemies":"2 Louse","floor":3,"turns":2},{"damage":12,"enemies":"Exordium Thugs","floor":4,"turns":4},{"damage":6,"enemies":"Large Slime","floor":5,"turns":4},{"damage":6,"enemies":"Looter","floor":7,"turns":2},{"damage":16,"enemies":"Lots of Slimes","floor":10,"turns":5},{"damage":11,"enemies":"Large Slime","floor":11,"turns":2},{"damage":8,"enemies":"Looter","floor":12,"turns":4},{"damage":59,"enemies":"Slime Boss","floor":16,"turns":8}],"seed_played":"440639040912369170","potions_obtained":[{"floor":3,"key":"AttackPotion"},{"floor":4,"key":"SneckoOil"},{"floor":10,"key":"AttackPotion"},{"floor":11,"key":"FearPotion"},{"floor":12,"key":"SmokeBomb"}],"is_trial":false,"path_per_floor":["M","M","M","M","M","R","M","R","T","M","M","M","R","$","R","B"],"character_chosen":"IRONCLAD","items_purchased":["Question Card"],"campfire_rested":0,"item_purchase_floors":[14],"current_hp_per_floor":[80,80,80,74,74,74,74,74,74,64,59,57,57,57,57,0],"gold":45,"neow_bonus":"THREE_CARDS","is_prod":false,"is_daily":false,"chose_seed":false,"campfire_upgraded":4,"win_rate":0,"timestamp":1566944996,"path_taken":["M","M","M","M","M","R","?","R","T","M","M","M","R","?","R","BOSS"],"build_version":"2019-06-28","purchased_purges":0,"victory":false,"max_hp_per_floor":[80,80,80,80,80,80,80,80,80,80,80,80,80,80,80,80],"card_choices":[{"not_picked":["Evolve","Wild Strike"],"picked":"Anger","floor":0},{"not_picked":["Clothesline","Flex"],"picked":"Uppercut","floor":1},{"not_picked":["Wild Strike","Searing Blow"],"picked":"Shrug It Off","floor":2},{"not_picked":["Sword Boomerang","Havoc"],"picked":"Rupture","floor":3},{"not_picked":["Warcry","Body Slam"],"picked":"Offering","floor":4},{"not_picked":["Heavy Blade","Wild Strike","Twin Strike"],"picked":"SKIP","floor":5},{"not_picked":["Warcry","Dual Wield"],"picked":"Feel No Pain","floor":7},{"not_picked":["Intimidate","Perfected Strike"],"picked":"Shockwave","floor":10},{"not_picked":["True Grit","Sentinel"],"picked":"Battle Trance","floor":11},{"not_picked":["Havoc","Twin Strike"],"picked":"Cleave","floor":12}],"player_experience":121473,"relics_obtained":[{"floor":9,"key":"Blue Candle"}],"event_choices":[],"is_beta":true,"boss_relics":[],"items_purged_floors":[],"is_endless":false,"potions_floor_spawned":[3,4,10,11,12],"killed_by":"Slime Boss","ascension_level":0}