{"gold_per_floor":[118,43,43,43,55,80,80,114,114,71,83,114,114,134,134,209,209,223,148,92,0,0,0,29,29,29,64,74,99,59,76,76,153,153,173,173,29,41,54,54,89,89,89,89,105,115,149,149,149,149],"floor_reached":51,"playtime":3897,"items_purged":["Strike_B"],"score":1589,"play_id":"4f4a4590-01f5-4ebc-99c6-f19781eb96e1","local_time":"20190612122329","is_ascension_mode":true,"campfire_choices":[{"data":"Doom and Gloom","floor":7,"key":"SMITH"},{"data":"Defragment","floor":13,"key":"SMITH"},{"data":"Static Discharge","floor":15,"key":"SMITH"},{"data":"Glacier","floor":25,"key":"SMITH"},{"data":"Zap","floor":32,"key":"SMITH"},{"data":"Capacitor","floor":40,"key":"SMITH"},{"data":"Biased Cognition","floor":42,"key":"SMITH"},{"data":"Dualcast","floor":44,"key":"SMITH"},{"data":"Gash","floor":49,"key":"SMITH"}],"neow_cost":"NONE","seed_source_timestamp":2823549860159755,"circlet_count":0,"master_deck":["AscendersBane","Strike_B+1","Defend_B","Defend_B","Defend_B","Defend_B","Zap+1","Dualcast+1","Doom and Gloom+1","Glacier+1","Core Surge+1","Static Discharge+1","Defragment+1","Tempest+1","Conserve Battery+1","Fission+1","Conserve Battery+1","Conserve Battery+1","Coolheaded+1","Coolheaded+1","Leap+1","Coolheaded+1","Go for the Eyes+1","Biased Cognition+1","Gash+1","Purity+1","Trip+1","Capacitor+1","Conserve Battery+1","Blizzard+1","Skim+1","Chill+1"],"relics":["Cracked Core","NeowsBlessing","Toxic Egg 2","PreservedInsect","Whetstone","Torii","Odd Mushroom","Coffee Dripper","Calipers","Bottled Lightning","Bag of Preparation","Dead Branch","Emotion Chip","Sozu","Bag of Marbles","Blue Candle","Regal Pillow"],"potions_floor_usage":[11,18,31,46],"damage_taken":[{"damage":0,"enemies":"Small Slimes","floor":1,"turns":1},{"damage":0,"enemies":"Jaw Worm","floor":5,"turns":1},{"damage":0,"enemies":"Lagavulin","floor":6,"turns":1},{"damage":17,"enemies":"3 Sentries","floor":8,"turns":7},{"damage":0,"enemies":"2 Louse","floor":11,"turns":2},{"damage":8,"enemies":"Gremlin Nob","floor":12,"turns":3},{"damage":1,"enemies":"The Mushroom Lair","floor":14,"turns":2},{"damage":16,"enemies":"Slime Boss","floor":16,"turns":9},{"damage":0,"enemies":"Chosen","floor":18,"turns":3},{"damage":19,"enemies":"Book of Stabbing","floor":24,"turns":3},{"damage":1,"enemies":"Slavers","floor":27,"turns":6},{"damage":1,"enemies":"2 Thieves","floor":28,"turns":4},{"damage":0,"enemies":"Gremlin Leader","floor":29,"turns":5},{"damage":0,"enemies":"Centurion and Healer","floor":31,"turns":8},{"damage":45,"enemies":"Automaton","floor":33,"turns":23},{"damage":0,"enemies":"3 Shapes","floor":35,"turns":2},{"damage":0,"enemies":"Orb Walker","floor":38,"turns":3},{"damage":0,"enemies":"Sphere and 2 Shapes","floor":39,"turns":5},{"damage":25,"enemies":"Nemesis","floor":41,"turns":3},{"damage":2,"enemies":"Spire Growth","floor":45,"turns":5},{"damage":0,"enemies":"Transient","floor":46,"turns":6},{"damage":0,"enemies":"Giant Head","floor":47,"turns":6},{"damage":1,"enemies":"Donu and Deca","floor":50,"turns":15}],"seed_played":"652205099482013730","potions_obtained":[{"floor":1,"key":"Ancient Potion"},{"floor":6,"key":"Explosive Potion"},{"floor":16,"key":"Energy Potion"},{"floor":18,"key":"Poison Potion"},{"floor":27,"key":"SteroidPotion"},{"floor":30,"key":"Regen Potion"},{"floor":30,"key":"Dexterity Potion"},{"floor":33,"key":"SteroidPotion"}],"is_trial":false,"path_per_floor":["M","$","?","?","M","E","R","E","T","$","M","E","R","?","R","B",null,"M","?","$","?","T","$","E","R","T","E","M","E","?","M","R","B",null,"M","?","$","M","M","R","E","R","T","R","M","M","E","?","R","B",null],"character_chosen":"DEFECT","items_purchased":["Defragment","Conserve Battery+1","Capacitor","Conserve Battery+1"],"campfire_rested":0,"item_purchase_floors":[10,20,37,37],"current_hp_per_floor":[64,64,57,57,57,57,57,40,40,40,40,32,32,31,31,15,57,57,57,57,57,57,57,38,38,38,37,36,36,36,51,51,6,55,55,50,50,50,50,50,25,25,25,25,23,23,23,23,23,22],"gold":149,"neow_bonus":"THREE_ENEMY_KILL","is_prod":false,"is_daily":false,"chose_seed":false,"campfire_upgraded":9,"win_rate":0,"timestamp":1560356609,"path_taken":["M","$","?","?","M","E","R","E","T","$","M","E","R","?","R","BOSS","M","?","$","?","?","?","E","R","T","E","M","E","?","?","R","BOSS","M","?","$","M","M","R","E","R","T","R","M","M","E","?","R","BOSS"],"build_version":"2019-01-23","purchased_purges":1,"victory":true,"max_hp_per_floor":[71,71,71,71,71,71,71,71,71,71,71,71,71,71,71,71,71,71,71,71,71,71,71,71,71,71,71,71,71,71,71,71,71,71,71,71,71,71,71,71,71,71,71,71,71,71,71,71,71,71],"card_choices":[{"not_picked":["Force Field","Reinforced Body"],"picked":"Doom and Gloom","floor":1},{"not_picked":["Stack","Gash"],"picked":"Glacier","floor":5},{"not_picked":["Blizzard","Buffer"],"picked":"Core Surge","floor":6},{"not_picked":["Barrage","Cold Snap"],"picked":"Static Discharge","floor":8},{"not_picked":["Beam Cell","Compile Driver"],"picked":"Tempest+1","floor":11},{"not_picked":["Sweeping Beam","Rip and Tear","Aggregate+1"],"picked":"SKIP","floor":12},{"not_picked":["BootSequence+1","Fission+1"],"picked":"Conserve Battery+1","floor":14},{"not_picked":["Buffer","Reboot+1"],"picked":"Fission+1","floor":16},{"not_picked":["Beam Cell","Streamline"],"picked":"Conserve Battery+1","floor":18},{"not_picked":["Turbo+1","Rebound"],"picked":"Coolheaded+1","floor":24},{"not_picked":["Turbo+1","Genetic Algorithm+1"],"picked":"Coolheaded+1","floor":27},{"not_picked":["Hello World","Darkness+1"],"picked":"Leap+1","floor":28},{"not_picked":["Reprogram+1","Redo+1"],"picked":"Coolheaded+1","floor":29},{"not_picked":["Ball Lightning","Steam+1"],"picked":"Go for the Eyes+1","floor":31},{"not_picked":["Fission+1","Core Surge"],"picked":"Biased Cognition","floor":33},{"not_picked":["Stack+1","Scrape"],"picked":"Gash","floor":35},{"not_picked":["Madness+1","Mind Blast"],"picked":"Purity+1","floor":36},{"not_picked":["Dramatic Entrance","Sadistic Nature"],"picked":"Trip+1","floor":36},{"not_picked":["Streamline+1","Gash"],"picked":"Blizzard+1","floor":38},{"not_picked":["Sweeping Beam","Scrape","BootSequence+1"],"picked":"SKIP","floor":39},{"not_picked":["Ball Lightning+1","Redo+1"],"picked":"Skim+1","floor":41},{"not_picked":["Streamline","Steam Power+1","Compile Driver"],"picked":"SKIP","floor":45},{"not_picked":["Storm","Melter+1"],"picked":"Chill+1","floor":46},{"not_picked":["Steam Power+1","FTL+1","Sweeping Beam"],"picked":"SKIP","floor":47}],"player_experience":422312,"relics_obtained":[{"floor":6,"key":"Toxic Egg 2"},{"floor":8,"key":"PreservedInsect"},{"floor":9,"key":"Whetstone"},{"floor":12,"key":"Torii"},{"floor":14,"key":"Odd Mushroom"},{"floor":22,"key":"Calipers"},{"floor":24,"key":"Bottled Lightning"},{"floor":26,"key":"Bag of Preparation"},{"floor":27,"key":"Dead Branch"},{"floor":29,"key":"Emotion Chip"},{"floor":41,"key":"Bag of Marbles"},{"floor":43,"key":"Blue Candle"},{"floor":47,"key":"Regal Pillow"}],"event_choices":[{"cards_removed":["Strike_B"],"damage_healed":0,"gold_gain":0,"player_choice":"Card Removal","damage_taken":7,"max_hp_gain":0,"max_hp_loss":0,"event_name":"Golden Wing","floor":3,"gold_loss":0},{"damage_healed":0,"gold_gain":0,"player_choice":"Ignored","damage_taken":0,"max_hp_gain":0,"max_hp_loss":0,"event_name":"Liars Game","floor":4,"gold_loss":0},{"damage_healed":0,"gold_gain":0,"player_choice":"Fought Mushrooms","damage_taken":0,"max_hp_gain":0,"max_hp_loss":0,"event_name":"Mushrooms","floor":14,"gold_loss":0},{"cards_removed":["Strike_B"],"damage_healed":0,"gold_gain":0,"player_choice":"Gave Gold","damage_taken":0,"max_hp_gain":0,"max_hp_loss":0,"event_name":"Beggar","floor":19,"gold_loss":75},{"damage_healed":0,"gold_gain":0,"player_choice":"Paid Fearfully","damage_taken":0,"max_hp_gain":0,"max_hp_loss":0,"event_name":"Masked Bandits","floor":21,"gold_loss":92},{"damage_healed":0,"gold_gain":0,"player_choice":"Bought 3 Potions","damage_taken":0,"max_hp_gain":0,"max_hp_loss":0,"event_name":"The Woman in Blue","floor":30,"gold_loss":0},{"damage_healed":0,"gold_gain":0,"player_choice":"Memory 2","damage_taken":5,"max_hp_gain":0,"max_hp_loss":0,"event_name":"SensoryStone","floor":36,"gold_loss":0},{"damage_healed":0,"gold_gain":0,"player_choice":"Ignored","damage_taken":0,"max_hp_gain":0,"max_hp_loss":0,"event_name":"SecretPortal","floor":48,"gold_loss":0}],"is_beta":false,"boss_relics":[{"not_picked":["Runic Dome","Pandora\u0027s Box"],"picked":"Coffee Dripper"},{"not_picked":["Black Star","Lizard Tail"],"picked":"Sozu"}],"items_purged_floors":[2],"is_endless":false,"potions_floor_spawned":[1,6,8,16,18,27,33,35,41,46,47],"ascension_level":19}