{"gold_per_floor":[117,132,132,146,162,162,188,188,188,188,69,89,89,99,99,203,203,219,219,230,86,97,97,130,130,130,130,159,64,64,84,84,188,188,202,30,45,63,63,63,63,63,63,82,82,82,10,10,10,10,10,10,10,42,42],"floor_reached":55,"playtime":4297,"items_purged":["Strike_G","Strike_G"],"score":705,"play_id":"71ab3bf0-2929-46e0-a836-e68ab26f67e0","local_time":"20190828183950","is_ascension_mode":false,"campfire_choices":[{"data":"Die Die Die","floor":6,"key":"SMITH"},{"data":"Cloak And Dagger","floor":8,"key":"SMITH"},{"data":"Infinite Blades","floor":13,"key":"SMITH"},{"data":"Backflip","floor":15,"key":"SMITH"},{"data":"Accuracy","floor":23,"key":"SMITH"},{"data":"Envenom","floor":25,"key":"SMITH"},{"floor":32,"key":"REST"},{"data":"Accuracy","floor":40,"key":"SMITH"},{"data":"Adrenaline","floor":42,"key":"SMITH"},{"data":"Blade Dance","floor":45,"key":"SMITH"},{"floor":49,"key":"RECALL"},{"data":"Finisher","floor":52,"key":"SMITH"}],"neow_cost":"NONE","seed_source_timestamp":422149596431846,"circlet_count":0,"master_deck":["Defend_G+1","Defend_G","Defend_G","Defend_G","Defend_G","Survivor","Neutralize","Cloak And Dagger+1","Footwork+1","Predator+1","Die Die Die+1","Finisher+1","Blade Dance+1","Infinite Blades+1","Backflip+1","Quick Slash+1","Envenom+1","Adrenaline+1","Flying Knee+1","Backflip+1","Bane+1","Accuracy+1","Infinite Blades","Malaise","Flying Knee+1","Deflect+1","Backflip","Accuracy+1","Dash+1","Corpse Explosion","Sucker Punch+1","Adrenaline+1","Parasite","Footwork+1","Shame","Regret","Blur","Blade Dance+1"],"special_seed":0,"relics":["Ring of the Snake","Bronze Scales","Molten Egg 2","Astrolabe","FaceOfCleric","FossilizedHelix","Kunai","MutagenicStrength","Cursed Key","Meat on the Bone","Mummified Hand","Oddly Smooth Stone"],"potions_floor_usage":[7,7,16,16,16,22,27,33,50,50],"damage_taken":[{"damage":6.0,"enemies":"Jaw Worm","floor":1.0,"turns":5.0},{"damage":0.0,"enemies":"Small Slimes","floor":2.0,"turns":5.0},{"damage":0.0,"enemies":"2 Louse","floor":4.0,"turns":4.0},{"damage":8,"enemies":"Lots of Slimes","floor":5,"turns":7},{"damage":15,"enemies":"Gremlin Nob","floor":7,"turns":5},{"damage":2,"enemies":"Red Slaver","floor":12,"turns":3},{"damage":1,"enemies":"Exordium Wildlife","floor":14,"turns":2},{"damage":1,"enemies":"Hexaghost","floor":16,"turns":8},{"damage":0,"enemies":"Shell Parasite","floor":18,"turns":7},{"damage":0,"enemies":"Chosen","floor":20,"turns":4},{"damage":13,"enemies":"Centurion and Healer","floor":22,"turns":5},{"damage":9,"enemies":"Gremlin Leader","floor":24,"turns":7},{"damage":0,"enemies":"Snake Plant","floor":27,"turns":1},{"damage":32,"enemies":"Slavers","floor":28,"turns":7},{"damage":6,"enemies":"Shelled Parasite and Fungi","floor":31,"turns":6},{"damage":32,"enemies":"Automaton","floor":33,"turns":10},{"damage":0,"enemies":"3 Darklings","floor":35,"turns":2},{"damage":7,"enemies":"3 Shapes","floor":37,"turns":3},{"damage":0,"enemies":"Writhing Mass","floor":38,"turns":6},{"damage":0,"enemies":"Spire Growth","floor":44,"turns":5},{"damage":61,"enemies":"Time Eater","floor":50,"turns":11},{"damage":39,"enemies":"Shield and Spear","floor":54,"turns":5},{"damage":64,"enemies":"The Heart","floor":55,"turns":6}],"seed_played":"-5837840932108841977","potions_obtained":[{"floor":2.0,"key":"SpeedPotion"},{"floor":4.0,"key":"Regen Potion"},{"floor":14,"key":"EntropicBrew"},{"floor":16,"key":"PowerPotion"},{"floor":22,"key":"GamblersBrew"},{"floor":31,"key":"SkillPotion"},{"floor":35,"key":"EssenceOfSteel"}],"is_trial":false,"path_per_floor":["M","M","?","M","M","R","E","R","T","?","$","M","R","M","R","B",null,"M","?","M","$","M","R","E","R","T","M","E","$","?","M","R","B",null,"M","$","M","M","?","R","$","R","T","M","R","T","$","?","R","B",null,"R","$","E","B"],"character_chosen":"THE_SILENT","items_purchased":["Blade Dance","Infinite Blades","Infinite Blades","Backflip","Accuracy","Adrenaline","Blur"],"campfire_rested":1,"item_purchase_floors":[11,11,21,29,29,36,47],"current_hp_per_floor":[71,71,71,71,63,63,62,62,62,47,47,45,45,44,44,43,77,77,77,78,78,66,66,58,58,58,59,28,28,28,23,47,16,84,85,85,79,80,80,80,80,80,80,81,81,81,81,81,81,33,89,89,89,51,0],"gold":42,"neow_bonus":"TEN_PERCENT_HP_BONUS","is_prod":false,"is_daily":false,"chose_seed":false,"campfire_upgraded":10,"win_rate":0,"timestamp":1567010390,"path_taken":["M","M","?","M","M","R","E","R","T","?","$","M","R","M","R","BOSS","M","?","M","$","?","R","E","R","T","M","E","$","?","M","R","BOSS","M","$","M","M","?","R","$","R","T","M","R","?","?","?","R","BOSS","R","$","E","BOSS"],"build_version":"2019-06-28","purchased_purges":2,"victory":false,"max_hp_per_floor":[77,77,77,77,77,77,77,77,77,77,77,77,77,77,77,77,77,77,77,78,78,79,79,80,80,80,81,82,82,82,83,83,84,84,85,85,86,87,87,87,87,87,87,88,88,88,88,88,88,89,89,89,89,90,90],"card_choices":[{"not_picked":["Choke","Deadly Poison"],"picked":"Cloak And Dagger","floor":1.0},{"not_picked":["Dash","Endless Agony"],"picked":"Footwork","floor":2.0},{"not_picked":["Dodge and Roll","Underhanded Strike"],"picked":"Predator","floor":4.0},{"not_picked":["Poisoned Stab","Backflip"],"picked":"Die Die Die","floor":5},{"not_picked":["Flechettes","Masterful Stab"],"picked":"Finisher","floor":7},{"not_picked":["Dodge and Roll","Riddle With Holes+1"],"picked":"Backflip","floor":12},{"not_picked":["Slice+1","Noxious Fumes"],"picked":"Quick Slash+1","floor":14},{"not_picked":["Tools of the Trade","Burst"],"picked":"Envenom","floor":16},{"not_picked":["Flechettes+1","Cloak And Dagger+1"],"picked":"Bane+1","floor":18},{"not_picked":["Cloak And Dagger+1","All Out Attack+1"],"picked":"Accuracy","floor":20},{"not_picked":["Noxious Fumes","Deflect"],"picked":"Malaise","floor":22},{"not_picked":["Dash+1","Underhanded Strike+1"],"picked":"Flying Knee+1","floor":24},{"not_picked":["Dagger Spray+1","Flying Knee+1"],"picked":"Deflect+1","floor":28},{"not_picked":["Prepared","Adrenaline"],"picked":"Dash+1","floor":31},{"not_picked":["Envenom","Malaise"],"picked":"Corpse Explosion","floor":33},{"not_picked":["Terror","Deflect"],"picked":"Sucker Punch+1","floor":35},{"not_picked":["Endless Agony+1","Caltrops","Dagger Spray+1"],"picked":"SKIP","floor":37},{"not_picked":["Deadly Poison","Terror+1"],"picked":"Footwork+1","floor":38},{"not_picked":["Prepared","Quick Slash+1"],"picked":"Cloak And Dagger+1","floor":44},{"not_picked":["Caltrops","Bullet Time"],"picked":"Blade Dance+1","floor":54}],"player_experience":134838,"relics_obtained":[{"floor":7,"key":"Bronze Scales"},{"floor":9,"key":"Molten Egg 2"},{"floor":24,"key":"FossilizedHelix"},{"floor":28,"key":"Kunai"},{"floor":43,"key":"Meat on the Bone"},{"floor":46,"key":"Mummified Hand"},{"floor":54,"key":"Oddly Smooth Stone"}],"event_choices":[{"damage_healed":0.0,"max_hp_gain":0.0,"max_hp_loss":0.0,"gold_gain":0.0,"event_name":"Living Wall","player_choice":"Grow","floor":3.0,"gold_loss":0.0,"damage_taken":0.0,"cards_upgraded":["Footwork"]},{"damage_healed":0,"gold_gain":0,"player_choice":"Entered Light","damage_taken":15,"max_hp_gain":0,"max_hp_loss":0,"event_name":"Shining Light","floor":10,"gold_loss":0,"cards_upgraded":["Predator","Defend_G"]},{"damage_healed":0,"gold_gain":0,"player_choice":"Trade","damage_taken":0,"relics_obtained":["FaceOfCleric"],"max_hp_gain":0,"max_hp_loss":0,"event_name":"FaceTrader","floor":19,"gold_loss":0},{"damage_healed":0,"gold_gain":0,"player_choice":"Inject Mutagens","damage_taken":0,"relics_obtained":["MutagenicStrength"],"max_hp_gain":0,"max_hp_loss":0,"event_name":"Drug Dealer","floor":30,"gold_loss":0},{"damage_healed":0,"gold_gain":0,"player_choice":"Ignored","damage_taken":0,"max_hp_gain":0,"max_hp_loss":0,"event_name":"Tomb of Lord Red Mask","floor":39,"gold_loss":0},{"cards_removed":["Cloak And Dagger"],"damage_healed":0,"gold_gain":0,"player_choice":"Removed Skill","damage_taken":0,"max_hp_gain":0,"max_hp_loss":0,"event_name":"Falling","floor":48,"gold_loss":0}],"is_beta":true,"boss_relics":[{"not_picked":["White Beast Statue","Empty Cage"],"picked":"Astrolabe"},{"not_picked":["Pandora\u0027s Box","Eternal Feather"],"picked":"Cursed Key"}],"items_purged_floors":[21,36],"is_endless":false,"potions_floor_spawned":[2,4,14,16,22,27,31,35],"killed_by":"The Heart","ascension_level":0}