{"gold_per_floor":[119,137,154,55,155,185,185,16,16,16,16,65,12,28,28,124,124,144,158,158,158,172,172,183,215,239,239,254,269,289,317,317,317],"floor_reached":33,"playtime":1975,"items_purged":[],"score":437,"play_id":"62c239de-4a7e-4c87-862d-ff7938e6d2c1","local_time":"20190824024625","is_ascension_mode":false,"campfire_choices":[{"data":"Armaments","floor":7,"key":"SMITH"},{"data":"Armaments","floor":10,"key":"SMITH"},{"floor":15,"key":"REST"},{"floor":23,"key":"REST"},{"floor":32,"key":"REST"}],"neow_cost":"NONE","seed_source_timestamp":20168888343890,"circlet_count":0,"master_deck":["Defend_R","Defend_R","Defend_R","Defend_R","Bash","Shrug It Off","Shrug It Off","Spot Weakness","Armaments+1","Spot Weakness","Armaments+1","Flex","Thunderclap","Parasite","Regret","Decay","Clash+1","Heavy Blade+1","Demon Form+1","Heavy Blade","Shrug It Off+1","Writhe","Parasite","Twin Strike","Armaments","Headbutt+1","Normality","Bite","Bite","Bite","Bite","Bite","Cleave+1","Flex","Rage","Thunderclap"],"relics":["Cursed Key","Darkstone Periapt","Pantograph","Frozen Egg 2","Orichalcum","Sozu","Red Skull","Matryoshka","Vajra","Whetstone","Potion Belt","Centennial Puzzle"],"potions_floor_usage":[6,6,25,25,30],"damage_taken":[{"damage":5,"enemies":"Small Slimes","floor":1,"turns":3},{"damage":0,"enemies":"Cultist","floor":2,"turns":3},{"damage":0,"enemies":"2 Louse","floor":3,"turns":3},{"damage":13,"enemies":"Lagavulin","floor":6,"turns":6},{"damage":2,"enemies":"Looter","floor":14,"turns":2},{"damage":32,"enemies":"Hexaghost","floor":16,"turns":6},{"damage":20,"enemies":"Chosen","floor":18,"turns":6},{"damage":15,"enemies":"2 Thieves","floor":19,"turns":3},{"damage":16,"enemies":"Sentry and Sphere","floor":22,"turns":4},{"damage":15,"enemies":"Shelled Parasite and Fungi","floor":24,"turns":3},{"damage":44,"enemies":"Book of Stabbing","floor":25,"turns":7},{"damage":39,"enemies":"Snecko","floor":28,"turns":6},{"damage":8,"enemies":"Centurion and Healer","floor":29,"turns":3},{"damage":2,"enemies":"Chosen and Byrds","floor":30,"turns":4},{"damage":14,"enemies":"Slavers","floor":31,"turns":2},{"damage":70,"enemies":"Automaton","floor":33,"turns":8}],"seed_played":"-3600026132153742660","potions_obtained":[{"floor":2,"key":"AttackPotion"},{"floor":6,"key":"Fire Potion"},{"floor":14,"key":"SkillPotion"}],"is_trial":false,"path_per_floor":["M","M","M","$","?","E","R","$","T","R","?","T","$","M","R","B",null,"M","M","T","T","M","R","M","E","T","?","M","M","M","E","R","B"],"character_chosen":"IRONCLAD","items_purchased":["Armaments","AttackPotion","Armaments","Flex","Thunderclap","SteroidPotion","Clash"],"campfire_rested":3,"item_purchase_floors":[4,4,8,8,8,8,13],"current_hp_per_floor":[75,75,75,75,75,62,62,62,68,68,74,80,80,78,98,66,98,78,63,69,75,59,92,77,33,39,39,10,10,15,5,29,0],"gold":317,"neow_bonus":"BOSS_RELIC","is_prod":false,"is_daily":false,"chose_seed":false,"campfire_upgraded":2,"win_rate":0.0,"timestamp":1566607585,"path_taken":["M","M","M","$","?","E","R","?","T","R","?","?","$","M","R","BOSS","M","M","?","?","M","R","?","E","T","?","M","M","M","E","R","BOSS"],"build_version":"2019-06-28","purchased_purges":0,"victory":false,"max_hp_per_floor":[80,80,80,80,80,80,80,80,86,86,92,98,98,98,98,98,98,98,98,104,110,110,110,110,110,116,81,81,81,81,81,81,81],"card_choices":[{"not_picked":["Perfected Strike","Flex"],"picked":"Shrug It Off","floor":1},{"not_picked":["Intimidate","Thunderclap"],"picked":"Shrug It Off","floor":2},{"not_picked":["Feel No Pain","Bloodletting"],"picked":"Spot Weakness","floor":3},{"not_picked":["Reckless Charge","Combust"],"picked":"Spot Weakness","floor":6},{"not_picked":["Infernal Blade","Clothesline"],"picked":"Heavy Blade","floor":14},{"not_picked":["Feed","Barricade+1"],"picked":"Demon Form+1","floor":16},{"not_picked":["Iron Wave+1","Perfected Strike"],"picked":"Heavy Blade","floor":18},{"not_picked":["Body Slam","Iron Wave"],"picked":"Shrug It Off+1","floor":19},{"not_picked":["True Grit","Hemokinesis"],"picked":"Twin Strike","floor":22},{"not_picked":["Rupture+1","Power Through"],"picked":"Armaments","floor":24},{"not_picked":["Body Slam","Corruption+1"],"picked":"Headbutt+1","floor":25},{"not_picked":["Power Through","Entrench+1"],"picked":"Cleave+1","floor":28},{"not_picked":["Whirlwind","Body Slam"],"picked":"Flex","floor":29},{"not_picked":["Ghostly Armor+1","Battle Trance"],"picked":"Rage","floor":30},{"not_picked":["Bludgeon","Entrench"],"picked":"Thunderclap","floor":31}],"player_experience":17917,"relics_obtained":[{"floor":6,"key":"Darkstone Periapt"},{"floor":9,"key":"Pantograph"},{"floor":12,"key":"Orichalcum"},{"floor":20,"key":"Red Skull"},{"floor":21,"key":"Matryoshka"},{"floor":25,"key":"Vajra"},{"floor":26,"key":"Whetstone"},{"floor":26,"key":"Potion Belt"},{"floor":31,"key":"Centennial Puzzle"}],"event_choices":[{"damage_healed":0,"gold_gain":100,"player_choice":"Pray","damage_taken":0,"max_hp_gain":0,"max_hp_loss":0,"event_name":"Golden Shrine","floor":5,"gold_loss":0},{"damage_healed":0,"gold_gain":0,"player_choice":"Box","damage_taken":0,"relics_obtained":["Frozen Egg 2"],"max_hp_gain":0,"max_hp_loss":0,"event_name":"Big Fish","floor":11,"gold_loss":0,"cards_obtained":["Regret"]},{"damage_healed":0,"gold_gain":0,"player_choice":"Became a vampire","damage_taken":0,"max_hp_gain":0,"max_hp_loss":35,"event_name":"Vampires","floor":27,"gold_loss":0,"cards_obtained":["Bite","Bite","Bite","Bite","Bite"]}],"is_beta":true,"boss_relics":[{"not_picked":["Runic Dome","Snecko Eye"],"picked":"Sozu"}],"items_purged_floors":[],"is_endless":false,"potions_floor_spawned":[2,6,14,19,25,29,30,31],"killed_by":"Automaton","ascension_level":0}