{"gold_per_floor":[115,115,15,33,208,208,208,240,295,315,331,331,406,426,426,426],"floor_reached":16,"playtime":553,"items_purged":["Strike_R"],"score":100,"play_id":"466a5bf8-ab99-4cc0-8f6e-726d0a00935f","local_time":"20190811045805","is_ascension_mode":false,"campfire_choices":[{"data":"Heavy Blade","floor":6,"key":"SMITH"},{"data":"Seeing Red","floor":12,"key":"SMITH"},{"data":"Uppercut","floor":15,"key":"SMITH"}],"neow_cost":"NONE","seed_source_timestamp":70133152683168,"circlet_count":0,"master_deck":["Strike_R","Strike_R","Strike_R","Strike_R","Defend_R","Defend_R","Defend_R","Defend_R","Bash","Warcry","Heavy Blade+1","Clothesline+1","Doubt","Seeing Red+1","Sentinel","Uppercut+1"],"relics":["Burning Blood","Bag of Marbles","Matryoshka","Dream Catcher","Blood Vial","Oddly Smooth Stone"],"potions_floor_usage":[16],"damage_taken":[{"damage":0,"enemies":"2 Louse","floor":1,"turns":2},{"damage":6,"enemies":"Cultist","floor":4,"turns":3},{"damage":23,"enemies":"Gremlin Nob","floor":8,"turns":5},{"damage":0,"enemies":"Small Slimes","floor":10,"turns":2},{"damage":14,"enemies":"Looter","floor":11,"turns":3},{"damage":21,"enemies":"Exordium Thugs","floor":14,"turns":7},{"damage":43,"enemies":"Hexaghost","floor":16,"turns":10}],"seed_played":"-4256609028832382518","potions_obtained":[{"floor":1,"key":"Strength Potion"},{"floor":14,"key":"EssenceOfSteel"}],"is_trial":false,"path_per_floor":["M","?","$","M","?","R","?","E","T","M","M","R","?","M","R","B"],"character_chosen":"IRONCLAD","items_purchased":["Heavy Blade"],"campfire_rested":0,"item_purchase_floors":[3],"current_hp_per_floor":[80,80,80,80,80,80,80,63,63,71,65,65,54,41,41,0],"gold":426,"neow_bonus":"RANDOM_COMMON_RELIC","is_prod":false,"is_daily":false,"chose_seed":false,"campfire_upgraded":3,"win_rate":0.0,"timestamp":1565467085,"path_taken":["M","?","$","?","?","R","?","E","T","?","M","R","?","M","R","BOSS"],"build_version":"2019-07-17","purchased_purges":1,"victory":false,"max_hp_per_floor":[80,80,80,80,80,80,80,80,80,80,80,80,80,80,80,80],"card_choices":[{"not_picked":["Carnage","Pummel"],"picked":"Warcry","floor":1},{"not_picked":["Shrug It Off","Anger"],"picked":"Clothesline","floor":4},{"not_picked":["Clothesline","Fiend Fire"],"picked":"Seeing Red","floor":8},{"not_picked":["Cleave","Pummel"],"picked":"Sentinel","floor":10},{"not_picked":["Shockwave","Sever Soul"],"picked":"Uppercut","floor":11},{"not_picked":["Infernal Blade","Warcry","Evolve"],"picked":"SKIP","floor":14}],"player_experience":42715,"relics_obtained":[{"floor":8,"key":"Dream Catcher"},{"floor":9,"key":"Blood Vial"},{"floor":9,"key":"Oddly Smooth Stone"}],"event_choices":[{"damage_healed":0,"gold_gain":0,"player_choice":"Gave Potion","damage_taken":0,"relics_obtained":["Matryoshka"],"max_hp_gain":0,"max_hp_loss":0,"event_name":"WeMeetAgain","floor":2,"gold_loss":0},{"damage_healed":0,"gold_gain":175,"player_choice":"AGREE","damage_taken":0,"max_hp_gain":0,"max_hp_loss":0,"event_name":"Liars Game","floor":5,"gold_loss":0,"cards_obtained":["Doubt"]},{"damage_healed":0,"gold_gain":0,"player_choice":"Upgraded","damage_taken":0,"max_hp_gain":0,"max_hp_loss":0,"event_name":"Upgrade Shrine","floor":7,"gold_loss":0,"cards_upgraded":["Clothesline"]},{"damage_healed":0,"gold_gain":75,"player_choice":"Gather Gold","damage_taken":11,"max_hp_gain":0,"max_hp_loss":0,"event_name":"World of Goop","floor":13,"gold_loss":0}],"is_beta":false,"boss_relics":[],"items_purged_floors":[3],"is_endless":false,"potions_floor_spawned":[1,14],"killed_by":"Hexaghost","ascension_level":0}