{"gold_per_floor":[111,111,111,111,136,136,155,155,229,243,243,259,290,305,305,305],"floor_reached":16,"playtime":658,"items_purged":[],"score":204,"play_id":"4c927d42-2c95-4009-875a-9f113601f4ad","local_time":"20181011032140","is_ascension_mode":true,"campfire_choices":[{"data":"Zap","floor":6,"key":"SMITH"},{"floor":8,"key":"REST"},{"floor":11,"key":"REST"},{"floor":15,"key":"REST"}],"neow_cost":"NONE","seed_source_timestamp":39193136896728,"circlet_count":0,"master_deck":["Strike_B","Strike_B","Strike_B","Defend_B","Defend_B","Defend_B","Defend_B","Zap+1","Dualcast","AscendersBane","Conserve Battery","Decay","Zap","Turbo","Ball Lightning","Streamline","Ball Lightning","Auto Shields","Steam","White Noise"],"relics":["Cracked Core","Boot","Golden Idol","Frozen Egg 2","Dodecahedron"],"potions_floor_usage":[16],"damage_taken":[{"damage":7,"enemies":"Jaw Worm","floor":1,"turns":4},{"damage":6,"enemies":"Cultist","floor":5,"turns":4},{"damage":10,"enemies":"Small Slimes","floor":7,"turns":3},{"damage":12,"enemies":"Looter","floor":10,"turns":3},{"damage":6,"enemies":"Blue Slaver","floor":12,"turns":3},{"damage":20,"enemies":"Lagavulin","floor":13,"turns":7},{"damage":6,"enemies":"3 Louse","floor":14,"turns":3},{"damage":36,"enemies":"The Guardian","floor":16,"turns":10}],"seed_played":"-3550013663007509283","potions_obtained":[{"floor":5,"key":"Ancient Potion"},{"floor":12,"key":"LiquidBronze"},{"floor":14,"key":"Dexterity Potion"}],"is_trial":false,"path_per_floor":["M","?","?","?","M","R","M","R","T","M","R","M","E","M","R"],"character_chosen":"DEFECT","items_purchased":[],"campfire_rested":3,"item_purchase_floors":[],"current_hp_per_floor":[57,57,33,33,27,27,17,38,38,26,47,41,21,15,36,0],"gold":305,"neow_bonus":"RANDOM_COMMON_RELIC","is_prod":false,"is_daily":false,"chose_seed":false,"campfire_upgraded":1,"win_rate":0,"timestamp":1539253300,"path_taken":["M","?","?","?","M","R","M","R","T","M","R","M","E","?","R","BOSS"],"build_version":"2018-10-10","purchased_purges":0,"victory":false,"max_hp_per_floor":[71,71,71,71,71,71,71,71,71,71,71,71,71,71,71,71],"card_choices":[{"not_picked":["Turbo","Melter"],"picked":"Conserve Battery","floor":1},{"not_picked":["Gash","Steam"],"picked":"Ball Lightning","floor":5},{"not_picked":["Leap","Compile Driver"],"picked":"Streamline","floor":7},{"not_picked":["Streamline","White Noise"],"picked":"Ball Lightning","floor":10},{"not_picked":["Gash","Leap"],"picked":"Auto Shields","floor":12},{"not_picked":["Compile Driver","Amplify"],"picked":"Steam","floor":13},{"not_picked":["FTL","Turbo"],"picked":"White Noise","floor":14}],"player_experience":2512970,"relics_obtained":[{"floor":9,"key":"Frozen Egg 2"},{"floor":13,"key":"Dodecahedron"}],"event_choices":[{"event_name":"Bonfire Elementals","player_choice":"BASIC","floor":2,"damage_taken":0},{"event_name":"Golden Idol","player_choice":"Take Damage","floor":3,"damage_taken":0},{"event_name":"Match and Keep!","player_choice":"3 cards matched","floor":4,"damage_taken":0}],"is_beta":true,"boss_relics":[],"items_purged_floors":[],"is_endless":false,"potions_floor_spawned":[5,12,14],"killed_by":"The Guardian","ascension_level":20}