{"gold_per_floor":[116,135,150,150,162,162,87,104,185,185,185,119,160,176,176,176],"floor_reached":16,"playtime":429,"items_purged":["Regret"],"score":189,"play_id":"3c384fbe-acd5-4164-a103-c021a92bd916","local_time":"20190502192022","is_ascension_mode":true,"campfire_choices":[{"data":"Perfected Strike","floor":6,"key":"SMITH"},{"data":"Disarm","floor":11,"key":"SMITH"},{"data":"Juggernaut","floor":15,"key":"SMITH"}],"neow_cost":"NONE","seed_source_timestamp":1906149116717696,"circlet_count":0,"master_deck":["AscendersBane","Strike_R","Strike_R","Strike_R","Strike_R","Strike_R","Defend_R","Defend_R","Defend_R","Defend_R","Bash","Thunderclap","Pummel","Disarm+1","Perfected Strike+1","Shrug It Off","Juggernaut+1"],"relics":["Burning Blood","Ginger","Pear","Golden Idol","Smiling Mask","Dodecahedron"],"potions_floor_usage":[3,8,14],"damage_taken":[{"damage":1,"enemies":"Cultist","floor":1,"turns":3},{"damage":9,"enemies":"Jaw Worm","floor":2,"turns":3},{"damage":2,"enemies":"Small Slimes","floor":3,"turns":4},{"damage":15,"enemies":"3 Louse","floor":5,"turns":4},{"damage":2,"enemies":"Red Slaver","floor":8,"turns":2},{"damage":18,"enemies":"Gremlin Nob","floor":13,"turns":4},{"damage":22,"enemies":"Large Slime","floor":14,"turns":6},{"damage":27,"enemies":"Hexaghost","floor":16,"turns":10}],"seed_played":"4364298535011914548","potions_obtained":[{"floor":2,"key":"Block Potion"},{"floor":3,"key":"Fruit Juice"},{"floor":13,"key":"EssenceOfSteel"}],"is_trial":false,"path_per_floor":["M","M","M","?","M","R","$","M","T","?","R","?","E","M","R","B"],"character_chosen":"IRONCLAD","items_purchased":[],"campfire_rested":0,"item_purchase_floors":[],"current_hp_per_floor":[73,70,79,79,70,70,70,74,84,53,53,53,41,25,25,0],"gold":176,"neow_bonus":"THREE_CARDS","is_prod":false,"is_daily":false,"chose_seed":false,"campfire_upgraded":3,"win_rate":0,"timestamp":1556839222,"path_taken":["M","?","M","?","M","R","$","M","T","?","R","?","E","M","R","BOSS"],"build_version":"2019-01-23","purchased_purges":1,"victory":false,"max_hp_per_floor":[75,75,80,80,80,80,80,80,90,90,90,90,90,90,90,90],"card_choices":[{"not_picked":["Heavy Blade","True Grit"],"picked":"Thunderclap","floor":0},{"not_picked":["Anger","Cleave"],"picked":"Pummel","floor":1},{"not_picked":["Heavy Blade","Burning Pact"],"picked":"Disarm","floor":2},{"not_picked":["Heavy Blade","Cleave","Dual Wield"],"picked":"SKIP","floor":3},{"not_picked":["Anger","Warcry"],"picked":"Perfected Strike","floor":5},{"not_picked":["Wild Strike","Sword Boomerang"],"picked":"Shrug It Off","floor":8},{"not_picked":["Sword Boomerang","Clash","Warcry"],"picked":"SKIP","floor":13},{"not_picked":["Carnage","Sentinel"],"picked":"Juggernaut","floor":14}],"player_experience":319441,"relics_obtained":[{"floor":9,"key":"Pear"},{"floor":13,"key":"Dodecahedron"}],"event_choices":[{"damage_healed":0,"gold_gain":0,"player_choice":"Box","damage_taken":0,"relics_obtained":["Ginger"],"max_hp_gain":0,"max_hp_loss":0,"event_name":"Big Fish","floor":4,"gold_loss":0,"cards_obtained":["Regret"]},{"damage_healed":0,"gold_gain":0,"player_choice":"Take Damage","damage_taken":31,"relics_obtained":["Golden Idol"],"max_hp_gain":0,"max_hp_loss":0,"event_name":"Golden Idol","floor":10,"gold_loss":0},{"damage_healed":0,"gold_gain":0,"player_choice":"Paid Gold","damage_taken":0,"relics_obtained":["Smiling Mask"],"max_hp_gain":0,"max_hp_loss":0,"event_name":"WeMeetAgain","floor":12,"gold_loss":66}],"is_beta":false,"boss_relics":[],"items_purged_floors":[7],"is_endless":false,"potions_floor_spawned":[2,3,13],"killed_by":"Hexaghost","ascension_level":17}