{"gold_per_floor":[113,124,49,124,124,124,143,143,169,181,181,212,43,53,53,53],"floor_reached":16,"playtime":474,"items_purged":["Strike_B"],"score":225,"play_id":"514bfeb7-1dec-4395-ad21-b86030932aed","local_time":"20190316030529","is_ascension_mode":true,"campfire_choices":[{"floor":6,"key":"REST"},{"data":"Zap","floor":8,"key":"SMITH"},{"floor":11,"key":"REST"},{"floor":15,"key":"REST"}],"neow_cost":"NONE","seed_source_timestamp":213663734931185,"circlet_count":0,"master_deck":["AscendersBane","Strike_B","Strike_B","Defend_B","Defend_B","Defend_B","Defend_B","Zap+1","Dualcast","Seek","Gash","Sweeping Beam","Gash","Hologram","Gash","Defragment","Gash"],"relics":["Cracked Core","Unceasing Top","Du-Vu Doll"],"potions_floor_usage":[12,12,16,16],"damage_taken":[{"damage":0,"enemies":"2 Louse","floor":1,"turns":3},{"damage":5,"enemies":"Small Slimes","floor":2,"turns":3},{"damage":12,"enemies":"Jaw Worm","floor":7,"turns":3},{"damage":9,"enemies":"Red Slaver","floor":10,"turns":3},{"damage":17,"enemies":"Gremlin Nob","floor":12,"turns":3},{"damage":0,"enemies":"Looter","floor":14,"turns":2},{"damage":30,"enemies":"The Guardian","floor":16,"turns":6}],"seed_played":"-2387055021244496465","potions_obtained":[{"floor":1,"key":"Poison Potion"},{"floor":10,"key":"Swift Potion"},{"floor":12,"key":"PowerPotion"}],"is_trial":false,"path_per_floor":["M","M","?","?","?","R","M","R","T","M","R","E","$","M","R","B"],"character_chosen":"DEFECT","items_purchased":["Defragment","Strength Potion"],"campfire_rested":3,"item_purchase_floors":[13,13],"current_hp_per_floor":[64,59,59,48,3,24,12,12,12,3,24,7,7,7,28,0],"gold":53,"neow_bonus":"ONE_RANDOM_RARE_CARD","is_prod":false,"is_daily":false,"chose_seed":false,"campfire_upgraded":1,"win_rate":0,"timestamp":1552730729,"path_taken":["M","M","?","?","?","R","M","R","T","?","R","E","?","M","R","BOSS"],"build_version":"2019-03-15","purchased_purges":1,"victory":false,"max_hp_per_floor":[71,71,71,71,71,71,71,71,71,71,71,71,71,71,71,71],"card_choices":[{"not_picked":["Tempest","Skim"],"picked":"Gash","floor":1},{"not_picked":["Steam","Darkness"],"picked":"Sweeping Beam","floor":2},{"not_picked":["Stack","Barrage"],"picked":"Gash","floor":7},{"not_picked":["Recycle","Steam"],"picked":"Hologram","floor":10},{"not_picked":["Biased Cognition","Loop"],"picked":"Gash","floor":12},{"not_picked":["Steam","Undo"],"picked":"Gash","floor":14}],"player_experience":2791636,"relics_obtained":[{"floor":12,"key":"Du-Vu Doll"}],"event_choices":[{"cards_removed":["Strike_B"],"damage_healed":0,"gold_gain":0,"player_choice":"Card Removal","damage_taken":0,"max_hp_gain":0,"max_hp_loss":0,"event_name":"The Cleric","floor":3,"gold_loss":75},{"damage_healed":0,"gold_gain":75,"player_choice":"Gather Gold","damage_taken":11,"max_hp_gain":0,"max_hp_loss":0,"event_name":"World of Goop","floor":4,"gold_loss":0},{"damage_healed":0,"gold_gain":0,"player_choice":"Success","damage_taken":45,"relics_obtained":["Unceasing Top"],"max_hp_gain":0,"max_hp_loss":0,"event_name":"Scrap Ooze","floor":5,"gold_loss":0}],"is_beta":true,"boss_relics":[],"items_purged_floors":[13],"is_endless":false,"potions_floor_spawned":[1,10,12],"killed_by":"The Guardian","ascension_level":20}