{"gold_per_floor":[116,116,116,116,126,160,160,189,243,243,11,161,161,1,1,1],"floor_reached":16,"playtime":259,"items_purged":["Strike_B"],"score":198,"play_id":"42870e0f-ba47-43ba-85b0-8be6bc6727ce","local_time":"20190511192628","is_ascension_mode":true,"campfire_choices":[{"floor":7,"key":"REST"},{"floor":10,"key":"REST"},{"data":"1","floor":13,"key":"LIFT"},{"data":"2","floor":15,"key":"LIFT"}],"neow_cost":"NONE","seed_source_timestamp":87587979068877,"circlet_count":0,"master_deck":["AscendersBane","Strike_B","Strike_B","Strike_B","Defend_B","Defend_B","Defend_B","Defend_B","Zap+1","Dualcast","Beam Cell","Coolheaded","Thunder Strike","Hologram","Doubt","Storm","Steam Power"],"relics":["Cracked Core","Regal Pillow","Shuriken","Girya","Ancient Tea Set","Tiny Chest","Vajra"],"potions_floor_usage":[],"damage_taken":[{"damage":0,"enemies":"2 Louse","floor":1,"turns":2},{"damage":12,"enemies":"Jaw Worm","floor":5,"turns":4},{"damage":30,"enemies":"Lagavulin","floor":6,"turns":7},{"damage":54,"enemies":"Gremlin Nob","floor":8,"turns":5},{"damage":41,"enemies":"Slime Boss","floor":16,"turns":5}],"seed_played":"4244376667180601963","potions_obtained":[],"is_trial":false,"path_per_floor":["M","?","T","?","M","E","R","E","T","R","$","?","R","$","R","B"],"character_chosen":"DEFECT","items_purchased":["Vajra","Storm","Steam Power"],"campfire_rested":2,"item_purchase_floors":[11,14,14],"current_hp_per_floor":[64,64,64,64,52,22,58,4,4,40,40,40,40,40,40,0],"gold":1,"neow_bonus":"RANDOM_COMMON_RELIC","is_prod":false,"is_daily":false,"chose_seed":false,"campfire_upgraded":0,"win_rate":0,"timestamp":1557617188,"path_taken":["M","?","?","?","?","E","R","E","T","R","$","?","R","?","R","BOSS"],"build_version":"2019-01-23","purchased_purges":1,"victory":false,"max_hp_per_floor":[71,71,71,71,71,71,71,71,71,71,71,71,71,71,71,71],"card_choices":[{"not_picked":["Hologram","Compile Driver","Beam Cell"],"picked":"SKIP","floor":1},{"not_picked":["Compile Driver","Go for the Eyes"],"picked":"Coolheaded","floor":5},{"not_picked":["Chaos","Turbo"],"picked":"Thunder Strike","floor":6},{"not_picked":["Cold Snap","Steam"],"picked":"Hologram","floor":8}],"player_experience":356211,"relics_obtained":[{"floor":3,"key":"Shuriken"},{"floor":6,"key":"Girya"},{"floor":8,"key":"Ancient Tea Set"},{"floor":9,"key":"Tiny Chest"}],"event_choices":[{"damage_healed":0,"gold_gain":0,"player_choice":"Grow","damage_taken":0,"max_hp_gain":0,"max_hp_loss":0,"event_name":"Living Wall","floor":2,"gold_loss":0,"cards_upgraded":["Zap"]},{"damage_healed":0,"gold_gain":0,"player_choice":"1 cards matched","damage_taken":0,"max_hp_gain":0,"max_hp_loss":0,"event_name":"Match and Keep!","floor":4,"gold_loss":0,"cards_obtained":["Beam Cell"]},{"damage_healed":0,"gold_gain":150,"player_choice":"AGREE","damage_taken":0,"max_hp_gain":0,"max_hp_loss":0,"event_name":"Liars Game","floor":12,"gold_loss":0,"cards_obtained":["Doubt"]}],"is_beta":false,"boss_relics":[],"items_purged_floors":[11],"is_endless":false,"potions_floor_spawned":[],"killed_by":"Slime Boss","ascension_level":18}