{"gold_per_floor":[20,20,40,40,40,75,90,90,90,90,109,109],"floor_reached":12,"playtime":286,"items_purged":[],"score":152,"play_id":"80cae1f2-5e4d-41c7-b651-3c984c4de062","local_time":"20190518014035","is_ascension_mode":true,"campfire_choices":[{"floor":8,"key":"REST"},{"data":"Corpse Explosion","floor":10,"key":"SMITH"}],"neow_cost":"NO_GOLD","seed_source_timestamp":628433688759839,"circlet_count":0,"master_deck":["AscendersBane","Defend_G","Defend_G","Defend_G","Defend_G","Defend_G","Strike_G","Strike_G","Strike_G","Strike_G","Strike_G","Survivor","Neutralize","Corpse Explosion+1","Cloak And Dagger","Caltrops","Poisoned Stab","Calculated Gamble"],"relics":["Ring of the Snake","Pear","Mummified Hand"],"potions_floor_usage":[6,12],"damage_taken":[{"damage":0,"enemies":"2 Louse","floor":1,"turns":2},{"damage":3,"enemies":"Small Slimes","floor":3,"turns":5},{"damage":32,"enemies":"Lagavulin","floor":6,"turns":7},{"damage":3,"enemies":"Cultist","floor":7,"turns":5},{"damage":16,"enemies":"Red Slaver","floor":11,"turns":4},{"damage":27,"enemies":"Gremlin Nob","floor":12,"turns":4}],"seed_played":"652062820308035720","potions_obtained":[{"floor":3,"key":"AttackPotion"},{"floor":11,"key":"Weak Potion"}],"is_trial":false,"path_per_floor":["M","?","M","$","?","E","M","R","T","R","M","E"],"character_chosen":"THE_SILENT","items_purchased":[],"campfire_rested":1,"item_purchase_floors":[],"current_hp_per_floor":[59,59,56,56,47,25,22,44,44,44,28,1],"gold":109,"neow_bonus":"THREE_RARE_CARDS","is_prod":false,"is_daily":false,"chose_seed":false,"campfire_upgraded":1,"win_rate":0,"timestamp":1558158035,"path_taken":["M","?","M","$","?","E","M","R","T","R","?","E"],"build_version":"2019-01-23","purchased_purges":0,"victory":false,"max_hp_per_floor":[66,66,66,66,66,76,76,76,76,76,76,76],"card_choices":[{"not_picked":["Bullet Time","Burst"],"picked":"Corpse Explosion","floor":0},{"not_picked":["Dagger Spray","Choke"],"picked":"Cloak And Dagger","floor":1},{"not_picked":["Dodge and Roll","Quick Slash","Underhanded Strike"],"picked":"SKIP","floor":3},{"not_picked":["Calculated Gamble","Finisher"],"picked":"Caltrops","floor":6},{"not_picked":["Dagger Spray","Expertise"],"picked":"Poisoned Stab","floor":7},{"not_picked":["Dagger Throw","Outmaneuver"],"picked":"Calculated Gamble","floor":11}],"player_experience":373804,"relics_obtained":[{"floor":6,"key":"Pear"},{"floor":9,"key":"Mummified Hand"}],"event_choices":[{"damage_healed":0,"gold_gain":0,"player_choice":"Leave","damage_taken":0,"max_hp_gain":0,"max_hp_loss":0,"event_name":"The Cleric","floor":2,"gold_loss":0},{"damage_healed":0,"gold_gain":0,"player_choice":"Damaged","damage_taken":9,"max_hp_gain":0,"max_hp_loss":0,"event_name":"Wheel of Change","floor":5,"gold_loss":0}],"is_beta":false,"boss_relics":[],"items_purged_floors":[],"is_endless":false,"potions_floor_spawned":[3,11],"killed_by":"Gremlin Nob","ascension_level":19}