{"gold_per_floor":[109,109,124,7,18,18,18,37,37,68,79,59,59,93,93,171,171,190,204,204,224,235,235,249,249,249,299,319,319,236,253,253,253],"floor_reached":33,"playtime":1542,"items_purged":[],"score":668,"play_id":"8c1458e5-60a4-42fd-ba1d-09b34a8790cb","local_time":"20190720225130","is_ascension_mode":true,"campfire_choices":[{"data":"Sunder","floor":7,"key":"SMITH"},{"data":"Loop","floor":13,"key":"SMITH"},{"data":"Beam Cell","floor":15,"key":"SMITH"},{"floor":23,"key":"REST"},{"data":"Biased Cognition","floor":25,"key":"SMITH"},{"data":"Loop","floor":32,"key":"SMITH"}],"neow_cost":"NONE","seed_source_timestamp":654924847990876,"circlet_count":0,"master_deck":["AscendersBane","Strike_B","Defend_B","Defend_B","Defend_B","Defend_B","Zap","Dualcast","Cold Snap","Sunder+1","Loop+1","Beam Cell+1","Ball Lightning","Cold Snap","All For One","Glacier","Ball Lightning","Biased Cognition+1","Loop+1","Conserve Battery","Gash","Gash","Stack+1","Loop","Darkness+1"],"relics":["Cracked Core","FossilizedHelix","Vajra","Nuclear Battery","Enchiridion","Bottled Tornado"],"potions_floor_usage":[1,10,16,16,33],"damage_taken":[{"damage":10,"enemies":"Small Slimes","floor":1,"turns":4},{"damage":0,"enemies":"Cultist","floor":3,"turns":3},{"damage":0,"enemies":"Jaw Worm","floor":5,"turns":3},{"damage":0,"enemies":"2 Fungi Beasts","floor":8,"turns":2},{"damage":29,"enemies":"Lagavulin","floor":10,"turns":5},{"damage":8,"enemies":"3 Louse","floor":11,"turns":2},{"damage":0,"enemies":"Gremlin Nob","floor":14,"turns":3},{"damage":0,"enemies":"Slime Boss","floor":16,"turns":7},{"damage":0,"enemies":"Spheric Guardian","floor":18,"turns":3},{"damage":23,"enemies":"2 Thieves","floor":19,"turns":3},{"damage":6,"enemies":"Snake Plant","floor":21,"turns":4},{"damage":0,"enemies":"Snecko","floor":22,"turns":4},{"damage":10,"enemies":"Shelled Parasite and Fungi","floor":24,"turns":5},{"damage":4,"enemies":"Snake Plant","floor":28,"turns":4},{"damage":0,"enemies":"Chosen and Byrds","floor":31,"turns":3},{"damage":25,"enemies":"Champ","floor":33,"turns":5}],"seed_played":"-5160772439489576659","potions_obtained":[{"floor":1,"key":"Fruit Juice"},{"floor":3,"key":"Swift Potion"},{"floor":10,"key":"Fire Potion"},{"floor":11,"key":"PowerPotion"},{"floor":12,"key":"AttackPotion"},{"floor":18,"key":"Strength Potion"},{"floor":21,"key":"Explosive Potion"},{"floor":24,"key":"Energy Potion"}],"is_trial":false,"path_per_floor":["M","?","M","$","M","?","R","M","T","E","M","?","R","E","R","B",null,"M","M","?","M","M","R","M","R","T","?","M","$","$","M","R","B"],"character_chosen":"DEFECT","items_purchased":["Loop","Beam Cell","Loop"],"campfire_rested":1,"item_purchase_floors":[4,4,30],"current_hp_per_floor":[59,59,59,59,59,59,59,59,59,30,22,22,22,22,22,22,63,63,40,19,13,13,35,25,25,25,25,21,21,21,21,21,0],"gold":253,"neow_bonus":"REMOVE_CARD","is_prod":false,"is_daily":false,"chose_seed":false,"campfire_upgraded":5,"win_rate":0,"timestamp":1563688290,"path_taken":["M","?","M","?","M","?","R","?","T","E","M","?","R","E","R","BOSS","M","?","?","M","M","R","M","R","T","?","M","?","$","M","R","BOSS"],"build_version":"2019-07-18","purchased_purges":0,"victory":false,"max_hp_per_floor":[76,76,76,76,76,76,76,76,76,76,76,76,76,76,76,76,76,76,76,76,76,76,76,76,76,76,76,76,76,76,76,76,76],"card_choices":[{"not_picked":["Skim","Reinforced Body"],"picked":"Cold Snap","floor":1},{"not_picked":["Rebound","Undo"],"picked":"Sunder","floor":3},{"not_picked":["Compile Driver","Fusion"],"picked":"Ball Lightning","floor":5},{"not_picked":["Force Field","Leap"],"picked":"Cold Snap","floor":8},{"not_picked":["White Noise","Fission"],"picked":"All For One","floor":10},{"not_picked":["Beam Cell","Rebound"],"picked":"Glacier","floor":11},{"not_picked":["Fusion","Consume"],"picked":"Ball Lightning","floor":14},{"not_picked":["Amplify","Core Surge"],"picked":"Biased Cognition","floor":16},{"not_picked":["Steam","Static Discharge"],"picked":"Loop","floor":18},{"not_picked":["Turbo","Redo"],"picked":"Conserve Battery","floor":19},{"not_picked":["Doom and Gloom","Rebound"],"picked":"Gash","floor":21},{"not_picked":["Leap","Skim"],"picked":"Gash","floor":22},{"not_picked":["Steam","Fusion"],"picked":"Stack+1","floor":24},{"not_picked":["Genetic Algorithm","Auto Shields","Turbo"],"picked":"SKIP","floor":28},{"not_picked":["Genetic Algorithm","Auto Shields","Turbo"],"picked":"SKIP","floor":28},{"not_picked":["Rebound+1","Genetic Algorithm"],"picked":"Darkness+1","floor":31}],"player_experience":2834949,"relics_obtained":[{"floor":10,"key":"FossilizedHelix"},{"floor":14,"key":"Vajra"},{"floor":20,"key":"Enchiridion"},{"floor":26,"key":"Bottled Tornado"}],"event_choices":[{"cards_removed":["Strike_B"],"damage_healed":0,"gold_gain":0,"player_choice":"Offered Basic","damage_taken":0,"max_hp_gain":0,"max_hp_loss":0,"event_name":"Bonfire Elementals","floor":2,"gold_loss":0},{"cards_removed":["Strike_B"],"damage_healed":0,"gold_gain":0,"player_choice":"Card Removal","damage_taken":0,"max_hp_gain":0,"max_hp_loss":0,"event_name":"Wheel of Change","floor":6,"gold_loss":0},{"damage_healed":0,"gold_gain":0,"player_choice":"Bought 1 Potion","damage_taken":0,"max_hp_gain":0,"max_hp_loss":0,"event_name":"The Woman in Blue","floor":12,"gold_loss":0},{"damage_healed":0,"gold_gain":0,"player_choice":"Obtained Book","damage_taken":21,"max_hp_gain":0,"max_hp_loss":0,"event_name":"Cursed Tome","floor":20,"gold_loss":0},{"damage_healed":0,"gold_gain":50,"player_choice":"Stole From Cult","damage_taken":0,"max_hp_gain":0,"max_hp_loss":0,"event_name":"Nest","floor":27,"gold_loss":0}],"is_beta":true,"boss_relics":[{"not_picked":["Velvet Choker","Busted Crown"],"picked":"Nuclear Battery"}],"items_purged_floors":[],"is_endless":false,"potions_floor_spawned":[1,3,10,11,14,18,21,24],"killed_by":"Champ","ascension_level":20}