{"gold_per_floor":[109,129,146,159,179,179,209,209,262,262,274,274,274,303,303,408,408,419,436,446,446],"floor_reached":21,"playtime":705,"items_purged":[],"score":251,"play_id":"c83d7dcf-751d-4641-89b8-6007c8985568","local_time":"20190901222125","is_ascension_mode":true,"campfire_choices":[{"data":"Whirlwind","floor":6.0,"key":"SMITH"},{"floor":8.0,"key":"REST"},{"data":"Bash","floor":10.0,"key":"SMITH"},{"data":"Whirlwind","floor":12.0,"key":"SMITH"},{"data":"Battle Trance","floor":15.0,"key":"SMITH"}],"neow_cost":"NONE","seed_source_timestamp":515065058073041,"circlet_count":0,"master_deck":["Strike_R","Strike_R","Strike_R","Strike_R","Strike_R","Defend_R","Defend_R","Defend_R","Defend_R","Bash+1","Whirlwind+1","Battle Trance+1","Whirlwind+1","Barricade","Entrench+1","Flex"],"special_seed":0,"relics":["Burning Blood","Shuriken","Tiny Chest","Red Skull","Philosopher\u0027s Stone"],"potions_floor_usage":[],"damage_taken":[{"damage":11.0,"enemies":"Cultist","floor":1.0,"turns":4.0},{"damage":12.0,"enemies":"Small Slimes","floor":2.0,"turns":3.0},{"damage":2.0,"enemies":"2 Louse","floor":3.0,"turns":3.0},{"damage":21.0,"enemies":"Blue Slaver","floor":4.0,"turns":5.0},{"damage":5.0,"enemies":"Gremlin Gang","floor":5.0,"turns":3.0},{"damage":40.0,"enemies":"Lagavulin","floor":7.0,"turns":7.0},{"damage":18.0,"enemies":"Exordium Thugs","floor":11.0,"turns":5.0},{"damage":25.0,"enemies":"3 Sentries","floor":14.0,"turns":3.0},{"damage":62.0,"enemies":"The Guardian","floor":16.0,"turns":10.0},{"damage":26.0,"enemies":"2 Thieves","floor":18.0,"turns":3.0},{"damage":9.0,"enemies":"Chosen","floor":19.0,"turns":3.0},{"damage":22.0,"enemies":"Centurion and Healer","floor":20.0,"turns":4.0},{"damage":39,"enemies":"Snake Plant","floor":21,"turns":2}],"seed_played":"-2138983923179891545","potions_obtained":[{"floor":1.0,"key":"BloodPotion"},{"floor":3.0,"key":"SteroidPotion"},{"floor":4.0,"key":"Swift Potion"},{"floor":11.0,"key":"BloodPotion"},{"floor":18.0,"key":"Regen Potion"}],"is_trial":false,"path_per_floor":["M","M","M","M","M","R","E","R","T","R","M","R","?","E","R","B",null,"M","M","M","M"],"character_chosen":"IRONCLAD","items_purchased":[],"campfire_rested":1,"item_purchase_floors":[],"current_hp_per_floor":[75,69,73,58,59,59,25,51,51,51,39,39,39,42,42,8,68,48,54,38,0],"gold":446,"neow_bonus":"TEN_PERCENT_HP_BONUS","is_prod":false,"is_daily":false,"chose_seed":false,"campfire_upgraded":4,"win_rate":0,"timestamp":1567369285,"path_taken":["M","?","M","M","M","R","E","R","T","R","M","R","?","E","R","BOSS","M","M","M","?"],"build_version":"2019-07-17","purchased_purges":0,"victory":false,"max_hp_per_floor":[88,88,88,88,88,88,88,88,88,88,88,88,88,88,88,88,88,88,88,88,88],"card_choices":[{"not_picked":["Rage","Burning Pact","Clothesline"],"picked":"SKIP","floor":1.0},{"not_picked":["Battle Trance","Cleave"],"picked":"Whirlwind","floor":2.0},{"not_picked":["Perfected Strike","Pommel Strike","Armaments"],"picked":"SKIP","floor":3.0},{"not_picked":["Clash","Dropkick","Pummel"],"picked":"SKIP","floor":4.0},{"not_picked":["Twin Strike","Clash"],"picked":"Battle Trance","floor":5.0},{"not_picked":["Perfected Strike","Shockwave","Hemokinesis"],"picked":"SKIP","floor":7.0},{"not_picked":["Warcry","Infernal Blade"],"picked":"Whirlwind","floor":11.0},{"not_picked":["Anger","Clash","Corruption"],"picked":"SKIP","floor":14.0},{"not_picked":["Feed","Juggernaut"],"picked":"Barricade","floor":16.0},{"not_picked":["Wild Strike+1","Shrug It Off"],"picked":"Entrench+1","floor":18.0},{"not_picked":["Perfected Strike","Clothesline"],"picked":"Flex","floor":19.0},{"not_picked":["Clothesline","Heavy Blade","Rage"],"picked":"SKIP","floor":20.0}],"player_experience":149151,"relics_obtained":[{"floor":7.0,"key":"Shuriken"},{"floor":9.0,"key":"Tiny Chest"},{"floor":14.0,"key":"Red Skull"}],"event_choices":[{"damage_healed":0.0,"max_hp_gain":0.0,"max_hp_loss":0.0,"gold_gain":0.0,"event_name":"The Woman in Blue","player_choice":"Bought 0 Potions","floor":13.0,"gold_loss":0.0,"damage_taken":0.0}],"is_beta":false,"boss_relics":[{"not_picked":["Black Star","Pandora\u0027s Box"],"picked":"Philosopher\u0027s Stone"}],"items_purged_floors":[],"is_endless":false,"potions_floor_spawned":[1,3,4,11,18],"killed_by":"Snake Plant","ascension_level":6}