{"gold_per_floor":[18,18,18,31,31,31,47,58,128,139,139,151,151,151,151,151],"floor_reached":16,"playtime":1248,"items_purged":[],"score":184,"play_id":"c7f21f5b-e2c4-4fa3-8ad9-36c5c8206d79","local_time":"20181010045621","is_ascension_mode":true,"campfire_choices":[{"data":"Genetic Algorithm","floor":6,"key":"SMITH"},{"data":"Zap","floor":13,"key":"SMITH"},{"data":"Sweeping Beam","floor":15,"key":"SMITH"}],"neow_cost":"NO_GOLD","seed_source_timestamp":2298266762603417,"circlet_count":0,"master_deck":["Strike_B","Strike_B","Strike_B","Strike_B","Defend_B","Defend_B","Defend_B","Defend_B","Zap+1","Dualcast","AscendersBane","Genetic Algorithm+1","Decay","Gash","Streamline+1","Tempest","Sweeping Beam+1"],"relics":["Cracked Core","Thread and Needle","Anchor","Darkstone Periapt","Bird Faced Urn"],"potions_floor_usage":[12,16],"damage_taken":[{"damage":3,"enemies":"Jaw Worm","floor":1,"turns":3},{"damage":0,"enemies":"2 Louse","floor":4,"turns":2},{"damage":0,"enemies":"Cultist","floor":7,"turns":3},{"damage":10,"enemies":"Large Slime","floor":8,"turns":6},{"damage":0,"enemies":"Red Slaver","floor":10,"turns":3},{"damage":0,"enemies":"Blue Slaver","floor":12,"turns":2},{"damage":61,"enemies":"Slime Boss","floor":16,"turns":8}],"seed_played":"-5716385719745959586","potions_obtained":[{"floor":4,"key":"FearPotion"},{"floor":8,"key":"FearPotion"},{"floor":12,"key":"SpeedPotion"}],"is_trial":false,"path_per_floor":["M","?","?","M","?","R","M","M","T","M","T","M","R","?","R"],"character_chosen":"DEFECT","items_purchased":[],"campfire_rested":0,"item_purchase_floors":[],"current_hp_per_floor":[61,66,66,66,66,66,66,56,56,56,56,56,56,56,56,0],"gold":151,"neow_bonus":"ONE_RARE_RELIC","is_prod":false,"is_daily":false,"chose_seed":false,"campfire_upgraded":3,"win_rate":0,"timestamp":1539172581,"path_taken":["M","?","?","?","?","R","M","M","T","M","?","M","R","?","R","BOSS"],"build_version":"2018-10-09","purchased_purges":0,"victory":false,"max_hp_per_floor":[71,76,76,76,76,76,76,76,76,76,76,76,76,76,76,76],"card_choices":[{"not_picked":["Turbo","Compile Driver"],"picked":"Streamline","floor":1},{"not_picked":["Conserve Battery","Loop"],"picked":"Genetic Algorithm","floor":4},{"not_picked":["Coolheaded","Capacitor"],"picked":"Gash","floor":7},{"not_picked":["Auto Shields","Go for the Eyes"],"picked":"Streamline","floor":8},{"not_picked":["Barrage","Redo"],"picked":"Tempest","floor":10},{"not_picked":["Go for the Eyes","Steam Power"],"picked":"Sweeping Beam","floor":12}],"player_experience":2510580,"relics_obtained":[{"floor":9,"key":"Darkstone Periapt"},{"floor":11,"key":"Bird Faced Urn"}],"event_choices":[{"event_name":"Big Fish","player_choice":"Donut","floor":2,"damage_taken":0},{"event_name":"WeMeetAgain","player_choice":"Card","floor":3,"damage_taken":0},{"event_name":"Wheel of Change","player_choice":"Curse","floor":5,"damage_taken":0},{"event_name":"Living Wall","player_choice":"Grow","floor":14,"damage_taken":0}],"is_beta":true,"boss_relics":[],"items_purged_floors":[],"is_endless":false,"potions_floor_spawned":[4,8,12],"killed_by":"Slime Boss","ascension_level":20}