{"gold_per_floor":[111,111,127,141,66,66,98,98,122,122,72,83,83,96,96,196,196,214,116,126,126,126,157,157,167,167,186,82,95,45,55,55,55],"floor_reached":33,"playtime":1048,"items_purged":["Defend_R","Metallicize","Shockwave","Uppercut"],"score":342,"play_id":"de40c53b-fcee-481b-9fb0-a6c45e8a5b7b","local_time":"20190901135412","is_ascension_mode":false,"campfire_choices":[{"data":"Flex","floor":6,"key":"SMITH"},{"data":"Battle Trance","floor":8,"key":"SMITH"},{"data":"Bash","floor":10,"key":"SMITH"},{"data":"Whirlwind","floor":15,"key":"SMITH"},{"data":"Heavy Blade","floor":24,"key":"SMITH"},{"floor":32,"key":"REST"}],"neow_cost":"NONE","seed_source_timestamp":226929731854800,"circlet_count":0,"master_deck":["Bash+1","Clash","Battle Trance+1","Flex+1","Iron Wave","Whirlwind+1","Immolate","Fiend Fire","Flex","Ghostly Armor","Battle Trance","Heavy Blade+1","Flex","Shrug It Off","Seeing Red+1","Flex","Headbutt+1"],"relics":["Burning Blood","NeowsBlessing","Centennial Puzzle","Smiling Mask","Pandora\u0027s Box","Matryoshka","Nilry\u0027s Codex","Potion Belt","Omamori","Bottled Lightning"],"potions_floor_usage":[14,27,27,33],"damage_taken":[{"damage":0,"enemies":"Jaw Worm","floor":1,"turns":1},{"damage":0,"enemies":"Cultist","floor":3,"turns":1},{"damage":0,"enemies":"2 Louse","floor":4,"turns":1},{"damage":21,"enemies":"Lagavulin","floor":7,"turns":5},{"damage":8,"enemies":"Red Slaver","floor":12,"turns":2},{"damage":0,"enemies":"Blue Slaver","floor":14,"turns":1},{"damage":0,"enemies":"Slime Boss","floor":16,"turns":6},{"damage":0,"enemies":"3 Byrds","floor":18,"turns":3},{"damage":15,"enemies":"2 Thieves","floor":20,"turns":2},{"damage":30,"enemies":"Book of Stabbing","floor":23,"turns":3},{"damage":8,"enemies":"3 Cultists","floor":25,"turns":3},{"damage":0,"enemies":"Snake Plant","floor":27,"turns":1},{"damage":8,"enemies":"Snecko","floor":29,"turns":3},{"damage":12,"enemies":"Centurion and Healer","floor":31,"turns":3},{"damage":58,"enemies":"Champ","floor":33,"turns":5}],"seed_played":"7117445691506661293","potions_obtained":[{"floor":1,"key":"Explosive Potion"},{"floor":4,"key":"Ancient Potion"},{"floor":7,"key":"Explosive Potion"},{"floor":20,"key":"Fruit Juice"},{"floor":25,"key":"Fire Potion"},{"floor":31,"key":"Swift Potion"}],"is_trial":false,"path_per_floor":["M","?","M","M","$","R","E","R","T","R","?","M","?","M","R","B",null,"M","$","M","T","?","E","R","M","T","M","$","M","$","M","R","B"],"character_chosen":"IRONCLAD","items_purchased":["Flex","Flex"],"campfire_rested":1,"item_purchase_floors":[19,28],"current_hp_per_floor":[80,80,80,80,80,80,65,65,65,65,65,63,63,69,69,75,80,80,80,71,71,55,31,31,29,29,35,35,33,33,27,51,0],"gold":55,"neow_bonus":"THREE_ENEMY_KILL","is_prod":false,"is_daily":false,"chose_seed":false,"campfire_upgraded":5,"win_rate":0,"timestamp":1567371252,"path_taken":["M","?","M","?","$","R","E","R","T","R","?","M","?","M","R","BOSS","M","$","M","?","?","E","R","M","T","M","?","M","$","M","R","BOSS"],"build_version":"2019-07-17","purchased_purges":4,"victory":false,"max_hp_per_floor":[80,80,80,80,80,80,80,80,80,80,80,80,80,80,80,80,80,80,80,80,80,80,80,80,80,80,80,80,80,80,80,80,85],"card_choices":[{"not_picked":["Second Wind","Reckless Charge","Ghostly Armor"],"picked":"SKIP","floor":1},{"not_picked":["Ghostly Armor","Power Through"],"picked":"Battle Trance","floor":3},{"not_picked":["Reckless Charge","True Grit"],"picked":"Flex","floor":4},{"not_picked":["Wild Strike","Sever Soul","Thunderclap"],"picked":"SKIP","floor":7},{"not_picked":["Armaments","Thunderclap","Pommel Strike"],"picked":"SKIP","floor":12},{"not_picked":["True Grit","Flex"],"picked":"Whirlwind","floor":14},{"not_picked":["Dark Embrace","Impervious"],"picked":"Immolate","floor":16},{"not_picked":["Twin Strike","Thunderclap"],"picked":"Heavy Blade","floor":18},{"not_picked":["Infernal Blade+1","Wild Strike","Corruption"],"picked":"SKIP","floor":20},{"not_picked":["Bloodletting+1","Uppercut"],"picked":"Shrug It Off","floor":23},{"not_picked":["Power Through","Infernal Blade+1","Rupture"],"picked":"SKIP","floor":25},{"not_picked":["Searing Blow","Combust"],"picked":"Seeing Red+1","floor":27},{"not_picked":["Clash","Battle Trance+1"],"picked":"Headbutt+1","floor":29},{"not_picked":["Twin Strike+1","Bloodletting","Headbutt+1"],"picked":"SKIP","floor":31}],"player_experience":737686,"relics_obtained":[{"floor":7,"key":"Centennial Puzzle"},{"floor":9,"key":"Smiling Mask"},{"floor":21,"key":"Matryoshka"},{"floor":22,"key":"Nilry\u0027s Codex"},{"floor":23,"key":"Potion Belt"},{"floor":26,"key":"Omamori"},{"floor":26,"key":"Bottled Lightning"}],"event_choices":[{"damage_healed":0,"gold_gain":0,"player_choice":"2 cards matched","damage_taken":0,"max_hp_gain":0,"max_hp_loss":0,"event_name":"Match and Keep!","floor":2,"gold_loss":0,"cards_obtained":["Sentinel","Clash"]},{"damage_healed":0,"gold_gain":0,"player_choice":"2 cards matched","damage_taken":0,"max_hp_gain":0,"max_hp_loss":0,"event_name":"Match and Keep!","floor":2,"gold_loss":0,"cards_obtained":["Sentinel","Clash"]},{"cards_removed":["Defend_R"],"damage_healed":0,"gold_gain":0,"player_choice":"Card Removal","damage_taken":0,"max_hp_gain":0,"max_hp_loss":0,"event_name":"The Cleric","floor":11,"gold_loss":50},{"cards_removed":["Sentinel"],"damage_healed":0,"gold_gain":0,"player_choice":"Took Card","damage_taken":0,"max_hp_gain":0,"max_hp_loss":0,"event_name":"NoteForYourself","floor":13,"gold_loss":0,"cards_obtained":["Iron Wave"]},{"damage_healed":0,"gold_gain":0,"player_choice":"Obtained Book","damage_taken":16,"max_hp_gain":0,"max_hp_loss":0,"event_name":"Cursed Tome","floor":22,"gold_loss":0}],"is_beta":false,"boss_relics":[{"not_picked":["Black Star","Astrolabe"],"picked":"Pandora\u0027s Box"}],"items_purged_floors":[5,19,28,30],"is_endless":false,"potions_floor_spawned":[1,4,7,20,25,31],"killed_by":"Champ","ascension_level":0}