{"gold_per_floor":[114,114,114,133,4,4,23,61,136,174,174,193,212,292,292,417,417,436,455,474,399,418,418,418,437,437,450,475,14,33,71,71,196,196,215,215,4,23,42,42,80,80,80,80,80,180,199,218,218,218],"floor_reached":51,"playtime":2772,"items_purged":["Injury","Clumsy","Decay"],"score":757,"play_id":"9bbfbc4d-9dee-4c51-8b43-ad5e098f18c5","local_time":"20190815113802","daily_mods":["Cursed Run","Vintage","Terminal"],"is_ascension_mode":false,"campfire_choices":[{"data":"Beam Cell","floor":6,"key":"SMITH"},{"data":"Reinforced Body","floor":11,"key":"SMITH"},{"data":"Dualcast","floor":15,"key":"SMITH"},{"data":"Tempest","floor":23,"key":"SMITH"},{"data":"Capacitor","floor":32,"key":"SMITH"},{"data":"Consume","floor":40,"key":"SMITH"},{"data":"Creative AI","floor":42,"key":"SMITH"},{"floor":45,"key":"REST"},{"floor":49,"key":"REST"}],"neow_cost":"","seed_source_timestamp":0,"circlet_count":0,"master_deck":["Strike_B+1","Strike_B+1","Strike_B+1","Strike_B+1","Defend_B+1","Defend_B+1","Zap+1","Dualcast+1","Beam Cell+1","Tempest+1","Reinforced Body+1","Echo Form+1","Leap+1","Clumsy","Core Surge+1","Secret Technique+1","All For One+1","FTL+1","Capacitor+1","Hyperbeam+1","Consume+1","Reinforced Body+1","Streamline+1","Thunder Strike+1","Defragment+1","Creative AI+1","Pain","Injury"],"special_seed":18123,"relics":["Cursed Key","Darkstone Periapt","Du-Vu Doll","Lantern","Golden Idol","Strawberry","Potion Belt","Symbiotic Virus","Dodecahedron","Torii","Omamori","Blood Vial","Tiny Chest","Velvet Choker","PreservedInsect","Mummified Hand","Ancient Tea Set","Bronze Scales","Anchor","The Courier","Red Mask","Whetstone","DataDisk","Bottled Tornado","Orrery","Letter Opener","Vajra","Bag of Marbles","Cables","Bottled Lightning","Mark of the Bloom","Regal Pillow","Orichalcum"],"potions_floor_usage":[8,18,33,33,41,48,50,50,50,50],"damage_taken":[{"damage":0,"enemies":"Small Slimes","floor":1,"turns":3},{"damage":0,"enemies":"2 Louse","floor":4,"turns":2},{"damage":6,"enemies":"Jaw Worm","floor":7,"turns":2},{"damage":9,"enemies":"Gremlin Nob","floor":8,"turns":4},{"damage":21,"enemies":"Lagavulin","floor":10,"turns":5},{"damage":6,"enemies":"Gremlin Gang","floor":12,"turns":5},{"damage":4,"enemies":"Large Slime","floor":13,"turns":4},{"damage":42,"enemies":"The Guardian","floor":16,"turns":11},{"damage":5,"enemies":"Chosen","floor":18,"turns":4},{"damage":3,"enemies":"Spheric Guardian","floor":19,"turns":4},{"damage":19,"enemies":"Snake Plant","floor":20,"turns":5},{"damage":0,"enemies":"Shelled Parasite and Fungi","floor":22,"turns":6},{"damage":1,"enemies":"Snecko","floor":25,"turns":3},{"damage":25,"enemies":"Masked Bandits","floor":27,"turns":4},{"damage":0,"enemies":"Cultist and Chosen","floor":30,"turns":4},{"damage":11,"enemies":"Book of Stabbing","floor":31,"turns":4},{"damage":29,"enemies":"Champ","floor":33,"turns":9},{"damage":8,"enemies":"Orb Walker","floor":35,"turns":3},{"damage":10,"enemies":"3 Shapes","floor":38,"turns":3},{"damage":0,"enemies":"Sphere and 2 Shapes","floor":39,"turns":3},{"damage":0,"enemies":"Reptomancer","floor":41,"turns":3},{"damage":23,"enemies":"Writhing Mass","floor":47,"turns":3},{"damage":6,"enemies":"Transient","floor":48,"turns":5},{"damage":31,"enemies":"Donu and Deca","floor":50,"turns":5}],"seed_played":"2724722799782611133","potions_obtained":[{"floor":4,"key":"SkillPotion"},{"floor":7,"key":"Poison Potion"},{"floor":12,"key":"Explosive Potion"},{"floor":16,"key":"Strength Potion"},{"floor":18,"key":"SkillPotion"},{"floor":25,"key":"PowerPotion"},{"floor":33,"key":"AttackPotion"},{"floor":35,"key":"Ancient Potion"},{"floor":47,"key":"Weak Potion"},{"floor":48,"key":"Swift Potion"}],"is_trial":false,"path_per_floor":["M","?","?","M","$","R","M","E","T","E","R","M","M","T","R","B",null,"M","M","M","?","M","R","?","M","T","?","T","$","M","E","R","B",null,"M","?","$","M","M","R","E","R","T","?","R","?","M","M","R","B",null],"character_chosen":"DEFECT","items_purchased":["Beam Cell","Core Surge","Secret Technique","All For One","FTL","Thunder Strike","Defragment"],"campfire_rested":2,"item_purchase_floors":[5,29,29,29,29,37,37],"current_hp_per_floor":[73,78,82,88,87,86,80,71,77,56,56,50,46,46,46,6,81,76,75,58,58,60,60,60,61,67,44,50,50,52,43,43,22,82,74,74,74,66,68,68,70,70,76,76,76,76,53,47,47,16],"gold":218,"neow_bonus":"","is_prod":false,"is_daily":true,"chose_seed":false,"campfire_upgraded":7,"win_rate":0,"timestamp":1565836682,"path_taken":["M","?","?","M","$","R","M","E","T","E","R","M","M","?","R","BOSS","M","M","?","?","M","R","?","?","T","?","?","$","M","E","R","BOSS","M","?","$","M","M","R","E","R","T","?","R","?","M","M","R","BOSS"],"build_version":"2019-07-17","purchased_purges":3,"victory":true,"max_hp_per_floor":[73,78,82,88,87,86,85,84,89,88,87,86,85,84,83,82,81,80,79,78,77,76,75,74,73,78,77,82,81,80,79,78,83,82,81,80,79,78,77,76,75,74,79,78,77,76,75,74,73,78],"card_choices":[{"not_picked":["Beam Cell","Consume"],"picked":"Tempest","floor":8},{"not_picked":["Rebound","Go for the Eyes"],"picked":"Reinforced Body","floor":10},{"not_picked":["Hyperbeam","Rainbow"],"picked":"Echo Form","floor":16},{"not_picked":["Ball Lightning","Barrage"],"picked":"Leap","floor":27},{"not_picked":["Steam Power+1","Ball Lightning+1"],"picked":"Capacitor","floor":31},{"not_picked":["Rainbow","Reboot"],"picked":"Hyperbeam","floor":33},{"not_picked":["Turbo","Hologram"],"picked":"Consume","floor":34},{"not_picked":["Ball Lightning+1","Chaos"],"picked":"Reinforced Body","floor":34},{"not_picked":["Sweeping Beam","Compile Driver"],"picked":"Streamline","floor":34},{"not_picked":["Ball Lightning+1","Storm"],"picked":"Creative AI","floor":41}],"player_experience":114365,"relics_obtained":[{"floor":1,"key":"Lantern"},{"floor":4,"key":"Strawberry"},{"floor":7,"key":"Potion Belt"},{"floor":8,"key":"Symbiotic Virus"},{"floor":9,"key":"Dodecahedron"},{"floor":10,"key":"Torii"},{"floor":12,"key":"Omamori"},{"floor":13,"key":"Blood Vial"},{"floor":14,"key":"Tiny Chest"},{"floor":18,"key":"PreservedInsect"},{"floor":19,"key":"Mummified Hand"},{"floor":20,"key":"Ancient Tea Set"},{"floor":22,"key":"Bronze Scales"},{"floor":25,"key":"Anchor"},{"floor":26,"key":"The Courier"},{"floor":27,"key":"Red Mask"},{"floor":28,"key":"Whetstone"},{"floor":30,"key":"DataDisk"},{"floor":31,"key":"Bottled Tornado"},{"floor":35,"key":"Letter Opener"},{"floor":38,"key":"Vajra"},{"floor":39,"key":"Bag of Marbles"},{"floor":41,"key":"Cables"},{"floor":43,"key":"Bottled Lightning"},{"floor":47,"key":"Regal Pillow"},{"floor":48,"key":"Orichalcum"}],"event_choices":[{"damage_healed":0,"gold_gain":0,"player_choice":"Take Wound","damage_taken":0,"relics_obtained":["Golden Idol"],"max_hp_gain":0,"max_hp_loss":0,"event_name":"Golden Idol","floor":2,"gold_loss":0,"cards_obtained":["Injury"]},{"damage_healed":0,"gold_gain":0,"player_choice":"Donut","damage_taken":0,"max_hp_gain":5,"max_hp_loss":0,"event_name":"Big Fish","floor":3,"gold_loss":0},{"cards_removed":["Pain"],"damage_healed":0,"gold_gain":0,"player_choice":"Gave Gold","damage_taken":0,"max_hp_gain":0,"max_hp_loss":0,"event_name":"Beggar","floor":21,"gold_loss":75},{"cards_removed":["Defend_B"],"damage_healed":0,"gold_gain":0,"player_choice":"Purged","damage_taken":0,"max_hp_gain":0,"max_hp_loss":0,"event_name":"Purifier","floor":24,"gold_loss":0},{"damage_healed":0,"gold_gain":0,"player_choice":"Fought Bandits","damage_taken":0,"max_hp_gain":0,"max_hp_loss":0,"event_name":"Masked Bandits","floor":27,"gold_loss":0},{"cards_removed":["Defend_B"],"damage_healed":0,"gold_gain":0,"player_choice":"Removed Skill","damage_taken":0,"max_hp_gain":0,"max_hp_loss":0,"event_name":"Falling","floor":36,"gold_loss":0},{"damage_healed":0,"gold_gain":0,"player_choice":"Upgrade","damage_taken":0,"relics_obtained":["Mark of the Bloom"],"max_hp_gain":0,"max_hp_loss":0,"event_name":"MindBloom","floor":44,"gold_loss":0,"cards_upgraded":["Strike_B","Strike_B","Defend_B","Defend_B","Zap","Echo Form","Leap","Core Surge","Secret Technique","All For One","FTL","Hyperbeam","Reinforced Body","Streamline","Thunder Strike","Defragment"]},{"damage_healed":0,"gold_gain":100,"player_choice":"Pray","damage_taken":0,"max_hp_gain":0,"max_hp_loss":0,"event_name":"Golden Shrine","floor":46,"gold_loss":0}],"is_beta":false,"boss_relics":[{"not_picked":["Runic Dome","Busted Crown"],"picked":"Velvet Choker"},{"not_picked":["Eternal Feather","Coffee Dripper"],"picked":"Orrery"}],"items_purged_floors":[5,29,37],"is_endless":false,"potions_floor_spawned":[4,7,12,16,18,25,33,35,47,48],"ascension_level":0}