{"gold_per_floor":[109,34,34,48,10,35,35,53,78,96,109,137,137,147,147,246,246,264,6,106,119,129,162,174,186,275,299,311],"floor_reached":28,"playtime":1451,"items_purged":["Strike_R","Strike_R"],"score":314,"play_id":"b1dc314e-6345-4e55-ac71-0ad2d831aff6","local_time":"20190811171928","is_ascension_mode":true,"campfire_choices":[{"data":"Evolve","floor":7,"key":"SMITH"},{"data":"Bludgeon","floor":13,"key":"SMITH"},{"data":"Immolate","floor":15,"key":"SMITH"}],"neow_cost":"NONE","seed_source_timestamp":24407365982333,"circlet_count":0,"master_deck":["Strike_R","Strike_R","Strike_R","Defend_R+1","Defend_R","Defend_R","Defend_R+1","Bash","Flex","Bludgeon+1","Dual Wield","Evolve+1","Offering","Thunderclap","Warcry","Disarm","Second Wind","Immolate+1","Double Tap","Seeing Red","Battle Trance","Clothesline","Offering","Wild Strike","Offering","Offering","Body Slam+1","RitualDagger","Shrug It Off"],"relics":["Burning Blood","NeowsBlessing","War Paint","Orichalcum","Bag of Marbles","Orrery","MawBank","Pear"],"potions_floor_usage":[12,16,23,23],"damage_taken":[{"damage":0,"enemies":"2 Louse","floor":1,"turns":1},{"damage":0,"enemies":"Cultist","floor":4,"turns":1},{"damage":0,"enemies":"3 Sentries","floor":6,"turns":2},{"damage":0,"enemies":"Small Slimes","floor":8,"turns":3},{"damage":4,"enemies":"3 Louse","floor":10,"turns":4},{"damage":2,"enemies":"Looter","floor":11,"turns":2},{"damage":23,"enemies":"Gremlin Nob","floor":12,"turns":4},{"damage":12,"enemies":"Blue Slaver","floor":14,"turns":4},{"damage":14,"enemies":"Hexaghost","floor":16,"turns":8},{"damage":11,"enemies":"2 Thieves","floor":18,"turns":3},{"damage":31,"enemies":"Shell Parasite","floor":21,"turns":7},{"damage":2,"enemies":"Centurion and Healer","floor":22,"turns":5},{"damage":26,"enemies":"Book of Stabbing","floor":23,"turns":4},{"damage":21,"enemies":"Snake Plant","floor":27,"turns":2},{"damage":22,"enemies":"Slavers","floor":28,"turns":2}],"seed_played":"-9105900609170608513","potions_obtained":[{"floor":1,"key":"Energy Potion"},{"floor":6,"key":"GamblersBrew"},{"floor":10,"key":"AttackPotion"},{"floor":21,"key":"PowerPotion"}],"is_trial":false,"path_per_floor":["M","$","?","M","$","E","R","M","T","M","M","E","R","M","R","B",null,"M","$","?","M","M","E","?","?","T","M","E"],"character_chosen":"IRONCLAD","items_purchased":["Evolve","Offering"],"campfire_rested":0,"item_purchase_floors":[5,19],"current_hp_per_floor":[80,80,80,80,80,80,80,80,80,80,80,63,63,57,57,49,80,75,75,75,50,54,34,34,28,38,23,1],"gold":311,"neow_bonus":"THREE_ENEMY_KILL","is_prod":false,"is_daily":false,"chose_seed":false,"campfire_upgraded":3,"win_rate":0,"timestamp":1565511568,"path_taken":["M","$","?","M","$","E","R","M","T","?","M","E","R","M","R","BOSS","M","$","?","?","M","E","?","?","T","M","E"],"build_version":"2019-07-17","purchased_purges":2,"victory":false,"max_hp_per_floor":[80,80,80,80,80,80,80,80,80,80,80,80,80,80,80,80,80,80,80,80,80,80,80,80,80,90,90,90],"card_choices":[{"not_picked":["Dropkick","Rupture"],"picked":"Flex","floor":1},{"not_picked":["Pommel Strike","Sword Boomerang"],"picked":"Dual Wield","floor":4},{"not_picked":["Havoc","Combust"],"picked":"Offering","floor":6},{"not_picked":["True Grit","Fire Breathing"],"picked":"Thunderclap","floor":8},{"not_picked":["Metallicize","Armaments"],"picked":"Warcry","floor":10},{"not_picked":["Iron Wave","Pommel Strike"],"picked":"Disarm","floor":11},{"not_picked":["Flex","Iron Wave"],"picked":"Second Wind","floor":12},{"not_picked":["Whirlwind","Clothesline"],"picked":"Immolate","floor":14},{"not_picked":["Reaper","Demon Form"],"picked":"Double Tap","floor":16},{"not_picked":["Sword Boomerang","Whirlwind"],"picked":"Seeing Red","floor":17},{"not_picked":["Clothesline","Heavy Blade"],"picked":"Battle Trance","floor":17},{"not_picked":["Cleave","Combust"],"picked":"Clothesline","floor":17},{"not_picked":["Clothesline","Headbutt"],"picked":"Offering","floor":17},{"not_picked":["Iron Wave","Pommel Strike"],"picked":"Wild Strike","floor":18},{"not_picked":["Metallicize","Warcry","Whirlwind"],"picked":"SKIP","floor":21},{"not_picked":["Combust","Heavy Blade"],"picked":"Offering","floor":22},{"not_picked":["Wild Strike","Pommel Strike+1"],"picked":"Body Slam+1","floor":23},{"not_picked":["Thunderclap","Body Slam"],"picked":"Shrug It Off","floor":27}],"player_experience":66559,"relics_obtained":[{"floor":6,"key":"War Paint"},{"floor":9,"key":"Orichalcum"},{"floor":12,"key":"Bag of Marbles"},{"floor":23,"key":"MawBank"},{"floor":26,"key":"Pear"}],"event_choices":[{"damage_healed":0,"gold_gain":0,"player_choice":"1 cards matched","damage_taken":0,"max_hp_gain":0,"max_hp_loss":0,"event_name":"Match and Keep!","floor":3,"gold_loss":0,"cards_obtained":["Bludgeon"]},{"damage_healed":0,"gold_gain":100,"player_choice":"Pray","damage_taken":0,"max_hp_gain":0,"max_hp_loss":0,"event_name":"Golden Shrine","floor":20,"gold_loss":0},{"damage_healed":0,"gold_gain":0,"player_choice":"Ignored","damage_taken":0,"max_hp_gain":0,"max_hp_loss":0,"event_name":"The Mausoleum","floor":24,"gold_loss":0},{"damage_healed":0,"gold_gain":0,"player_choice":"Joined the Cult","damage_taken":6,"max_hp_gain":0,"max_hp_loss":0,"event_name":"Nest","floor":25,"gold_loss":0,"cards_obtained":["RitualDagger"]}],"is_beta":false,"boss_relics":[{"not_picked":["Runic Pyramid","Velvet Choker"],"picked":"Orrery"}],"items_purged_floors":[2,19],"is_endless":false,"potions_floor_spawned":[1,6,10,11,21],"killed_by":"Slavers","ascension_level":1}