{"gold_per_floor":[113,46,56,75,75,101,101,127,127,137,60,88,88,88],"floor_reached":14,"playtime":507,"items_purged":[],"score":124,"play_id":"d147413f-61f9-46e9-bc26-39e806eda531","local_time":"20190818031007","is_ascension_mode":true,"campfire_choices":[],"neow_cost":"NONE","seed_source_timestamp":59852762173347,"circlet_count":0,"master_deck":["Strike_B","Strike_B","Defend_B","Defend_B","Defend_B","Defend_B","Zap","Dualcast","Amplify","Defragment","Steam Power","Beam Cell","Cold Snap","Steam Power","Coolheaded","Genetic Algorithm","Blizzard","Go for the Eyes"],"relics":["Cracked Core","Blue Candle","Emotion Chip","DataDisk","Turnip","Singing Bowl"],"potions_floor_usage":[12,14],"damage_taken":[{"damage":0,"enemies":"Small Slimes","floor":1,"turns":3},{"damage":4,"enemies":"2 Louse","floor":3,"turns":2},{"damage":1,"enemies":"Cultist","floor":4,"turns":4},{"damage":19,"enemies":"Gremlin Nob","floor":6,"turns":4},{"damage":29,"enemies":"Lagavulin","floor":8,"turns":7},{"damage":10,"enemies":"2 Fungi Beasts","floor":10,"turns":4},{"damage":8,"enemies":"3 Sentries","floor":12,"turns":6},{"damage":0,"enemies":"Exordium Thugs","floor":14,"turns":1}],"seed_played":"-8408113002462141804","potions_obtained":[{"floor":1,"key":"Fire Potion"},{"floor":8,"key":"LiquidBronze"},{"floor":12,"key":"FearPotion"}],"is_trial":false,"path_per_floor":["M","$","M","M","?","E","?","E","T","M","$","E","?","M"],"character_chosen":"DEFECT","items_purchased":["Steam Power","Blizzard"],"campfire_rested":0,"item_purchase_floors":[2,11],"current_hp_per_floor":[75,75,71,70,75,56,56,27,27,17,17,9,2,2],"gold":88,"neow_bonus":"TRANSFORM_CARD","is_prod":false,"is_daily":false,"chose_seed":false,"campfire_upgraded":0,"win_rate":0,"timestamp":1566065407,"path_taken":["M","$","M","M","?","E","?","E","T","?","$","E","?","M"],"build_version":"2019-07-17","purchased_purges":0,"victory":false,"max_hp_per_floor":[75,75,75,75,80,80,80,80,80,80,80,80,80,80],"card_choices":[{"not_picked":["Cold Snap","Loop"],"picked":"Defragment","floor":1},{"not_picked":["Chaos","Redo"],"picked":"Beam Cell","floor":3},{"not_picked":["Rebound","Sunder"],"picked":"Cold Snap","floor":4},{"not_picked":["Sunder","Stack"],"picked":"Steam Power","floor":6},{"not_picked":["Loop","Capacitor"],"picked":"Coolheaded","floor":8},{"not_picked":["Cold Snap","Rip and Tear"],"picked":"Genetic Algorithm","floor":10},{"not_picked":["Stack","Sunder"],"picked":"Go for the Eyes","floor":12}],"player_experience":167796,"relics_obtained":[{"floor":6,"key":"Blue Candle"},{"floor":8,"key":"DataDisk"},{"floor":9,"key":"Turnip"},{"floor":12,"key":"Singing Bowl"}],"event_choices":[{"damage_healed":0,"gold_gain":0,"player_choice":"Donut","damage_taken":0,"max_hp_gain":5,"max_hp_loss":0,"event_name":"Big Fish","floor":5,"gold_loss":0},{"damage_healed":0,"gold_gain":0,"player_choice":"Gave Potion","damage_taken":0,"relics_obtained":["Emotion Chip"],"max_hp_gain":0,"max_hp_loss":0,"event_name":"WeMeetAgain","floor":7,"gold_loss":0},{"cards_removed":["Strike_B"],"damage_healed":0,"gold_gain":0,"player_choice":"Card Removal","damage_taken":7,"max_hp_gain":0,"max_hp_loss":0,"event_name":"Golden Wing","floor":13,"gold_loss":0}],"is_beta":false,"boss_relics":[],"items_purged_floors":[],"is_endless":false,"potions_floor_spawned":[1,8,12],"killed_by":"Exordium Thugs","ascension_level":3}