{"gold_per_floor":[13,29,129,144,156,185,198,217,286,286,316,333,350,370,370,466,466,476,495,46,66,85,85],"floor_reached":23,"playtime":1378,"items_purged":["Strike_R"],"score":253,"play_id":"77be577b-8281-4c9a-ade9-7f0961747e1b","local_time":"20190817161930","is_ascension_mode":true,"campfire_choices":[{"data":"Bash","floor":10,"key":"SMITH"},{"floor":15,"key":"REST"}],"neow_cost":"NO_GOLD","seed_source_timestamp":19943002698461,"circlet_count":0,"master_deck":["Strike_R","Defend_R","Defend_R","Defend_R","Defend_R","Bash+1","Bludgeon","Dark Embrace","Disarm","Flame Barrier","Ghostly Armor","Bloodletting","Spot Weakness","Shockwave","Pommel Strike+1","Berserk","Flame Barrier+1","Impervious+1","Ghostly Armor+1","Sentinel+1","Warcry","Battle Trance","Thunderclap+1"],"relics":["Burning Blood","Red Skull","Molten Egg 2","Ginger","Astrolabe","Vajra","Bag of Marbles"],"potions_floor_usage":[5,6,11,16,16],"damage_taken":[{"damage":0,"enemies":"Cultist","floor":1,"turns":2},{"damage":10,"enemies":"2 Louse","floor":2,"turns":2},{"damage":6,"enemies":"Jaw Worm","floor":4,"turns":5},{"damage":25,"enemies":"Gremlin Gang","floor":5,"turns":6},{"damage":27,"enemies":"Lagavulin","floor":6,"turns":8},{"damage":18,"enemies":"Lots of Slimes","floor":7,"turns":6},{"damage":3,"enemies":"Looter","floor":8,"turns":3},{"damage":22,"enemies":"Gremlin Nob","floor":11,"turns":4},{"damage":3,"enemies":"Large Slime","floor":12,"turns":5},{"damage":11,"enemies":"Lots of Slimes","floor":13,"turns":6},{"damage":0,"enemies":"Looter","floor":14,"turns":3},{"damage":31,"enemies":"The Guardian","floor":16,"turns":9},{"damage":39,"enemies":"2 Thieves","floor":18,"turns":5},{"damage":33,"enemies":"Spheric Guardian","floor":19,"turns":9},{"damage":5,"enemies":"Snake Plant","floor":21,"turns":6},{"damage":0,"enemies":"Centurion and Healer","floor":22,"turns":6},{"damage":27,"enemies":"Book of Stabbing","floor":23,"turns":5}],"seed_played":"-8251831449516930648","potions_obtained":[{"floor":2,"key":"Poison Potion"},{"floor":5,"key":"Ancient Potion"},{"floor":6,"key":"PowerPotion"},{"floor":11,"key":"Swift Potion"},{"floor":13,"key":"AttackPotion"},{"floor":21,"key":"Strength Potion"}],"is_trial":false,"path_per_floor":["M","M","?","M","M","E","M","M","T","R","E","M","M","M","R","B",null,"M","M","$","M","M","E"],"character_chosen":"IRONCLAD","items_purchased":["Battle Trance","Vajra","Bag of Marbles"],"campfire_rested":1,"item_purchase_floors":[20,20,20],"current_hp_per_floor":[80,76,76,76,57,36,24,27,27,27,11,14,9,15,39,14,80,47,20,20,21,27,0],"gold":85,"neow_bonus":"THREE_RARE_CARDS","is_prod":false,"is_daily":false,"chose_seed":false,"campfire_upgraded":1,"win_rate":0,"timestamp":1566026370,"path_taken":["M","M","?","M","M","E","M","M","T","R","E","M","M","?","R","BOSS","M","M","$","M","M","E"],"build_version":"2019-07-17","purchased_purges":1,"victory":false,"max_hp_per_floor":[80,80,80,80,80,80,80,80,80,80,80,80,80,80,80,80,80,80,80,80,80,80,80],"card_choices":[{"not_picked":["Fiend Fire","Barricade"],"picked":"Bludgeon","floor":0},{"not_picked":["Clash","Blood for Blood","Flex"],"picked":"SKIP","floor":1},{"not_picked":["Reckless Charge","Thunderclap"],"picked":"Dark Embrace","floor":2},{"not_picked":["Iron Wave","Body Slam"],"picked":"Disarm","floor":4},{"not_picked":["Hemokinesis","Blood for Blood"],"picked":"Flame Barrier","floor":5},{"not_picked":["Sentinel","Havoc"],"picked":"Ghostly Armor","floor":6},{"not_picked":["Pummel","Flex"],"picked":"Bloodletting","floor":7},{"not_picked":["Body Slam","Perfected Strike","Thunderclap"],"picked":"SKIP","floor":8},{"not_picked":["Thunderclap+1","Heavy Blade+1","Wild Strike+1"],"picked":"SKIP","floor":11},{"not_picked":["Carnage+1","Wild Strike+1"],"picked":"Spot Weakness","floor":12},{"not_picked":["Pummel+1","Sever Soul+1"],"picked":"Shockwave","floor":13},{"not_picked":["Armaments","Warcry"],"picked":"Pommel Strike+1","floor":14},{"not_picked":["Bludgeon+1","Reaper+1"],"picked":"Berserk","floor":16},{"not_picked":["Armaments","Iron Wave+1"],"picked":"Sentinel+1","floor":18},{"not_picked":["Intimidate","Rampage+1"],"picked":"Warcry","floor":19},{"not_picked":["Flex","Heavy Blade+1"],"picked":"Thunderclap+1","floor":21},{"not_picked":["Rupture","Warcry","Pommel Strike+1"],"picked":"SKIP","floor":22}],"player_experience":153014,"relics_obtained":[{"floor":6,"key":"Red Skull"},{"floor":9,"key":"Molten Egg 2"},{"floor":11,"key":"Ginger"}],"event_choices":[{"damage_healed":0,"gold_gain":100,"player_choice":"Gold","damage_taken":0,"max_hp_gain":0,"max_hp_loss":0,"event_name":"Wheel of Change","floor":3,"gold_loss":0}],"is_beta":false,"boss_relics":[{"not_picked":["Cursed Key","Sozu"],"picked":"Astrolabe"}],"items_purged_floors":[20],"is_endless":false,"potions_floor_spawned":[2,5,6,11,13,21],"killed_by":"Book of Stabbing","ascension_level":4}