{"gold_per_floor":[114,131,143,143,155,190,190,215,241,257,275,275,275],"floor_reached":13,"playtime":466,"items_purged":[],"score":244,"play_id":"4675454b-d373-4c50-b389-6748fa7ff051","local_time":"20190804152644","is_ascension_mode":true,"campfire_choices":[{"data":"Footwork","floor":7,"key":"SMITH"}],"neow_cost":"TEN_PERCENT_HP_LOSS","seed_source_timestamp":166402189666687,"circlet_count":0,"master_deck":["AscendersBane","Strike_G+1","Strike_G","Strike_G","Strike_G","Strike_G","Defend_G","Defend_G","Defend_G","Defend_G+1","Defend_G","Survivor","Neutralize","Adrenaline","Footwork+1","Poisoned Stab","Noxious Fumes","Footwork","Backflip","Cloak And Dagger","Adrenaline"],"relics":["Ring of the Snake","Bronze Scales","Vajra","Centennial Puzzle"],"potions_floor_usage":[6,6,13],"damage_taken":[{"damage":1,"enemies":"Cultist","floor":1,"turns":5},{"damage":0,"enemies":"Jaw Worm","floor":2,"turns":6},{"damage":3,"enemies":"Small Slimes","floor":3,"turns":6},{"damage":1,"enemies":"Exordium Thugs","floor":5,"turns":8},{"damage":0,"enemies":"Gremlin Nob","floor":6,"turns":2},{"damage":1,"enemies":"Lagavulin","floor":8,"turns":8},{"damage":6,"enemies":"Large Slime","floor":10,"turns":6},{"damage":9,"enemies":"2 Fungi Beasts","floor":11,"turns":3},{"damage":35,"enemies":"Gremlin Nob","floor":13,"turns":3}],"seed_played":"-885400682403799005","potions_obtained":[{"floor":1,"key":"LiquidBronze"},{"floor":2,"key":"SteroidPotion"},{"floor":5,"key":"FearPotion"},{"floor":11,"key":"Poison Potion"}],"is_trial":false,"path_per_floor":["M","M","M","?","M","E","R","E","T","M","M","?","E"],"character_chosen":"THE_SILENT","items_purchased":[],"campfire_rested":0,"item_purchase_floors":[],"current_hp_per_floor":[58,58,55,37,36,36,36,35,35,29,20,20,0],"gold":275,"neow_bonus":"THREE_RARE_CARDS","is_prod":false,"is_daily":false,"chose_seed":false,"campfire_upgraded":1,"win_rate":0,"timestamp":1564946804,"path_taken":["M","?","M","?","M","E","R","E","T","M","M","?","E"],"build_version":"2019-07-17","purchased_purges":0,"victory":false,"max_hp_per_floor":[60,60,60,60,60,60,60,60,60,60,60,60,60],"card_choices":[{"not_picked":["Envenom","Unload"],"picked":"Adrenaline","floor":0},{"not_picked":["Catalyst","Bane"],"picked":"Footwork","floor":1},{"not_picked":["Outmaneuver","Prepared","Doppelganger"],"picked":"SKIP","floor":2},{"not_picked":["PiercingWail","Well Laid Plans"],"picked":"Poisoned Stab","floor":3},{"not_picked":["Blade Dance","Dodge and Roll"],"picked":"Noxious Fumes","floor":5},{"not_picked":["Blur","Dagger Spray"],"picked":"Footwork","floor":6},{"not_picked":["Bane","Catalyst"],"picked":"Backflip","floor":8},{"not_picked":["Dagger Throw","Choke"],"picked":"Cloak And Dagger","floor":10},{"not_picked":["Caltrops","Dash"],"picked":"Adrenaline","floor":11}],"player_experience":554409,"relics_obtained":[{"floor":6,"key":"Bronze Scales"},{"floor":8,"key":"Vajra"},{"floor":9,"key":"Centennial Puzzle"}],"event_choices":[{"damage_healed":0,"gold_gain":0,"player_choice":"Entered Light","damage_taken":18,"max_hp_gain":0,"max_hp_loss":0,"event_name":"Shining Light","floor":4,"gold_loss":0,"cards_upgraded":["Strike_G","Defend_G"]},{"damage_healed":0,"gold_gain":0,"player_choice":"Ignored","damage_taken":0,"max_hp_gain":0,"max_hp_loss":0,"event_name":"Liars Game","floor":12,"gold_loss":0}],"is_beta":false,"boss_relics":[],"items_purged_floors":[],"is_endless":false,"potions_floor_spawned":[1,2,5,11],"killed_by":"Gremlin Nob","ascension_level":20}