{"gold_per_floor":[112,126,126,141,152,152,26,26,26,58,58,58,58,89,89,89],"floor_reached":16,"playtime":356,"items_purged":["Strike_G"],"score":216,"play_id":"1559bc01-cad5-492e-98d9-b94b841f8b8e","local_time":"20190627223305","is_ascension_mode":true,"campfire_choices":[{"data":"Noxious Fumes","floor":6,"key":"SMITH"},{"data":"Dagger Spray","floor":8,"key":"SMITH"},{"data":"Noxious Fumes","floor":13,"key":"SMITH"},{"floor":15,"key":"REST"}],"neow_cost":"NONE","seed_source_timestamp":517904524686912,"circlet_count":0,"master_deck":["AscendersBane","Defend_G","Defend_G","Defend_G","Defend_G","Defend_G","Strike_G","Strike_G","Strike_G","Strike_G","Survivor","Neutralize","Leg Sweep","Dagger Spray+1","Noxious Fumes+1","Cloak And Dagger","Flying Knee","Noxious Fumes+1","Parasite","PiercingWail"],"relics":["Ring of the Snake","NeowsBlessing","Tough Bandages","Calipers","Ancient Tea Set"],"potions_floor_usage":[16,16],"damage_taken":[{"damage":0,"enemies":"Cultist","floor":1,"turns":1},{"damage":0,"enemies":"2 Louse","floor":2,"turns":1},{"damage":0,"enemies":"Small Slimes","floor":4,"turns":1},{"damage":10,"enemies":"Red Slaver","floor":5,"turns":4},{"damage":27,"enemies":"3 Sentries","floor":10,"turns":7},{"damage":15,"enemies":"Lagavulin","floor":14,"turns":7},{"damage":51,"enemies":"Slime Boss","floor":16,"turns":9}],"seed_played":"-7894049486697565181","potions_obtained":[{"floor":3,"key":"Swift Potion"},{"floor":3,"key":"Block Potion"},{"floor":10,"key":"Regen Potion"}],"is_trial":false,"path_per_floor":["M","M","?","M","M","R","$","R","T","E","$","?","R","E","R","B"],"character_chosen":"THE_SILENT","items_purchased":["Flying Knee"],"campfire_rested":1,"item_purchase_floors":[7],"current_hp_per_floor":[59,59,59,59,49,49,49,49,49,22,22,38,38,23,42,0],"gold":89,"neow_bonus":"THREE_ENEMY_KILL","is_prod":false,"is_daily":false,"chose_seed":false,"campfire_upgraded":3,"win_rate":0,"timestamp":1561689185,"path_taken":["M","M","?","M","?","R","$","R","T","E","$","?","R","E","R","BOSS"],"build_version":"2019-01-23","purchased_purges":1,"victory":false,"max_hp_per_floor":[66,66,66,66,66,66,66,66,66,66,66,66,66,66,66,66],"card_choices":[{"not_picked":["Outmaneuver","Deflect"],"picked":"Leg Sweep","floor":1},{"not_picked":["Expertise","Outmaneuver"],"picked":"Dagger Spray","floor":2},{"not_picked":["Prepared","Well Laid Plans"],"picked":"Noxious Fumes","floor":4},{"not_picked":["Endless Agony","Dagger Throw"],"picked":"Cloak And Dagger","floor":5},{"not_picked":["Flying Knee","Predator"],"picked":"Noxious Fumes","floor":10},{"not_picked":["Cloak And Dagger","Underhanded Strike"],"picked":"PiercingWail","floor":14}],"player_experience":473861,"relics_obtained":[{"floor":9,"key":"Tough Bandages"},{"floor":10,"key":"Calipers"},{"floor":14,"key":"Ancient Tea Set"}],"event_choices":[{"damage_healed":0,"gold_gain":0,"player_choice":"Got Potions","damage_taken":0,"max_hp_gain":0,"max_hp_loss":0,"event_name":"Lab","floor":3,"gold_loss":0},{"damage_healed":16,"gold_gain":0,"player_choice":"Healed and dodged fight","damage_taken":0,"max_hp_gain":0,"max_hp_loss":0,"event_name":"Mushrooms","floor":12,"gold_loss":0,"cards_obtained":["Parasite"]}],"is_beta":false,"boss_relics":[],"items_purged_floors":[7],"is_endless":false,"potions_floor_spawned":[10,14],"killed_by":"Slime Boss","ascension_level":20}