{"gold_per_floor":[114,189,189,204,219,249,249,158,208,208,223,238,413,428,428,528,528,543,558,99,125,125,125,155,155,230,230,260,189,204,204,204,304,304,319,119,119,134,149,179,179,209,234,234,249,249,79,94,94,94],"floor_reached":50,"playtime":3375,"items_purged":[],"score":613,"play_id":"d0c5caad-4e9f-435e-ba38-5e84d7d61a35","local_time":"20190819202201","daily_mods":["Draft","Colorless Cards","Lethality"],"is_ascension_mode":false,"campfire_choices":[{"data":"Blade Dance","floor":7,"key":"SMITH"},{"data":"Cloak And Dagger","floor":10,"key":"SMITH"},{"data":"Accuracy","floor":15,"key":"SMITH"},{"data":"Infinite Blades","floor":23,"key":"SMITH"},{"data":"Footwork","floor":25,"key":"SMITH"},{"floor":32,"key":"REST"},{"floor":41,"key":"REST"},{"floor":44,"key":"REST"},{"data":"Secret Weapon","floor":46,"key":"SMITH"},{"floor":49,"key":"REST"}],"neow_cost":"","seed_source_timestamp":0,"circlet_count":0,"master_deck":["Slice","All Out Attack","Expertise","Deflect","Backflip","PiercingWail","PiercingWail","Blur","Cloak And Dagger+1","Dagger Throw","Quick Slash","Escape Plan","Slice","Underhanded Strike","Deep Breath","Blade Dance+1","Slice","Prepared","Accuracy+1","Blade Dance","Acrobatics","Calculated Gamble","Doubt","PiercingWail","Secret Weapon+1","Choke","Backflip","Cloak And Dagger","Footwork+1","Calculated Gamble","Infinite Blades+1","Sucker Punch+1","Acrobatics+1","Predator","Finesse+1","Night Terror+1","Infinite Blades+1","Acrobatics+1","Acrobatics+1","Blur+1","Backflip+1","Metamorphosis","Blade Dance"],"special_seed":18127,"relics":["Ring of the Serpent","Snake Skull","Orichalcum","HoveringKite","Art of War","Lantern","Red Mask","Potion Belt","Kunai","Omamori","DollysMirror","Darkstone Periapt","Bottled Lightning","Centennial Puzzle"],"potions_floor_usage":[6,16,21,28,28,28,30,33,33,42,45],"damage_taken":[{"damage":0,"enemies":"Small Slimes","floor":1,"turns":2},{"damage":0,"enemies":"Cultist","floor":4,"turns":1},{"damage":2,"enemies":"Jaw Worm","floor":5,"turns":2},{"damage":1,"enemies":"Gremlin Nob","floor":6,"turns":3},{"damage":0,"enemies":"3 Louse","floor":11,"turns":1},{"damage":4,"enemies":"Exordium Wildlife","floor":12,"turns":2},{"damage":0,"enemies":"Lots of Slimes","floor":14,"turns":1},{"damage":21,"enemies":"Hexaghost","floor":16,"turns":7},{"damage":12,"enemies":"2 Thieves","floor":18,"turns":3},{"damage":0,"enemies":"Chosen","floor":19,"turns":2},{"damage":1,"enemies":"Masked Bandits","floor":21,"turns":3},{"damage":5,"enemies":"Gremlin Leader","floor":24,"turns":5},{"damage":5,"enemies":"Slavers","floor":28,"turns":5},{"damage":0,"enemies":"Centurion and Healer","floor":30,"turns":4},{"damage":25,"enemies":"Automaton","floor":33,"turns":9},{"damage":12,"enemies":"3 Darklings","floor":35,"turns":5},{"damage":7,"enemies":"Orb Walker","floor":38,"turns":3},{"damage":14,"enemies":"Spire Growth","floor":39,"turns":5},{"damage":20,"enemies":"Giant Head","floor":40,"turns":6},{"damage":29,"enemies":"Reptomancer","floor":42,"turns":5},{"damage":5,"enemies":"4 Shapes","floor":45,"turns":3},{"damage":0,"enemies":"Transient","floor":48,"turns":5},{"damage":74,"enemies":"Time Eater","floor":50,"turns":5}],"seed_played":"-1712421257355705167","potions_obtained":[{"floor":4,"key":"Ancient Potion"},{"floor":5,"key":"Block Potion"},{"floor":12,"key":"Block Potion"},{"floor":14,"key":"Fire Potion"},{"floor":21,"key":"GhostInAJar"},{"floor":24,"key":"EntropicBrew"},{"floor":28,"key":"PowerPotion"},{"floor":35,"key":"GamblersBrew"},{"floor":40,"key":"Poison Potion"},{"floor":42,"key":"Regen Potion"}],"is_trial":false,"path_per_floor":["M","?","?","M","M","E","R","$","T","R","M","M","?","M","R","B",null,"M","M","$","?","?","R","E","R","T","?","E","$","M","$","R","B",null,"M","$","?","M","M","E","R","E","T","R","M","R","$","M","R","B"],"character_chosen":"THE_SILENT","items_purchased":["Accuracy","Blade Dance","Art of War","Lantern","Cloak And Dagger","Footwork","Calculated Gamble","Predator","DollysMirror","Metamorphosis"],"campfire_rested":4,"item_purchase_floors":[8,8,20,20,20,20,20,29,36,47],"current_hp_per_floor":[70,59,52,52,50,49,49,49,49,49,49,45,45,45,45,24,70,58,58,58,57,44,44,39,39,39,39,34,34,34,34,56,31,75,63,63,63,56,42,22,44,15,15,37,41,41,41,41,63,0],"gold":94,"neow_bonus":"","is_prod":false,"is_daily":true,"chose_seed":false,"campfire_upgraded":6,"win_rate":0,"timestamp":1566213721,"path_taken":["M","?","?","M","?","E","R","$","T","R","M","M","?","M","R","BOSS","M","M","$","?","?","R","E","R","T","?","E","$","?","?","R","BOSS","M","$","?","M","M","E","R","E","T","R","?","R","$","?","R","BOSS"],"build_version":"2019-07-17","purchased_purges":0,"victory":false,"max_hp_per_floor":[70,70,70,70,70,70,70,70,70,70,70,70,70,70,70,70,70,70,70,70,70,75,75,75,75,75,75,75,75,75,75,75,75,75,75,75,75,75,75,75,75,75,75,75,75,75,75,75,75,75],"card_choices":[{"not_picked":["Expertise","Flying Knee"],"picked":"Slice","floor":0},{"not_picked":["Sucker Punch","Quick Slash"],"picked":"All Out Attack","floor":0},{"not_picked":["Distraction","Outmaneuver"],"picked":"Expertise","floor":0},{"not_picked":["Poisoned Stab","Leg Sweep"],"picked":"Deflect","floor":0},{"not_picked":["Outmaneuver","Deflect"],"picked":"Backflip","floor":0},{"not_picked":["Masterful Stab","Poisoned Stab"],"picked":"PiercingWail","floor":0},{"not_picked":["Deflect","Flying Knee"],"picked":"PiercingWail","floor":0},{"not_picked":["Quick Slash","Catalyst"],"picked":"Blur","floor":0},{"not_picked":["Dodge and Roll","Deflect"],"picked":"Cloak And Dagger","floor":0},{"not_picked":["Quick Slash","Deflect"],"picked":"Dagger Throw","floor":0},{"not_picked":["Bane","Deadly Poison"],"picked":"Quick Slash","floor":0},{"not_picked":["Poisoned Stab","Underhanded Strike"],"picked":"Escape Plan","floor":0},{"not_picked":["PiercingWail","Expertise"],"picked":"Slice","floor":0},{"not_picked":["Bane","Deadly Poison"],"picked":"Underhanded Strike","floor":0},{"not_picked":["Deadly Poison","Expertise"],"picked":"Deep Breath","floor":0},{"not_picked":["Sucker Punch","Backstab"],"picked":"Blade Dance","floor":1},{"not_picked":["Deadly Poison","Underhanded Strike","Sucker Punch"],"picked":"SKIP","floor":4},{"not_picked":["Underhanded Strike","Poisoned Stab"],"picked":"Slice","floor":5},{"not_picked":["Bouncing Flask","Panacea"],"picked":"Prepared","floor":6},{"not_picked":["Dagger Spray","Riddle With Holes"],"picked":"Acrobatics","floor":11},{"not_picked":["Leg Sweep","Blur"],"picked":"Calculated Gamble","floor":12},{"not_picked":["Enlightenment","Dagger Throw"],"picked":"PiercingWail","floor":14},{"not_picked":["Magnetism","Transmutation"],"picked":"Secret Weapon","floor":16},{"not_picked":["Bouncing Flask+1","Good Instincts+1"],"picked":"Choke","floor":18},{"not_picked":["Quick Slash+1","Deflect"],"picked":"Backflip","floor":19},{"not_picked":["Backflip","Acrobatics"],"picked":"Infinite Blades","floor":21},{"not_picked":["Dagger Throw","Quick Slash"],"picked":"Sucker Punch+1","floor":24},{"not_picked":["PanicButton+1","Cloak And Dagger"],"picked":"Acrobatics+1","floor":28},{"not_picked":["Underhanded Strike+1","Riddle With Holes"],"picked":"Finesse+1","floor":30},{"not_picked":["Phantasmal Killer","Envenom"],"picked":"Night Terror","floor":33},{"not_picked":["Poisoned Stab","Panacea","Underhanded Strike+1"],"picked":"SKIP","floor":35},{"not_picked":["Flying Knee+1","Expertise"],"picked":"Acrobatics+1","floor":38},{"not_picked":["Blur","Outmaneuver+1","Dramatic Entrance"],"picked":"SKIP","floor":39},{"not_picked":["Skewer+1","Sucker Punch"],"picked":"Acrobatics+1","floor":40},{"not_picked":["Enlightenment+1","Caltrops+1"],"picked":"Blur+1","floor":42},{"not_picked":["Predator","Dodge and Roll+1"],"picked":"Backflip+1","floor":45},{"not_picked":["Riddle With Holes+1","Bane"],"picked":"Blade Dance","floor":48}],"player_experience":192327,"relics_obtained":[{"floor":6,"key":"Snake Skull"},{"floor":9,"key":"Orichalcum"},{"floor":21,"key":"Red Mask"},{"floor":24,"key":"Potion Belt"},{"floor":26,"key":"Kunai"},{"floor":28,"key":"Omamori"},{"floor":40,"key":"Darkstone Periapt"},{"floor":42,"key":"Bottled Lightning"},{"floor":43,"key":"Centennial Puzzle"}],"event_choices":[{"damage_healed":0,"gold_gain":75,"player_choice":"Gather Gold","damage_taken":11,"max_hp_gain":0,"max_hp_loss":0,"event_name":"World of Goop","floor":2,"gold_loss":0},{"damage_healed":0,"gold_gain":0,"player_choice":"Damaged","damage_taken":7,"max_hp_gain":0,"max_hp_loss":0,"event_name":"Wheel of Change","floor":3,"gold_loss":0},{"damage_healed":0,"gold_gain":175,"player_choice":"AGREE","damage_taken":0,"max_hp_gain":0,"max_hp_loss":0,"event_name":"Liars Game","floor":13,"gold_loss":0,"cards_obtained":["Doubt"]},{"damage_healed":0,"gold_gain":0,"player_choice":"Fought Bandits","damage_taken":0,"max_hp_gain":0,"max_hp_loss":0,"event_name":"Masked Bandits","floor":21,"gold_loss":0},{"damage_healed":0,"gold_gain":0,"player_choice":"Shed Blood","damage_taken":18,"max_hp_gain":5,"max_hp_loss":0,"event_name":"Forgotten Altar","floor":22,"gold_loss":0},{"damage_healed":0,"gold_gain":0,"player_choice":"Ignored","damage_taken":0,"max_hp_gain":0,"max_hp_loss":0,"event_name":"Vampires","floor":27,"gold_loss":0},{"damage_healed":0,"gold_gain":0,"player_choice":"Upgraded","damage_taken":0,"max_hp_gain":0,"max_hp_loss":0,"event_name":"Upgrade Shrine","floor":37,"gold_loss":0,"cards_upgraded":["Night Terror"]}],"is_beta":false,"boss_relics":[{"not_picked":["Snecko Eye","Black Star"],"picked":"HoveringKite"},{"not_picked":["Astrolabe","Runic Dome"],"picked":"Ring of the Serpent"}],"items_purged_floors":[],"is_endless":false,"potions_floor_spawned":[4,5,12,14,21,24,28,35,40,42],"killed_by":"Time Eater","ascension_level":0}