{"gold_per_floor":[110,24,36,49,69,69,84,84,84,84,9,47,47,24,24,120,120,139,139,139,163,163,196,212,212,293,293,312,85,85,106,106,197,197,216,216,241,254,254],"floor_reached":39,"playtime":1458,"items_purged":["Writhe"],"score":798,"play_id":"f6e10d35-e9cb-481e-940b-23c218cc34b0","local_time":"20190501164507","is_ascension_mode":true,"campfire_choices":[{"floor":6,"key":"REST"},{"data":"Noxious Fumes","floor":10,"key":"SMITH"},{"floor":13,"key":"REST"},{"floor":15,"key":"REST"},{"data":"Sucker Punch","floor":25,"key":"SMITH"},{"data":"Leg Sweep","floor":27,"key":"SMITH"},{"data":"Corpse Explosion","floor":30,"key":"SMITH"},{"data":"Malaise","floor":32,"key":"SMITH"}],"neow_cost":"PERCENT_DAMAGE","seed_source_timestamp":1809403081906845,"circlet_count":0,"master_deck":["AscendersBane","Defend_G","Defend_G","Defend_G","Defend_G","Defend_G","Survivor","Neutralize","After Image","Sucker Punch+1","Caltrops","PiercingWail","Noxious Fumes+1","Flying Knee","Leg Sweep+1","Malaise+1","Blur","Bite+1","Bite","Bite+1","Bite","Bite","PiercingWail+1","Escape Plan+1","Bane+1","Corpse Explosion+1","Malaise+1","Tools of the Trade+1","Injury","Doubt","Doubt","Noxious Fumes+1"],"relics":["Ring of the Snake","Golden Idol","Happy Flower","Odd Mushroom","Velvet Choker","Bag of Preparation","Frozen Egg 2","Tiny Chest","Calling Bell","Dream Catcher","Singing Bowl","Turnip","Whetstone"],"potions_floor_usage":[12,16,21,24,33,35,39,39],"damage_taken":[{"damage":1,"enemies":"Jaw Worm","floor":1,"turns":8},{"damage":8,"enemies":"Small Slimes","floor":3,"turns":6},{"damage":13,"enemies":"2 Louse","floor":4,"turns":5},{"damage":5,"enemies":"2 Fungi Beasts","floor":5,"turns":4},{"damage":8,"enemies":"3 Louse","floor":7,"turns":5},{"damage":16,"enemies":"The Mushroom Lair","floor":12,"turns":6},{"damage":20,"enemies":"Exordium Thugs","floor":14,"turns":5},{"damage":16,"enemies":"The Guardian","floor":16,"turns":12},{"damage":7,"enemies":"3 Byrds","floor":18,"turns":5},{"damage":2,"enemies":"Chosen","floor":21,"turns":7},{"damage":0,"enemies":"Book of Stabbing","floor":23,"turns":8},{"damage":4,"enemies":"Snecko","floor":24,"turns":9},{"damage":5,"enemies":"Snake Plant","floor":28,"turns":5},{"damage":7,"enemies":"Centurion and Healer","floor":31,"turns":6},{"damage":50,"enemies":"Automaton","floor":33,"turns":12},{"damage":14,"enemies":"Orb Walker","floor":35,"turns":5},{"damage":6,"enemies":"3 Darklings","floor":37,"turns":3},{"damage":3,"enemies":"Maw","floor":38,"turns":10},{"damage":74,"enemies":"Transient","floor":39,"turns":6}],"seed_played":"-3190382330375872760","potions_obtained":[{"floor":3,"key":"SpeedPotion"},{"floor":12,"key":"Strength Potion"},{"floor":18,"key":"Ancient Potion"},{"floor":21,"key":"AttackPotion"},{"floor":28,"key":"Strength Potion"},{"floor":33,"key":"SteroidPotion"},{"floor":35,"key":"SpeedPotion"},{"floor":38,"key":"SteroidPotion"}],"is_trial":false,"path_per_floor":["M","$","M","M","M","R","M","?","T","R","?","?","R","M","R","B",null,"M","?","?","M","?","E","M","R","T","R","M","$","R","M","R","B",null,"M","T","M","M","M"],"character_chosen":"THE_SILENT","items_purchased":["Caltrops","Corpse Explosion"],"campfire_rested":3,"item_purchase_floors":[2,29],"current_hp_per_floor":[43,43,35,22,17,36,28,28,28,28,28,12,30,10,28,12,48,41,41,41,42,42,42,42,42,42,42,39,39,39,39,39,9,34,24,24,25,44,0],"gold":254,"neow_bonus":"THREE_RARE_CARDS","is_prod":false,"is_daily":false,"chose_seed":false,"campfire_upgraded":5,"win_rate":0,"timestamp":1556743507,"path_taken":["M","$","M","M","M","R","M","?","T","R","?","?","R","M","R","BOSS","M","?","?","M","?","E","M","R","T","R","M","$","R","M","R","BOSS","M","?","M","M","M"],"build_version":"2019-01-23","purchased_purges":1,"victory":false,"max_hp_per_floor":[66,66,66,66,66,66,66,60,60,60,60,60,60,60,60,60,60,60,60,42,42,42,42,42,42,42,42,42,42,42,42,42,42,42,42,42,44,46,46],"card_choices":[{"not_picked":["Venomology","Wraith Form v2"],"picked":"After Image","floor":0},{"not_picked":["Predator","Backflip"],"picked":"Sucker Punch","floor":1},{"not_picked":["Backflip","Bane"],"picked":"PiercingWail","floor":3},{"not_picked":["Poisoned Stab","Finisher"],"picked":"Noxious Fumes","floor":4},{"not_picked":["Reflex","Outmaneuver"],"picked":"Flying Knee","floor":5},{"not_picked":["Dash","Backstab"],"picked":"Leg Sweep","floor":7},{"not_picked":["Infinite Blades","Flying Knee","Slice"],"picked":"SKIP","floor":14},{"not_picked":["Infinite Blades","Flying Knee","Slice"],"picked":"SKIP","floor":14},{"not_picked":["Die Die Die","Doppelganger"],"picked":"Malaise","floor":16},{"not_picked":["Sucker Punch","Quick Slash"],"picked":"Blur","floor":18},{"not_picked":["Reflex","Choke"],"picked":"PiercingWail+1","floor":21},{"not_picked":["Predator","Blade Dance"],"picked":"Escape Plan+1","floor":23},{"not_picked":["Deadly Poison","Blade Dance"],"picked":"Bane+1","floor":24},{"not_picked":["Reflex","Bane","Acrobatics"],"picked":"SKIP","floor":28},{"not_picked":["Outmaneuver","Cloak And Dagger"],"picked":"Malaise","floor":31},{"not_picked":["A Thousand Cuts+1","Die Die Die"],"picked":"Tools of the Trade+1","floor":33},{"not_picked":["Quick Slash","Infinite Blades+1"],"picked":"Noxious Fumes+1","floor":35},{"not_picked":["Cloak And Dagger","Accuracy+1","Blade Dance"],"picked":"Singing Bowl","floor":37},{"not_picked":["Terror","Underhanded Strike","PiercingWail"],"picked":"Singing Bowl","floor":38}],"player_experience":317983,"relics_obtained":[{"floor":9,"key":"Happy Flower"},{"floor":12,"key":"Odd Mushroom"},{"floor":23,"key":"Frozen Egg 2"},{"floor":26,"key":"Tiny Chest"},{"floor":34,"key":"Dream Catcher"},{"floor":34,"key":"Singing Bowl"},{"floor":34,"key":"Turnip"},{"floor":36,"key":"Whetstone"}],"event_choices":[{"damage_healed":0,"gold_gain":0,"player_choice":"Lose Max HP","damage_taken":0,"relics_obtained":["Golden Idol"],"max_hp_gain":0,"max_hp_loss":6,"event_name":"Golden Idol","floor":8,"gold_loss":0},{"cards_removed":["Strike_G"],"damage_healed":0,"gold_gain":0,"player_choice":"Card Removal","damage_taken":0,"max_hp_gain":0,"max_hp_loss":0,"event_name":"The Cleric","floor":11,"gold_loss":75},{"damage_healed":0,"gold_gain":0,"player_choice":"Fought Mushrooms","damage_taken":0,"max_hp_gain":0,"max_hp_loss":0,"event_name":"Mushrooms","floor":12,"gold_loss":0},{"damage_healed":0,"gold_gain":0,"player_choice":"Opened","damage_taken":0,"relics_obtained":["Bag of Preparation"],"max_hp_gain":0,"max_hp_loss":0,"event_name":"The Mausoleum","floor":19,"gold_loss":0,"cards_obtained":["Writhe"]},{"damage_healed":0,"gold_gain":0,"player_choice":"Became a vampire","damage_taken":0,"max_hp_gain":0,"max_hp_loss":18,"event_name":"Vampires","floor":20,"gold_loss":0,"cards_obtained":["Bite","Bite","Bite","Bite","Bite"]},{"damage_healed":0,"gold_gain":0,"player_choice":"Upgraded","damage_taken":0,"max_hp_gain":0,"max_hp_loss":0,"event_name":"Upgrade Shrine","floor":22,"gold_loss":0,"cards_upgraded":["Malaise"]}],"is_beta":false,"boss_relics":[{"not_picked":["Ring of the Serpent","Runic Dome"],"picked":"Velvet Choker"},{"not_picked":["Empty Cage","Coffee Dripper"],"picked":"Calling Bell"}],"items_purged_floors":[29],"is_endless":false,"potions_floor_spawned":[3,12,18,21,28,33,35,38],"killed_by":"Transient","ascension_level":17}