{"gold_per_floor":[114,189,189,189,214,245,245,280,280,4,22,22,22,38,38,110,110,124,124,72,72,52,85,100,25,25,300,311,72,106,125,125,196,196,215,227,227,250,270,270,299,299,299,334,347,347,359,359,359,359,359,359,6,38,38],"floor_reached":56,"playtime":5346,"items_purged":["Regret","Regret"],"score":2217,"play_id":"abb429f9-6532-4bec-9106-85b0df7e9c12","local_time":"20190818234919","is_ascension_mode":true,"campfire_choices":[{"data":"Uppercut","floor":7.0,"key":"SMITH"},{"data":"Inflame","floor":12.0,"key":"SMITH"},{"data":"Heavy Blade","floor":15.0,"key":"SMITH"},{"data":"Limit Break","floor":32.0,"key":"SMITH"},{"data":"True Grit","floor":40,"key":"SMITH"},{"data":"Warcry","floor":42,"key":"SMITH"},{"data":"Offering","floor":46,"key":"SMITH"},{"floor":49,"key":"RECALL"},{"data":"Disarm","floor":52,"key":"SMITH"}],"neow_cost":"NONE","seed_source_timestamp":0,"circlet_count":0,"master_deck":["AscendersBane","Strike_R","Strike_R+1","Strike_R","Strike_R","Defend_R","Defend_R","Defend_R","Defend_R","Bash+1","Uppercut+1","Spot Weakness","Rampage","Inflame+1","Heavy Blade+1","Headbutt","Inflame","Limit Break+1","True Grit+1","Shrug It Off","Warcry+1","Warcry+1","Corruption+1","Offering+1","Whirlwind+1","Shrug It Off","Inflame+1","Parasite","Evolve+1","Disarm+1","Inflame+1","Pummel+1"],"special_seed":0,"relics":["Burning Blood","NeowsBlessing","Oddly Smooth Stone","Bag of Preparation","Torii","Meat on the Bone","Bird Faced Urn","Happy Flower","Coffee Dripper","Strawberry","Red Skull","Singing Bowl","PreservedInsect","Frozen Egg 2","Cursed Key","Bronze Scales","Ancient Tea Set","Thread and Needle","Cauldron","Anchor"],"potions_floor_usage":[36,39,41,47,48,55,55],"damage_taken":[{"damage":0.0,"enemies":"2 Louse","floor":1.0,"turns":1.0},{"damage":0.0,"enemies":"Gremlin Nob","floor":6.0,"turns":1.0},{"damage":0.0,"enemies":"Lagavulin","floor":8.0,"turns":1.0},{"damage":0.0,"enemies":"Small Slimes","floor":11.0,"turns":3.0},{"damage":1.0,"enemies":"Jaw Worm","floor":14.0,"turns":3.0},{"damage":0.0,"enemies":"Slime Boss","floor":16.0,"turns":5.0},{"damage":2.0,"enemies":"2 Thieves","floor":18.0,"turns":3.0},{"damage":6.0,"enemies":"Gremlin Leader","floor":23.0,"turns":5.0},{"damage":2.0,"enemies":"Shell Parasite","floor":24.0,"turns":3.0},{"damage":16.0,"enemies":"3 Cultists","floor":28.0,"turns":5.0},{"damage":8.0,"enemies":"Book of Stabbing","floor":30.0,"turns":2.0},{"damage":18.0,"enemies":"Chosen and Byrds","floor":31.0,"turns":6.0},{"damage":45.0,"enemies":"Champ","floor":33.0,"turns":6.0},{"damage":16,"enemies":"3 Shapes","floor":35,"turns":3},{"damage":0,"enemies":"3 Darklings","floor":36,"turns":2},{"damage":29,"enemies":"Sphere and 2 Shapes","floor":39,"turns":4},{"damage":66,"enemies":"Nemesis","floor":41,"turns":3},{"damage":13,"enemies":"Giant Head","floor":44,"turns":4},{"damage":2,"enemies":"Transient","floor":45,"turns":5},{"damage":17,"enemies":"Maw","floor":47,"turns":5},{"damage":0,"enemies":"Spire Growth","floor":48,"turns":3},{"damage":74,"enemies":"Donu and Deca","floor":50,"turns":6},{"damage":57,"enemies":"Shield and Spear","floor":54,"turns":5},{"damage":61,"enemies":"The Heart","floor":55,"turns":8}],"seed_played":"-4569443276509667151","potions_obtained":[{"floor":6.0,"key":"Block Potion"},{"floor":11.0,"key":"SteroidPotion"},{"floor":16.0,"key":"Energy Potion"},{"floor":18.0,"key":"GamblersBrew"},{"floor":22.0,"key":"Fire Potion"},{"floor":24.0,"key":"Swift Potion"},{"floor":35,"key":"FearPotion"},{"floor":36,"key":"Regen Potion"},{"floor":41,"key":"SmokeBomb"},{"floor":44,"key":"SkillPotion"},{"floor":53,"key":"Regen Potion"},{"floor":53,"key":"Ancient Potion"},{"floor":53,"key":"SpeedPotion"}],"is_trial":false,"path_per_floor":["M","?","?","?","T","E","R","E","T","$","M","R","$","M","R","B",null,"M","?","$","?","?","E","M","?","T","?","M","$","E","M","R","B",null,"M","M","?","T","M","R","E","R","T","E","M","R","M","M","R","B",null,"R","$","E","B",null],"character_chosen":"IRONCLAD","items_purchased":["Inflame","Happy Flower","Heavy Blade","Shrug It Off","PreservedInsect","Cauldron","Inflame+1"],"campfire_rested":0,"item_purchase_floors":[10,10,10,20,29,53,53],"current_hp_per_floor":[74,63,58,35,35,41,41,47,47,47,55,55,55,62,62,72,74,75,54,54,61,61,65,73,73,73,73,69,69,73,65,65,44,79,75,87,87,87,70,70,35,35,35,48,64,64,63,75,75,29,79,79,79,52,21],"gold":38,"neow_bonus":"THREE_ENEMY_KILL","is_prod":false,"is_daily":false,"chose_seed":false,"campfire_upgraded":8,"win_rate":0,"timestamp":1566197359,"path_taken":["M","?","?","?","?","E","R","E","T","$","M","R","?","M","R","BOSS","M","?","$","?","?","E","?","?","T","?","M","$","E","M","R","BOSS","M","?","?","?","M","R","E","R","T","E","M","R","?","?","R","BOSS","R","$","E","BOSS"],"build_version":"2019-07-17","purchased_purges":2,"victory":true,"max_hp_per_floor":[75,75,75,75,75,75,75,75,75,75,75,75,75,75,75,75,75,75,80,80,87,87,87,87,87,87,87,89,89,91,91,91,91,91,91,93,93,93,93,93,93,93,93,93,95,95,95,95,95,95,95,95,95,95,95],"card_choices":[{"not_picked":["Perfected Strike","Headbutt"],"picked":"Uppercut","floor":1.0},{"not_picked":["Rampage","Carnage"],"picked":"Spot Weakness","floor":6.0},{"not_picked":["Seeing Red","Wild Strike"],"picked":"Rampage","floor":8.0},{"not_picked":["Sword Boomerang","Carnage"],"picked":"Headbutt","floor":11.0},{"not_picked":["Clash","Burning Pact"],"picked":"Inflame","floor":14.0},{"not_picked":["Barricade","Juggernaut"],"picked":"Limit Break","floor":16.0},{"not_picked":["Rage","Flame Barrier"],"picked":"True Grit","floor":18.0},{"not_picked":["Searing Blow","Carnage+1"],"picked":"Warcry","floor":23.0},{"not_picked":["Pommel Strike","Thunderclap"],"picked":"Warcry+1","floor":24.0},{"not_picked":["Shrug It Off","Ghostly Armor+1","Brutality"],"picked":"Singing Bowl","floor":28.0},{"not_picked":["Carnage","Havoc","Iron Wave"],"picked":"Singing Bowl","floor":30.0},{"not_picked":["Iron Wave","Sword Boomerang"],"picked":"Corruption+1","floor":31.0},{"not_picked":["Barricade+1","Berserk+1"],"picked":"Offering","floor":33.0},{"not_picked":["Sword Boomerang","Headbutt+1"],"picked":"Whirlwind+1","floor":35},{"not_picked":["Burning Pact","Cleave","Uppercut"],"picked":"Singing Bowl","floor":36},{"not_picked":["Rage","Hemokinesis"],"picked":"Shrug It Off","floor":39},{"not_picked":["Perfected Strike","Havoc"],"picked":"Inflame+1","floor":41},{"not_picked":["Dual Wield","Body Slam+1"],"picked":"Evolve+1","floor":44},{"not_picked":["Second Wind","Flame Barrier","Hemokinesis"],"picked":"Singing Bowl","floor":45},{"not_picked":["Sever Soul+1","Pommel Strike"],"picked":"Disarm","floor":47},{"not_picked":["Wild Strike+1","Searing Blow+1"],"picked":"Pummel+1","floor":54}],"player_experience":608084,"relics_obtained":[{"floor":5.0,"key":"Bag of Preparation"},{"floor":6.0,"key":"Torii"},{"floor":8.0,"key":"Meat on the Bone"},{"floor":9.0,"key":"Bird Faced Urn"},{"floor":23.0,"key":"Red Skull"},{"floor":26.0,"key":"Singing Bowl"},{"floor":30.0,"key":"Frozen Egg 2"},{"floor":38,"key":"Bronze Scales"},{"floor":41,"key":"Ancient Tea Set"},{"floor":44,"key":"Thread and Needle"},{"floor":54,"key":"Anchor"}],"event_choices":[{"damage_healed":0.0,"max_hp_gain":0.0,"max_hp_loss":0.0,"gold_gain":75.0,"event_name":"World of Goop","player_choice":"Gather Gold","floor":2.0,"gold_loss":0.0,"damage_taken":11.0},{"damage_healed":0.0,"max_hp_gain":0.0,"max_hp_loss":0.0,"gold_gain":0.0,"event_name":"Scrap Ooze","player_choice":"Success","floor":3.0,"gold_loss":0.0,"damage_taken":5.0,"relics_obtained":["Oddly Smooth Stone"]},{"damage_healed":0.0,"max_hp_gain":0.0,"max_hp_loss":0.0,"gold_gain":0.0,"event_name":"Shining Light","player_choice":"Entered Light","floor":4.0,"gold_loss":0.0,"damage_taken":23.0,"cards_upgraded":["Bash","Strike_R"]},{"damage_healed":0.0,"max_hp_gain":5.0,"max_hp_loss":0.0,"gold_gain":0.0,"event_name":"Forgotten Altar","player_choice":"Shed Blood","floor":19.0,"gold_loss":0.0,"damage_taken":26.0},{"damage_healed":0.0,"max_hp_gain":0.0,"max_hp_loss":0.0,"gold_gain":0.0,"event_name":"Addict","player_choice":"Stole Relic","floor":21.0,"gold_loss":0.0,"damage_taken":0.0,"relics_obtained":["Strawberry"],"cards_obtained":["Shame"]},{"damage_healed":0.0,"max_hp_gain":0.0,"max_hp_loss":0.0,"gold_gain":0.0,"event_name":"The Woman in Blue","player_choice":"Bought 1 Potion","floor":22.0,"gold_loss":0.0,"damage_taken":0.0},{"cards_removed":["Shame"],"damage_healed":0.0,"max_hp_gain":0.0,"max_hp_loss":0.0,"gold_gain":0.0,"event_name":"Beggar","player_choice":"Gave Gold","floor":25.0,"gold_loss":75.0,"damage_taken":0.0},{"damage_healed":0.0,"max_hp_gain":0.0,"max_hp_loss":0.0,"gold_gain":275.0,"event_name":"Golden Shrine","player_choice":"Desecrate","floor":27.0,"gold_loss":0.0,"damage_taken":0.0,"cards_obtained":["Regret"]},{"cards_removed":["Strike_R"],"damage_healed":0,"gold_gain":0,"player_choice":"Removed Attack","damage_taken":0,"max_hp_gain":0,"max_hp_loss":0,"event_name":"Falling","floor":37,"gold_loss":0}],"is_beta":false,"boss_relics":[{"not_picked":["White Beast Statue","Tiny House"],"picked":"Coffee Dripper"},{"not_picked":["Mark of Pain","Fusion Hammer"],"picked":"Cursed Key"}],"items_purged_floors":[29,53],"is_endless":false,"potions_floor_spawned":[6,11,16,18,24,35,36,41,44,48,54],"ascension_level":16}