{"gold_per_floor":[366,366,366,386,405,464,464,191,215,165,165,20,35,60,60,156,156,173,173,190,202,257,257,286,296,296,328,345,31,31,43,43,148,148,163,163,163,173,173,173,192,192,192,220,130,130],"floor_reached":46,"playtime":1942,"items_purged":["Strike_R","Strike_R","Defend_R"],"score":655,"play_id":"1aa4ff9b-0339-4a86-8628-6424d240bbb8","local_time":"20190816232818","is_ascension_mode":true,"campfire_choices":[{"data":"Thunderclap","floor":7,"key":"SMITH"},{"data":"True Grit","floor":15,"key":"SMITH"},{"data":"Double Tap","floor":23,"key":"SMITH"},{"data":"Demon Form","floor":32,"key":"SMITH"},{"data":"Bash","floor":40,"key":"SMITH"},{"data":"Impervious","floor":42,"key":"SMITH"}],"neow_cost":"TEN_PERCENT_HP_LOSS","seed_source_timestamp":42155787254876,"circlet_count":0,"master_deck":["Bash+1","Whirlwind+1","Shrug It Off+1","Thunderclap+1","Headbutt","True Grit+1","Flex","Double Tap+1","Heavy Blade+1","Hemokinesis","Anger+1","Flex+1","Offering","Inflame","Clothesline+1","Demon Form+1","Armaments+1","Seeing Red","Shrug It Off+1","Feed+1","Reckless Charge","Evolve","Double Tap","Madness","Madness","Impervious+1","Shrug It Off","Trip"],"relics":["Burning Blood","Bag of Marbles","Tiny Chest","Anchor","Art of War","Charon\u0027s Ashes","Runic Cube","Bag of Preparation","Unceasing Top","Pantograph","Champion Belt","Vajra","Pandora\u0027s Box","Singing Bowl","Whetstone"],"potions_floor_usage":[14,24,33,33,33],"damage_taken":[{"damage":11,"enemies":"Jaw Worm","floor":1,"turns":6},{"damage":0,"enemies":"2 Louse","floor":4,"turns":1},{"damage":1,"enemies":"Small Slimes","floor":5,"turns":2},{"damage":14,"enemies":"3 Sentries","floor":6,"turns":6},{"damage":2,"enemies":"Exordium Wildlife","floor":13,"turns":2},{"damage":8,"enemies":"Gremlin Nob","floor":14,"turns":3},{"damage":51,"enemies":"The Guardian","floor":16,"turns":13},{"damage":2,"enemies":"Chosen","floor":18,"turns":4},{"damage":6,"enemies":"3 Byrds","floor":20,"turns":3},{"damage":20,"enemies":"Centurion and Healer","floor":21,"turns":7},{"damage":6,"enemies":"Slavers","floor":24,"turns":2},{"damage":0,"enemies":"Snake Plant","floor":25,"turns":1},{"damage":9,"enemies":"Book of Stabbing","floor":27,"turns":2},{"damage":14,"enemies":"Shelled Parasite and Fungi","floor":28,"turns":3},{"damage":0,"enemies":"Snecko","floor":31,"turns":4},{"damage":71,"enemies":"Collector","floor":33,"turns":9},{"damage":22,"enemies":"3 Shapes","floor":35,"turns":7},{"damage":2,"enemies":"Orb Walker","floor":38,"turns":3},{"damage":21,"enemies":"Sphere and 2 Shapes","floor":41,"turns":5},{"damage":36,"enemies":"Reptomancer","floor":44,"turns":5},{"damage":0,"enemies":"Writhing Mass","floor":46,"turns":3}],"seed_played":"-6275710730072745165","potions_obtained":[{"floor":1,"key":"Poison Potion"},{"floor":4,"key":"Explosive Potion"},{"floor":16,"key":"SkillPotion"},{"floor":24,"key":"LiquidBronze"},{"floor":25,"key":"Poison Potion"},{"floor":28,"key":"LiquidBronze"},{"floor":31,"key":"EssenceOfSteel"},{"floor":44,"key":"Ancient Potion"}],"is_trial":false,"path_per_floor":["M","?","?","M","M","E","R","$","T","?","?","$","M","E","R","B",null,"M","?","M","M","T","R","E","M","T","E","M","$","$","M","R","B",null,"M","?","?","M","?","R","M","R","T","E","$","M"],"character_chosen":"IRONCLAD","items_purchased":["Anchor","True Grit","Flex","Seeing Red","Vajra","Trip"],"campfire_rested":0,"item_purchase_floors":[8,8,12,29,29,45],"current_hp_per_floor":[67,67,64,70,72,64,64,64,64,64,72,72,72,70,70,25,72,72,72,72,58,58,58,58,64,64,61,53,53,53,59,59,7,72,60,50,43,50,50,50,38,38,38,8,8,8],"gold":130,"neow_bonus":"TWO_FIFTY_GOLD","is_prod":false,"is_daily":false,"chose_seed":false,"campfire_upgraded":6,"win_rate":0,"timestamp":1565965698,"path_taken":["M","?","?","M","?","E","R","$","T","?","?","$","M","E","R","BOSS","M","?","M","M","?","R","E","M","T","E","M","?","$","?","R","BOSS","M","?","?","?","?","R","M","R","T","E","?","M"],"build_version":"2019-07-17","purchased_purges":3,"victory":false,"max_hp_per_floor":[72,72,72,72,72,72,72,72,72,72,72,72,72,72,72,72,72,72,72,72,72,72,72,72,72,72,72,72,72,72,72,72,72,72,76,76,76,79,79,79,82,82,82,82,82,82],"card_choices":[{"not_picked":["Rampage","Pummel"],"picked":"Whirlwind","floor":1},{"not_picked":["Reckless Charge","Rupture"],"picked":"Shrug It Off","floor":4},{"not_picked":["True Grit","Sword Boomerang"],"picked":"Thunderclap","floor":5},{"not_picked":["Sever Soul","Body Slam"],"picked":"Headbutt","floor":6},{"not_picked":["Twin Strike","Body Slam","Immolate"],"picked":"SKIP","floor":13},{"not_picked":["Dual Wield","Iron Wave","Whirlwind"],"picked":"SKIP","floor":14},{"not_picked":["Fiend Fire","Berserk"],"picked":"Double Tap","floor":16},{"not_picked":["Flex","Headbutt"],"picked":"Heavy Blade+1","floor":18},{"not_picked":["Body Slam","Twin Strike"],"picked":"Flex+1","floor":20},{"not_picked":["Heavy Blade","Havoc+1"],"picked":"Offering","floor":21},{"not_picked":["Fire Breathing+1","Reckless Charge"],"picked":"Inflame","floor":24},{"not_picked":["Iron Wave+1","Havoc"],"picked":"Clothesline+1","floor":25},{"not_picked":["Uppercut","Carnage"],"picked":"Demon Form","floor":27},{"not_picked":["Wild Strike","Clash+1"],"picked":"Armaments+1","floor":28},{"not_picked":["Uppercut","Headbutt+1"],"picked":"Shrug It Off+1","floor":31},{"not_picked":["Double Tap","Juggernaut"],"picked":"Feed","floor":33},{"not_picked":["Wild Strike","Uppercut+1","Sever Soul+1"],"picked":"SKIP","floor":35},{"not_picked":["Pommel Strike","Clothesline+1","Body Slam"],"picked":"SKIP","floor":38},{"not_picked":["Armaments","Headbutt+1"],"picked":"Impervious","floor":41},{"not_picked":["Searing Blow+1","Rupture+1"],"picked":"Shrug It Off","floor":44}],"player_experience":147929,"relics_obtained":[{"floor":6,"key":"Tiny Chest"},{"floor":9,"key":"Art of War"},{"floor":14,"key":"Charon\u0027s Ashes"},{"floor":22,"key":"Bag of Preparation"},{"floor":24,"key":"Unceasing Top"},{"floor":26,"key":"Pantograph"},{"floor":27,"key":"Champion Belt"},{"floor":43,"key":"Singing Bowl"},{"floor":44,"key":"Whetstone"}],"event_choices":[{"damage_healed":0,"gold_gain":0,"player_choice":"Grow","damage_taken":0,"max_hp_gain":0,"max_hp_loss":0,"event_name":"Living Wall","floor":2,"gold_loss":0,"cards_upgraded":["Whirlwind"]},{"damage_healed":0,"gold_gain":0,"player_choice":"Success","damage_taken":3,"relics_obtained":["Bag of Marbles"],"max_hp_gain":0,"max_hp_loss":0,"event_name":"Scrap Ooze","floor":3,"gold_loss":0},{"cards_removed":["Strike_R"],"damage_healed":0,"gold_gain":0,"player_choice":"Card Removal","damage_taken":0,"max_hp_gain":0,"max_hp_loss":0,"event_name":"The Cleric","floor":10,"gold_loss":50},{"damage_healed":24,"gold_gain":0,"player_choice":"Banana","damage_taken":0,"max_hp_gain":0,"max_hp_loss":0,"event_name":"Big Fish","floor":11,"gold_loss":0},{"damage_healed":0,"gold_gain":0,"cards_transformed":["Strike_R","Strike_R"],"player_choice":"Became Test Subject","damage_taken":0,"max_hp_gain":0,"max_hp_loss":0,"event_name":"Drug Dealer","floor":19,"gold_loss":0,"cards_obtained":["Hemokinesis","Anger"]},{"damage_healed":0,"gold_gain":0,"player_choice":"Embrace Madness","damage_taken":10,"max_hp_gain":0,"max_hp_loss":0,"event_name":"Winding Halls","floor":36,"gold_loss":0,"cards_obtained":["Madness","Madness"]},{"damage_healed":0,"gold_gain":0,"player_choice":"Damaged","damage_taken":7,"max_hp_gain":0,"max_hp_loss":0,"event_name":"Wheel of Change","floor":37,"gold_loss":0},{"damage_healed":0,"gold_gain":0,"player_choice":"Upgraded","damage_taken":0,"max_hp_gain":0,"max_hp_loss":0,"event_name":"Upgrade Shrine","floor":39,"gold_loss":0,"cards_upgraded":["Shrug It Off"]}],"is_beta":false,"boss_relics":[{"not_picked":["Ectoplasm","Mark of Pain"],"picked":"Runic Cube"},{"not_picked":["Velvet Choker","Black Star"],"picked":"Pandora\u0027s Box"}],"items_purged_floors":[8,12,29],"is_endless":false,"potions_floor_spawned":[1,4,16,24,25,28,31,44],"killed_by":"Writhing Mass","ascension_level":4}