{"gold_per_floor":[109,128,16,26,26,26,83,100,100,49,49,68,68,88,88,162,162,181,96,111,111],"floor_reached":21,"playtime":1035,"items_purged":[],"score":362,"play_id":"6d6fb3df-fae1-46d0-9946-3d184f17ed0e","local_time":"20190828222016","is_ascension_mode":true,"campfire_choices":[{"floor":6.0,"key":"REST"},{"data":"Defragment","floor":11.0,"key":"SMITH"},{"data":"Defragment","floor":13.0,"key":"SMITH"},{"data":"Hologram","floor":15.0,"key":"SMITH"}],"neow_cost":"PERCENT_DAMAGE","seed_source_timestamp":405254823704828,"circlet_count":0,"master_deck":["AscendersBane","Strike_B","Strike_B","Strike_B+1","Strike_B","Defend_B","Defend_B","Defend_B+1","Defend_B","Zap","Dualcast","Bandage Up","PanicButton","Compile Driver","Gash","Defragment+1","Rebound","Self Repair","Conserve Battery","All For One","Hologram+1","Defragment+1","Conserve Battery","Echo Form","Go for the Eyes","Chaos"],"special_seed":0,"relics":["Cracked Core","Tiny Chest","Busted Crown","Blue Candle"],"potions_floor_usage":[16,16],"damage_taken":[{"damage":7.0,"enemies":"Small Slimes","floor":1.0,"turns":3.0},{"damage":0.0,"enemies":"2 Louse","floor":2.0,"turns":2.0},{"damage":6.0,"enemies":"Cultist","floor":4.0,"turns":3.0},{"damage":29.0,"enemies":"Lagavulin","floor":7.0,"turns":7.0},{"damage":4.0,"enemies":"Looter","floor":8.0,"turns":3.0},{"damage":0.0,"enemies":"2 Fungi Beasts","floor":12.0,"turns":4.0},{"damage":6.0,"enemies":"Exordium Wildlife","floor":14.0,"turns":4.0},{"damage":32,"enemies":"Hexaghost","floor":16,"turns":9},{"damage":38,"enemies":"Shell Parasite","floor":18,"turns":8},{"damage":22,"enemies":"Spheric Guardian","floor":20,"turns":4},{"damage":37,"enemies":"Snake Plant","floor":21,"turns":3}],"seed_played":"3872117644337104591","potions_obtained":[{"floor":2.0,"key":"FocusPotion"},{"floor":12.0,"key":"Strength Potion"},{"floor":16,"key":"SteroidPotion"}],"is_trial":false,"path_per_floor":["M","M","$","M","?","R","E","M","T","$","R","M","R","M","R","B",null,"M","?","M","M"],"character_chosen":"DEFECT","items_purchased":["Defragment","Rebound","Hologram"],"campfire_rested":1,"item_purchase_floors":[3,3,10],"current_hp_per_floor":[43,47,47,45,24,45,27,34,34,34,34,45,45,50,50,29,61,45,45,30,0],"gold":111,"neow_bonus":"RANDOM_COLORLESS_2","is_prod":false,"is_daily":false,"chose_seed":false,"campfire_upgraded":3,"win_rate":0,"timestamp":1567056016,"path_taken":["M","M","$","M","?","R","E","M","T","$","R","M","R","M","R","BOSS","M","?","M","M"],"build_version":"2019-08-26","purchased_purges":0,"victory":false,"max_hp_per_floor":[71,71,71,71,71,71,71,71,71,71,71,71,71,71,71,71,71,71,71,71,71],"card_choices":[{"not_picked":["Rebound","Leap"],"picked":"Compile Driver","floor":1.0},{"not_picked":["Stack","Rebound"],"picked":"Gash","floor":2.0},{"not_picked":["Steam","Stack"],"picked":"Self Repair","floor":4.0},{"not_picked":["Sunder","Leap"],"picked":"Conserve Battery","floor":7.0},{"not_picked":["Steam","Compile Driver"],"picked":"All For One","floor":8.0},{"not_picked":["Conserve Battery","Beam Cell"],"picked":"Defragment","floor":12.0},{"not_picked":["Storm","Steam Power"],"picked":"Conserve Battery","floor":14.0},{"not_picked":["Fission","Biased Cognition"],"picked":"Echo Form","floor":16},{"not_picked":[],"picked":"Go for the Eyes","floor":18},{"not_picked":[],"picked":"Chaos","floor":20}],"player_experience":3064299,"relics_obtained":[{"floor":7.0,"key":"Tiny Chest"}],"event_choices":[{"damage_healed":0.0,"max_hp_gain":0.0,"max_hp_loss":0.0,"gold_gain":0.0,"event_name":"Shining Light","player_choice":"Entered Light","floor":5.0,"gold_loss":0.0,"damage_taken":21.0,"cards_upgraded":["Defend_B","Strike_B"]},{"damage_healed":0,"gold_gain":0,"player_choice":"Obtained Relic","damage_taken":0,"relics_obtained":["Blue Candle"],"max_hp_gain":0,"max_hp_loss":0,"event_name":"Addict","floor":19,"gold_loss":85}],"is_beta":true,"boss_relics":[{"not_picked":["Coffee Dripper","Philosopher\u0027s Stone"],"picked":"Busted Crown"}],"items_purged_floors":[],"is_endless":false,"potions_floor_spawned":[2,12,16],"killed_by":"Snake Plant","ascension_level":20}