{"gold_per_floor":[109,109,109,56,83,124,74,88,88,111,126,146,146,0,0,0],"floor_reached":16,"playtime":590,"items_purged":["Strike_R"],"score":125,"play_id":"e22ae16d-b065-4f13-9a7a-a9b04d496540","local_time":"20190821214548","is_ascension_mode":true,"campfire_choices":[{"data":"Entrench","floor":13,"key":"SMITH"},{"data":"Limit Break","floor":15,"key":"SMITH"}],"neow_cost":"TEN_PERCENT_HP_LOSS","seed_source_timestamp":13720836749360,"circlet_count":0,"master_deck":["Strike_R","Strike_R","Strike_R","Strike_R","Defend_R","Defend_R","Defend_R","Defend_R","Bash","Cleave","Havoc","Armaments","Limit Break+1","Entrench+1","Sword Boomerang","Disarm","Rupture"],"relics":["Burning Blood","Champion Belt","Golden Idol","Strawberry","Blue Candle","Meat on the Bone"],"potions_floor_usage":[10,12],"damage_taken":[{"damage":0,"enemies":"2 Louse","floor":1,"turns":2},{"damage":63,"enemies":"Lagavulin","floor":6,"turns":8},{"damage":2,"enemies":"Jaw Worm","floor":8,"turns":5},{"damage":0,"enemies":"Small Slimes","floor":10,"turns":5},{"damage":29,"enemies":"Exordium Thugs","floor":11,"turns":8},{"damage":5,"enemies":"Blue Slaver","floor":12,"turns":7},{"damage":30,"enemies":"Hexaghost","floor":16,"turns":12}],"seed_played":"567351987525460259","potions_obtained":[{"floor":8,"key":"SkillPotion"},{"floor":11,"key":"Weak Potion"}],"is_trial":false,"path_per_floor":["M","?","?","$","T","E","?","M","T","M","M","M","R","$","R","B"],"character_chosen":"IRONCLAD","items_purchased":["Havoc","Rupture"],"campfire_rested":0,"item_purchase_floors":[4,14],"current_hp_per_floor":[72,77,58,58,65,8,8,12,12,30,19,32,32,32,32,2],"gold":0,"neow_bonus":"ONE_RARE_RELIC","is_prod":false,"is_daily":false,"chose_seed":false,"campfire_upgraded":2,"win_rate":0,"timestamp":1566391548,"path_taken":["M","?","?","$","?","E","?","M","T","M","?","M","R","$","R","BOSS"],"build_version":"2019-07-17","purchased_purges":1,"victory":false,"max_hp_per_floor":[72,77,77,77,84,84,84,84,84,84,84,84,84,84,84,84],"card_choices":[{"not_picked":["Clash","Body Slam"],"picked":"Cleave","floor":1},{"not_picked":["Burning Pact","Power Through"],"picked":"Armaments","floor":6},{"not_picked":["Clash","Havoc"],"picked":"Limit Break","floor":8},{"not_picked":["Wild Strike","Cleave"],"picked":"Entrench","floor":10},{"not_picked":["Havoc","Burning Pact"],"picked":"Sword Boomerang","floor":11},{"not_picked":["Anger","Clash"],"picked":"Disarm","floor":12}],"player_experience":212108,"relics_obtained":[{"floor":5,"key":"Strawberry"},{"floor":6,"key":"Blue Candle"},{"floor":9,"key":"Meat on the Bone"}],"event_choices":[{"damage_healed":0,"gold_gain":0,"player_choice":"Donut","damage_taken":0,"max_hp_gain":5,"max_hp_loss":0,"event_name":"Big Fish","floor":2,"gold_loss":0},{"damage_healed":0,"gold_gain":0,"player_choice":"Take Damage","damage_taken":19,"relics_obtained":["Golden Idol"],"max_hp_gain":0,"max_hp_loss":0,"event_name":"Golden Idol","floor":3,"gold_loss":0},{"damage_healed":0,"gold_gain":0,"player_choice":"Left Gold","damage_taken":0,"max_hp_gain":0,"max_hp_loss":0,"event_name":"World of Goop","floor":7,"gold_loss":50}],"is_beta":false,"boss_relics":[],"items_purged_floors":[14],"is_endless":false,"potions_floor_spawned":[8,11],"killed_by":"Hexaghost","ascension_level":5}