{"gold_per_floor":[118,138,10,10,10,50,50,50,50,50,71,71,106,122,122,122],"floor_reached":16,"playtime":301,"items_purged":["Normality"],"score":211,"play_id":"d1d65632-aff2-47e7-860d-18bf71d113b2","local_time":"20190521111928","is_ascension_mode":true,"campfire_choices":[{"data":"Blizzard","floor":10,"key":"SMITH"},{"data":"Dramatic Entrance","floor":12,"key":"SMITH"},{"data":"Zap","floor":15,"key":"SMITH"}],"neow_cost":"CURSE","seed_source_timestamp":922353160162087,"circlet_count":0,"master_deck":["AscendersBane","Strike_B","Strike_B","Strike_B","Strike_B","Defend_B","Defend_B","Defend_B","Defend_B","Zap+1","Dualcast","Dramatic Entrance+1","Good Instincts","Sunder","Glacier","Ball Lightning","Blizzard+1","Conserve Battery"],"relics":["Cracked Core","Incense Burner","Golden Idol","Turnip","The Courier","Pocketwatch","Dream Catcher"],"potions_floor_usage":[16],"damage_taken":[{"damage":12,"enemies":"Jaw Worm","floor":1,"turns":2},{"damage":1,"enemies":"2 Louse","floor":2,"turns":2},{"damage":17,"enemies":"Lagavulin","floor":6,"turns":9},{"damage":0,"enemies":"Cultist","floor":11,"turns":3},{"damage":24,"enemies":"Gremlin Nob","floor":13,"turns":4},{"damage":7,"enemies":"Exordium Wildlife","floor":14,"turns":2},{"damage":17,"enemies":"Hexaghost","floor":16,"turns":9}],"seed_played":"-3060146231015125334","potions_obtained":[{"floor":6,"key":"SneckoOil"}],"is_trial":false,"path_per_floor":["M","M","$","?","?","E","?","T","T","R","M","R","E","M","R","B"],"character_chosen":"DEFECT","items_purchased":["Ball Lightning"],"campfire_rested":0,"item_purchase_floors":[3],"current_hp_per_floor":[52,51,51,40,40,23,44,44,44,44,44,44,20,13,13,0],"gold":122,"neow_bonus":"RANDOM_COLORLESS_2","is_prod":false,"is_daily":false,"chose_seed":false,"campfire_upgraded":3,"win_rate":0,"timestamp":1558451968,"path_taken":["M","M","$","?","?","E","?","?","T","R","M","R","E","M","R","BOSS"],"build_version":"2019-01-23","purchased_purges":1,"victory":false,"max_hp_per_floor":[71,71,71,71,64,64,64,64,64,64,64,64,64,64,64,64],"card_choices":[{"not_picked":["Turbo","Compile Driver"],"picked":"Sunder","floor":1},{"not_picked":["Leap","Coolheaded"],"picked":"Glacier","floor":2},{"not_picked":["Thunder Strike","Rebound"],"picked":"Blizzard","floor":6},{"not_picked":["Rebound","Ball Lightning","Barrage"],"picked":"SKIP","floor":11},{"not_picked":["Steam Power","Reboot","Double Energy"],"picked":"SKIP","floor":13},{"not_picked":["Turbo","Barrage"],"picked":"Conserve Battery","floor":14}],"player_experience":391462,"relics_obtained":[{"floor":6,"key":"Turnip"},{"floor":8,"key":"The Courier"},{"floor":9,"key":"Pocketwatch"},{"floor":13,"key":"Dream Catcher"}],"event_choices":[{"damage_healed":0,"gold_gain":0,"player_choice":"Success","damage_taken":11,"relics_obtained":["Incense Burner"],"max_hp_gain":0,"max_hp_loss":0,"event_name":"Scrap Ooze","floor":4,"gold_loss":0},{"damage_healed":0,"gold_gain":0,"player_choice":"Lose Max HP","damage_taken":0,"relics_obtained":["Golden Idol"],"max_hp_gain":0,"max_hp_loss":7,"event_name":"Golden Idol","floor":5,"gold_loss":0},{"damage_healed":21,"gold_gain":0,"player_choice":"Banana","damage_taken":0,"max_hp_gain":0,"max_hp_loss":0,"event_name":"Big Fish","floor":7,"gold_loss":0}],"is_beta":false,"boss_relics":[],"items_purged_floors":[3],"is_endless":false,"potions_floor_spawned":[6],"killed_by":"Hexaghost","ascension_level":19}