{"gold_per_floor":[116,136,136,184,205,205,241,316,316,350,350,450,17,42,42,171,171,195,16,196,215,215,258,258],"floor_reached":24,"playtime":496,"items_purged":["Strike_B"],"score":266,"play_id":"8023946c-ee8b-4820-939e-14c9645b5094","local_time":"20190211210102","is_ascension_mode":true,"campfire_choices":[{"data":"White Noise","floor":6,"key":"SMITH"},{"data":"Machine Learning","floor":15,"key":"SMITH"}],"neow_cost":"NONE","seed_source_timestamp":453343759591332,"circlet_count":0,"master_deck":["Strike_B","Strike_B","Strike_B","Defend_B","Defend_B","Defend_B","Defend_B","Zap","Dualcast","White Noise+1","Ball Lightning","Go for the Eyes","Machine Learning+1","Cold Snap","Ball Lightning","Seek+1","Blur+1","Self Repair","FTL","Mayhem+1"],"relics":["Cracked Core","Potion Belt","Golden Idol","Blood Vial","Bronze Scales","Kunai","Bag of Preparation","Happy Flower","PrismaticShard","Mummified Hand","Black Star","Frozen Egg 2","Question Card"],"potions_floor_usage":[7,14,16,24],"damage_taken":[{"damage":5,"enemies":"Small Slimes","floor":1,"turns":4},{"damage":0,"enemies":"Jaw Worm","floor":2,"turns":2},{"damage":1,"enemies":"Cultist","floor":5,"turns":3},{"damage":16,"enemies":"Gremlin Nob","floor":7,"turns":3},{"damage":20,"enemies":"Lagavulin","floor":10,"turns":6},{"damage":0,"enemies":"3 Louse","floor":14,"turns":2},{"damage":3,"enemies":"Hexaghost","floor":16,"turns":7},{"damage":21,"enemies":"2 Thieves","floor":18,"turns":3},{"damage":0,"enemies":"Chosen","floor":21,"turns":4},{"damage":38,"enemies":"Book of Stabbing","floor":23,"turns":6},{"damage":16,"enemies":"Snake Plant","floor":24,"turns":1}],"seed_played":"4499329643107907078","potions_obtained":[{"floor":1,"key":"SpeedPotion"},{"floor":2,"key":"Poison Potion"},{"floor":14,"key":"Regen Potion"},{"floor":23,"key":"PowerPotion"}],"is_trial":false,"path_per_floor":["M","M","?","T","M","R","E","?","T","E","T","?","$","M","R","B",null,"M","$","?","M","?","E","M"],"character_chosen":"DEFECT","items_purchased":["PrismaticShard","Mummified Hand","Self Repair","FTL"],"campfire_rested":0,"item_purchase_floors":[13,13,19,19],"current_hp_per_floor":[70,70,52,52,53,53,39,28,28,10,10,10,10,12,12,26,75,54,54,33,42,42,13,0],"gold":258,"neow_bonus":"RANDOM_COMMON_RELIC","is_prod":false,"is_daily":false,"chose_seed":false,"campfire_upgraded":2,"win_rate":0,"timestamp":1549936862,"path_taken":["M","M","?","?","?","R","E","?","T","E","?","?","$","?","R","BOSS","M","$","?","?","?","E","M"],"build_version":"2019-01-23","purchased_purges":1,"victory":false,"max_hp_per_floor":[75,75,75,75,75,75,75,75,75,75,75,75,75,75,75,75,75,75,75,75,75,75,75,75],"card_choices":[{"not_picked":["Force Field","Coolheaded"],"picked":"White Noise","floor":1},{"not_picked":["Turbo","Barrage"],"picked":"Ball Lightning","floor":2},{"not_picked":["Leap","Hologram"],"picked":"Go for the Eyes","floor":5},{"not_picked":["Reprogram","Steam"],"picked":"Machine Learning","floor":7},{"not_picked":["Beam Cell","Coolheaded"],"picked":"Cold Snap","floor":10},{"not_picked":["Leap","Cold Snap"],"picked":"Ball Lightning","floor":14},{"not_picked":["Master of Strategy","Berserk"],"picked":"Seek","floor":16},{"not_picked":["Deadly Poison","Riddle With Holes+1"],"picked":"Blur+1","floor":18},{"not_picked":["Gash","Rebound","Cold Snap"],"picked":"SKIP","floor":21},{"not_picked":["Storm","Turbo"],"picked":"Mayhem","floor":23}],"player_experience":57349,"relics_obtained":[{"floor":4,"key":"Blood Vial"},{"floor":7,"key":"Bronze Scales"},{"floor":9,"key":"Kunai"},{"floor":10,"key":"Bag of Preparation"},{"floor":11,"key":"Happy Flower"},{"floor":23,"key":"Frozen Egg 2"},{"floor":23,"key":"Question Card"}],"event_choices":[{"damage_healed":0,"gold_gain":0,"player_choice":"Take Damage","damage_taken":18,"relics_obtained":["Golden Idol"],"max_hp_gain":0,"max_hp_loss":0,"event_name":"Golden Idol","floor":3,"gold_loss":0},{"damage_healed":0,"gold_gain":75,"player_choice":"Gather Gold","damage_taken":11,"max_hp_gain":0,"max_hp_loss":0,"event_name":"World of Goop","floor":8,"gold_loss":0},{"damage_healed":0,"gold_gain":100,"player_choice":"Pray","damage_taken":0,"max_hp_gain":0,"max_hp_loss":0,"event_name":"Golden Shrine","floor":12,"gold_loss":0},{"damage_healed":0,"gold_gain":180,"player_choice":"GOLD GOLD ","damage_taken":21,"max_hp_gain":0,"max_hp_loss":0,"event_name":"Knowing Skull","floor":20,"potions_obtained":[],"gold_loss":0,"cards_obtained":[]},{"damage_healed":0,"gold_gain":0,"player_choice":"Forge","damage_taken":0,"max_hp_gain":0,"max_hp_loss":0,"event_name":"Accursed Blacksmith","floor":22,"gold_loss":0,"cards_upgraded":["Seek"]}],"is_beta":false,"boss_relics":[{"not_picked":["Lizard Tail","Calling Bell"],"picked":"Black Star"}],"items_purged_floors":[19],"is_endless":false,"potions_floor_spawned":[1,2,14,23],"killed_by":"Snake Plant","ascension_level":4}