{"gold_per_floor":[109,18,93,93,93,118,135,165,165,165,177,177,177,25,25,130,130,144,2,15,15,30,30,61,61,61,73,73,73,73,73,73,174,174,193,193,37,92,92,92,123,3,72,72,107,107,119,136,136,136],"floor_reached":51,"playtime":2304,"items_purged":["Shame"],"score":1276,"play_id":"b39969ba-c402-489b-8ecb-78c5d4b2f39a","local_time":"20190315173140","is_ascension_mode":true,"campfire_choices":[{"floor":10,"key":"REST"},{"data":"Consume","floor":13,"key":"SMITH"},{"data":"Zap","floor":15,"key":"SMITH"},{"data":"Seek","floor":23,"key":"SMITH"},{"data":"Capacitor","floor":25,"key":"SMITH"},{"data":"Discovery","floor":29,"key":"SMITH"},{"data":"Self Repair","floor":32,"key":"SMITH"},{"data":"Loop","floor":40,"key":"SMITH"},{"floor":49,"key":"REST"}],"neow_cost":"NONE","seed_source_timestamp":169709534306815,"circlet_count":0,"master_deck":["AscendersBane","Defend_B","Defend_B","Defend_B","Defend_B","Zap+1","Consume+1","Ball Lightning+1","Coolheaded","Glacier","Self Repair+1","Blizzard+1","Seek+1","Genetic Algorithm+1","Discovery+1","Coolheaded","Compile Driver+1","Capacitor+1","Undo","FTL+1","Coolheaded","Doubt","Reinforced Body+1","Echo Form","Hologram+1","Recycle+1","Enlightenment+1","Bandage Up","Loop+1","Cold Snap+1","Meteor Strike+1","Defragment","Clumsy","Seek","Steam+1","Parasite"],"relics":["Cracked Core","NeowsBlessing","Molten Egg 2","Pocketwatch","Bag of Preparation","Pantograph","Cursed Key","Potion Belt","Pear","Anchor","Astrolabe","Unceasing Top","The Courier","Ornamental Fan","Darkstone Periapt"],"potions_floor_usage":[20,24,35,45,45],"damage_taken":[{"damage":0,"enemies":"2 Louse","floor":1,"turns":1},{"damage":0,"enemies":"Lagavulin","floor":6,"turns":1},{"damage":0,"enemies":"Small Slimes","floor":7,"turns":1},{"damage":26,"enemies":"3 Sentries","floor":8,"turns":9},{"damage":0,"enemies":"Cultist","floor":11,"turns":3},{"damage":13,"enemies":"Slime Boss","floor":16,"turns":9},{"damage":0,"enemies":"Spheric Guardian","floor":18,"turns":3},{"damage":8,"enemies":"3 Byrds","floor":20,"turns":4},{"damage":0,"enemies":"Centurion and Healer","floor":22,"turns":6},{"damage":6,"enemies":"Book of Stabbing","floor":24,"turns":6},{"damage":12,"enemies":"Sentry and Sphere","floor":27,"turns":6},{"damage":0,"enemies":"Champ","floor":33,"turns":21},{"damage":12,"enemies":"Orb Walker","floor":35,"turns":6},{"damage":82,"enemies":"2 Orb Walkers","floor":38,"turns":9},{"damage":31,"enemies":"Giant Head","floor":41,"turns":10},{"damage":38,"enemies":"Reptomancer","floor":45,"turns":9},{"damage":28,"enemies":"3 Darklings","floor":47,"turns":7},{"damage":15,"enemies":"Writhing Mass","floor":48,"turns":7},{"damage":71,"enemies":"Awakened One","floor":50,"turns":18}],"seed_played":"2303857018217718317","potions_obtained":[{"floor":1,"key":"Ancient Potion"},{"floor":8,"key":"FairyPotion"},{"floor":11,"key":"GamblersBrew"},{"floor":20,"key":"SpeedPotion"},{"floor":24,"key":"Block Potion"},{"floor":41,"key":"GamblersBrew"}],"is_trial":false,"path_per_floor":["M","$","?","?","?","E","M","E","T","R","M","?","R","$","R","B",null,"M","$","M","?","M","R","E","R","T","M","$","R","?","?","R","B",null,"M","?","$","?","?","R","E","$","T","?","E","?","M","M","R","B",null],"character_chosen":"DEFECT","items_purchased":["Bandage Up","Self Repair","Blizzard+1","Discovery","Coolheaded","Loop","Double Energy","Defragment"],"campfire_rested":2,"item_purchase_floors":[2,14,14,19,19,37,42,42],"current_hp_per_floor":[68,68,57,45,45,45,45,23,23,45,49,42,42,42,42,65,73,75,75,74,74,75,75,75,75,85,80,80,80,80,80,80,85,85,85,85,85,17,74,74,63,63,63,63,39,39,25,40,62,19],"gold":136,"neow_bonus":"THREE_ENEMY_KILL","is_prod":false,"is_daily":false,"chose_seed":false,"campfire_upgraded":7,"win_rate":0,"timestamp":1552685500,"path_taken":["M","$","?","?","?","E","?","E","T","R","M","?","R","$","R","BOSS","M","$","M","?","M","R","E","R","T","M","$","R","?","?","R","BOSS","M","?","$","?","?","R","E","$","T","?","E","?","?","M","R","BOSS"],"build_version":"2019-01-23","purchased_purges":1,"victory":true,"max_hp_per_floor":[75,75,75,75,75,75,75,75,75,75,75,75,75,75,75,75,75,75,75,75,75,75,75,75,75,85,85,85,85,85,85,85,85,85,85,85,85,85,74,74,74,74,74,70,70,70,70,76,76,76],"card_choices":[{"not_picked":["Go for the Eyes","Beam Cell"],"picked":"Consume","floor":1},{"not_picked":["Chaos","Loop"],"picked":"Ball Lightning+1","floor":6},{"not_picked":["Stack","Go for the Eyes+1"],"picked":"Coolheaded","floor":7},{"not_picked":["Tempest","Auto Shields"],"picked":"Glacier","floor":8},{"not_picked":["Sweeping Beam+1","Fusion","Barrage+1"],"picked":"SKIP","floor":11},{"not_picked":["Meteor Strike+1","Reboot"],"picked":"Seek","floor":16},{"not_picked":["Turbo+1","Go for the Eyes+1"],"picked":"Genetic Algorithm+1","floor":18},{"not_picked":["Coolheaded","Streamline+1"],"picked":"Compile Driver+1","floor":20},{"not_picked":["Beam Cell+1","Go for the Eyes+1"],"picked":"FTL+1","floor":22},{"not_picked":["Melter+1","Beam Cell+1"],"picked":"Coolheaded","floor":24},{"not_picked":["Sweeping Beam+1","Streamline+1"],"picked":"Reinforced Body+1","floor":27},{"not_picked":["Meteor Strike+1","Amplify"],"picked":"Echo Form","floor":33},{"not_picked":["Reprogram+1","Conserve Battery","Hello World"],"picked":"SKIP","floor":35},{"not_picked":["PanicButton","Mind Blast+1"],"picked":"Bandage Up","floor":36},{"not_picked":["Reinforced Body+1","Redo"],"picked":"Cold Snap+1","floor":38},{"not_picked":["Tempest+1","Beam Cell+1"],"picked":"Meteor Strike+1","floor":41},{"not_picked":["Sweeping Beam+1","Redo"],"picked":"Seek","floor":45},{"not_picked":["Darkness","Hologram+1"],"picked":"Steam+1","floor":47},{"not_picked":["Rebound+1","Darkness+1","Conserve Battery"],"picked":"SKIP","floor":48}],"player_experience":188385,"relics_obtained":[{"floor":6,"key":"Pocketwatch"},{"floor":8,"key":"Bag of Preparation"},{"floor":9,"key":"Pantograph"},{"floor":24,"key":"Potion Belt"},{"floor":26,"key":"Pear"},{"floor":38,"key":"Unceasing Top"},{"floor":41,"key":"The Courier"},{"floor":43,"key":"Ornamental Fan"},{"floor":45,"key":"Darkstone Periapt"}],"event_choices":[{"damage_healed":0,"gold_gain":75,"player_choice":"Gather Gold","damage_taken":11,"max_hp_gain":0,"max_hp_loss":0,"event_name":"World of Goop","floor":3,"gold_loss":0},{"damage_healed":0,"gold_gain":0,"player_choice":"Success","damage_taken":12,"relics_obtained":["Molten Egg 2"],"max_hp_gain":0,"max_hp_loss":0,"event_name":"Scrap Ooze","floor":4,"gold_loss":0},{"damage_healed":0,"gold_gain":0,"player_choice":"Bought 0 Potions","damage_taken":0,"max_hp_gain":0,"max_hp_loss":0,"event_name":"The Woman in Blue","floor":5,"gold_loss":0},{"cards_removed":["Strike_B"],"damage_healed":0,"gold_gain":0,"player_choice":"Card Removal","damage_taken":7,"max_hp_gain":0,"max_hp_loss":0,"event_name":"Golden Wing","floor":12,"gold_loss":0},{"damage_healed":0,"gold_gain":0,"cards_transformed":["Strike_B","Strike_B"],"player_choice":"Became Test Subject","damage_taken":0,"max_hp_gain":0,"max_hp_loss":0,"event_name":"Drug Dealer","floor":21,"gold_loss":0,"cards_obtained":["Capacitor","Undo"]},{"damage_healed":0,"gold_gain":0,"player_choice":"Stole Relic","damage_taken":0,"relics_obtained":["Anchor"],"max_hp_gain":0,"max_hp_loss":0,"event_name":"Addict","floor":30,"gold_loss":0,"cards_obtained":["Shame"]},{"damage_healed":0,"gold_gain":0,"player_choice":"Ignored","damage_taken":0,"max_hp_gain":0,"max_hp_loss":0,"event_name":"Ghosts","floor":31,"gold_loss":0},{"damage_healed":0,"gold_gain":0,"player_choice":"Memory 1","damage_taken":0,"max_hp_gain":0,"max_hp_loss":0,"event_name":"SensoryStone","floor":36,"gold_loss":0},{"damage_healed":0,"gold_gain":0,"player_choice":"Fight","damage_taken":0,"max_hp_gain":0,"max_hp_loss":0,"event_name":"Mysterious Sphere","floor":38,"gold_loss":0},{"damage_healed":74,"gold_gain":0,"player_choice":"Heal","damage_taken":0,"max_hp_gain":0,"max_hp_loss":11,"event_name":"The Moai Head","floor":39,"gold_loss":0},{"damage_healed":0,"gold_gain":0,"player_choice":"Max HP","damage_taken":0,"max_hp_gain":0,"max_hp_loss":4,"event_name":"Winding Halls","floor":44,"gold_loss":0},{"cards_removed":["Double Energy"],"damage_healed":0,"gold_gain":0,"player_choice":"Removed Skill","damage_taken":0,"max_hp_gain":0,"max_hp_loss":0,"event_name":"Falling","floor":46,"gold_loss":0}],"is_beta":false,"boss_relics":[{"not_picked":["Coffee Dripper","Pandora\u0027s Box"],"picked":"Cursed Key"},{"not_picked":["Lizard Tail","Runic Dome"],"picked":"Astrolabe"}],"items_purged_floors":[37],"is_endless":false,"potions_floor_spawned":[1,8,11,20,22,24,41],"ascension_level":11}