{"gold_per_floor":[119,294,244,244,262,262,305,330,400,400,418,418,456,408,408,533,533,551,412,412,426,22,22,55,74,99,99,21,21,35,76,76,76],"floor_reached":33,"playtime":796,"items_purged":["Strike_R"],"score":506,"play_id":"7a0594c9-155d-489e-8331-a530416ea654","local_time":"20190316195814","is_ascension_mode":true,"campfire_choices":[{"data":"Bash","floor":6,"key":"SMITH"},{"data":"Double Tap","floor":10,"key":"SMITH"},{"data":"Flame Barrier","floor":12,"key":"SMITH"},{"data":"Headbutt","floor":15,"key":"SMITH"},{"data":"Searing Blow+1","floor":23,"key":"SMITH"},{"floor":27,"key":"REST"},{"floor":32,"key":"REST"}],"neow_cost":"NONE","seed_source_timestamp":266434600911131,"circlet_count":0,"master_deck":["AscendersBane","Strike_R","Defend_R","Defend_R","Defend_R","Defend_R","Bash+1","Flame Barrier+1","Shrug It Off","Double Tap+1","Headbutt+1","Ghostly Armor","Shrug It Off","Juggernaut","Double Tap+1","Dual Wield+1","Infernal Blade+1","Immolate","Searing Blow+2","Inflame","Evolve+1","Whirlwind+1","Inflame","Iron Wave+1"],"relics":["Burning Blood","NeowsBlessing","Golden Idol","Strawberry","Mercury Hourglass","Ancient Tea Set","Astrolabe","Molten Egg 2","Mummified Hand","Omamori","Lantern","Meat on the Bone","Dodecahedron"],"potions_floor_usage":[13,16,16,24,31,33],"damage_taken":[{"damage":0,"enemies":"Jaw Worm","floor":1,"turns":1},{"damage":0,"enemies":"Cultist","floor":5,"turns":1},{"damage":0,"enemies":"3 Sentries","floor":7,"turns":2},{"damage":6,"enemies":"2 Louse","floor":8,"turns":4},{"damage":0,"enemies":"2 Fungi Beasts","floor":11,"turns":2},{"damage":10,"enemies":"Gremlin Nob","floor":13,"turns":3},{"damage":70,"enemies":"Hexaghost","floor":16,"turns":11},{"damage":3,"enemies":"Chosen","floor":18,"turns":3},{"damage":14,"enemies":"Spheric Guardian","floor":21,"turns":4},{"damage":57,"enemies":"Book of Stabbing","floor":24,"turns":6},{"damage":0,"enemies":"3 Cultists","floor":25,"turns":3},{"damage":0,"enemies":"Snecko","floor":30,"turns":3},{"damage":34,"enemies":"Slavers","floor":31,"turns":4},{"damage":68,"enemies":"Automaton","floor":33,"turns":8}],"seed_played":"113871769172503282","potions_obtained":[{"floor":1,"key":"SteroidPotion"},{"floor":5,"key":"GamblersBrew"},{"floor":16,"key":"SteroidPotion"},{"floor":21,"key":"Strength Potion"},{"floor":24,"key":"Block Potion"}],"is_trial":false,"path_per_floor":["M","?","?","?","M","R","E","M","T","R","M","R","E","$","R","B",null,"M","$","T","M","$","R","E","M","T","R","$","?","M","E","R","B"],"character_chosen":"IRONCLAD","items_purchased":["PowerPotion","Immolate","Mummified Hand","Inflame","Inflame"],"campfire_rested":2,"item_purchase_floors":[14,19,22,22,28],"current_hp_per_floor":[78,78,78,74,74,74,81,81,81,81,81,81,77,77,77,13,64,67,67,67,59,59,59,8,14,14,38,38,38,56,40,64,0],"gold":76,"neow_bonus":"THREE_ENEMY_KILL","is_prod":false,"is_daily":false,"chose_seed":false,"campfire_upgraded":5,"win_rate":0,"timestamp":1552780694,"path_taken":["M","?","?","?","?","R","E","M","T","R","M","R","E","$","R","BOSS","M","$","?","M","$","R","E","?","T","R","?","?","M","E","R","BOSS"],"build_version":"2019-01-23","purchased_purges":1,"victory":false,"max_hp_per_floor":[80,80,80,74,74,74,81,81,81,81,81,81,81,81,81,81,81,81,81,81,81,81,81,81,81,81,81,81,81,81,81,81,81],"card_choices":[{"not_picked":["Searing Blow","Clash"],"picked":"Flame Barrier","floor":1},{"not_picked":["Twin Strike","Anger"],"picked":"Shrug It Off","floor":5},{"not_picked":["Infernal Blade","Cleave"],"picked":"Double Tap","floor":7},{"not_picked":["Thunderclap","Iron Wave"],"picked":"Headbutt","floor":8},{"not_picked":["Perfected Strike","Thunderclap"],"picked":"Ghostly Armor","floor":11},{"not_picked":["Pummel","Wild Strike"],"picked":"Shrug It Off","floor":13},{"not_picked":["Offering","Limit Break"],"picked":"Juggernaut","floor":16},{"not_picked":["Pommel Strike+1","True Grit","Sword Boomerang"],"picked":"SKIP","floor":18},{"not_picked":["Wild Strike+1","True Grit"],"picked":"Searing Blow+1","floor":21},{"not_picked":["Hemokinesis+1","Sentinel"],"picked":"Evolve+1","floor":24},{"not_picked":["Sever Soul+1","Rupture"],"picked":"Whirlwind+1","floor":25},{"not_picked":["True Grit","Clash+1"],"picked":"Iron Wave+1","floor":30},{"not_picked":["Wild Strike+1","Flex","Corruption"],"picked":"SKIP","floor":31}],"player_experience":192749,"relics_obtained":[{"floor":7,"key":"Strawberry"},{"floor":9,"key":"Mercury Hourglass"},{"floor":13,"key":"Ancient Tea Set"},{"floor":20,"key":"Molten Egg 2"},{"floor":24,"key":"Omamori"},{"floor":26,"key":"Lantern"},{"floor":31,"key":"Dodecahedron"}],"event_choices":[{"damage_healed":0,"gold_gain":175,"player_choice":"AGREE","damage_taken":0,"max_hp_gain":0,"max_hp_loss":0,"event_name":"Liars Game","floor":2,"gold_loss":0,"cards_obtained":["Doubt"]},{"cards_removed":["Doubt"],"damage_healed":0,"gold_gain":0,"player_choice":"Card Removal","damage_taken":0,"max_hp_gain":0,"max_hp_loss":0,"event_name":"The Cleric","floor":3,"gold_loss":50},{"damage_healed":0,"gold_gain":0,"player_choice":"Lose Max HP","damage_taken":0,"relics_obtained":["Golden Idol"],"max_hp_gain":0,"max_hp_loss":6,"event_name":"Golden Idol","floor":4,"gold_loss":0},{"damage_healed":0,"gold_gain":0,"player_choice":"Opened","damage_taken":0,"relics_obtained":["Meat on the Bone"],"max_hp_gain":0,"max_hp_loss":0,"event_name":"The Mausoleum","floor":29,"gold_loss":0}],"is_beta":false,"boss_relics":[{"not_picked":["Calling Bell","Velvet Choker"],"picked":"Astrolabe"}],"items_purged_floors":[22],"is_endless":false,"potions_floor_spawned":[1,5,16,21,24,30],"killed_by":"Automaton","ascension_level":12}