{"gold_per_floor":[113,123,134,145,145,173,173,186,186,220,236,161,161,190,190,292,292,303,203,232,247,247,274,284,299,299,6,17,32,131,145,145,240,240,254,254,270,289,299,299,311,311,363,395,245,245,70,70,70,70],"floor_reached":50,"playtime":10625,"items_purged":["Strike_G","Strike_G","Doubt","Parasite","Parasite"],"score":593,"play_id":"3c5840c3-ae77-41fc-9f0c-5b17ade6e86e","local_time":"20190705222613","is_ascension_mode":true,"campfire_choices":[{"data":"Neutralize","floor":7.0,"key":"SMITH"},{"data":"Footwork","floor":15.0,"key":"SMITH"},{"data":"Night Terror","floor":32,"key":"SMITH"},{"floor":40,"key":"REST"},{"floor":42,"key":"REST"},{"floor":46,"key":"REST"},{"floor":49,"key":"RECALL"}],"neow_cost":"NONE","seed_source_timestamp":0,"circlet_count":0,"master_deck":["Defend_G","Defend_G","Defend_G","Defend_G","Survivor","Neutralize+1","Footwork+1","All Out Attack","Dagger Spray","Flying Knee+1","Backflip","Backstab+1","PiercingWail","Well Laid Plans","Night Terror+1","Cloak And Dagger","Backstab+1","Skewer+1","Backflip+1","Panache","Finisher+1","Adrenaline","Catalyst+1","Underhanded Strike+1","Finisher+1","Crippling Poison","Glass Knife"],"special_seed":0,"relics":["Ring of the Snake","Bag of Marbles","Pear","Blood Vial","Vajra","Matryoshka","Cursed Key","Red Mask","Nilry\u0027s Codex","Sundial","Regal Pillow","Astrolabe","Centennial Puzzle","Omamori","Whetstone"],"potions_floor_usage":[33,33,33,39,50,50],"damage_taken":[{"damage":0.0,"enemies":"2 Louse","floor":1.0,"turns":2.0},{"damage":2.0,"enemies":"Jaw Worm","floor":2.0,"turns":5.0},{"damage":0.0,"enemies":"Small Slimes","floor":3.0,"turns":3.0},{"damage":0.0,"enemies":"Looter","floor":4.0,"turns":5.0},{"damage":20.0,"enemies":"3 Sentries","floor":6.0,"turns":7.0},{"damage":6.0,"enemies":"Red Slaver","floor":8.0,"turns":3.0},{"damage":27.0,"enemies":"Gremlin Nob","floor":10.0,"turns":5.0},{"damage":0.0,"enemies":"Lots of Slimes","floor":11.0,"turns":3.0},{"damage":2.0,"enemies":"3 Sentries","floor":14.0,"turns":6.0},{"damage":5.0,"enemies":"The Guardian","floor":16.0,"turns":16.0},{"damage":6.0,"enemies":"Spheric Guardian","floor":18.0,"turns":3.0},{"damage":0.0,"enemies":"Masked Bandits","floor":20.0,"turns":2.0},{"damage":0.0,"enemies":"3 Byrds","floor":21.0,"turns":2.0},{"damage":9.0,"enemies":"Book of Stabbing","floor":23.0,"turns":5.0},{"damage":3.0,"enemies":"Cultist and Chosen","floor":24.0,"turns":6.0},{"damage":0.0,"enemies":"Snecko","floor":25.0,"turns":2.0},{"damage":0.0,"enemies":"Centurion and Healer","floor":28.0,"turns":3.0},{"damage":0.0,"enemies":"3 Cultists","floor":29.0,"turns":3.0},{"damage":0.0,"enemies":"Snake Plant","floor":31.0,"turns":1.0},{"damage":14,"enemies":"Collector","floor":33,"turns":6},{"damage":0,"enemies":"3 Darklings","floor":35,"turns":2},{"damage":0,"enemies":"Orb Walker","floor":37,"turns":2},{"damage":52,"enemies":"Writhing Mass","floor":38,"turns":8},{"damage":0,"enemies":"Jaw Worm Horde","floor":39,"turns":2},{"damage":52,"enemies":"Transient","floor":41,"turns":5},{"damage":26,"enemies":"Giant Head","floor":44,"turns":7},{"damage":82,"enemies":"Awakened One","floor":50,"turns":13}],"seed_played":"372176940532541869","potions_obtained":[{"floor":1.0,"key":"Regen Potion"},{"floor":2.0,"key":"LiquidBronze"},{"floor":8.0,"key":"Weak Potion"},{"floor":10.0,"key":"Swift Potion"},{"floor":18.0,"key":"PowerPotion"},{"floor":24.0,"key":"Energy Potion"},{"floor":28.0,"key":"Fire Potion"},{"floor":29.0,"key":"AttackPotion"},{"floor":35,"key":"Ancient Potion"},{"floor":38,"key":"AttackPotion"},{"floor":39,"key":"Energy Potion"},{"floor":44,"key":"Poison Potion"}],"is_trial":false,"path_per_floor":["M","M","M","M","?","E","R","M","T","E","M","$","?","E","R","B",null,"M","$","?","M","?","E","M","M","T","$","M","M","?","M","R","B",null,"M","?","M","M","M","R","M","R","T","E","$","R","$","?","R","B"],"character_chosen":"THE_SILENT","items_purchased":["Panache"],"campfire_rested":3,"item_purchase_floors":[27],"current_hp_per_floor":[70,68,68,68,73,75,75,69,69,44,46,46,46,46,46,43,85,79,79,81,83,67,60,59,61,61,61,63,65,65,67,67,55,85,85,85,85,33,35,75,25,65,65,41,41,80,79,75,75,0],"gold":70,"neow_bonus":"RANDOM_COMMON_RELIC","is_prod":false,"is_daily":false,"chose_seed":false,"campfire_upgraded":3,"win_rate":1,"timestamp":1562390773,"path_taken":["M","M","M","M","?","E","R","M","T","E","M","$","?","E","R","BOSS","BOSS","M","$","?","M","?","E","M","M","T","$","M","M","?","M","R","BOSS","M","?","M","M","M","R","?","R","T","E","?","R","$","?","R","BOSS"],"build_version":"2019-07-05","purchased_purges":5,"victory":false,"max_hp_per_floor":[70,70,70,70,75,85,85,85,85,85,85,85,85,85,85,85,85,85,85,85,85,85,85,85,85,85,85,85,85,85,85,85,85,85,85,85,85,85,85,85,85,85,85,85,82,82,79,75,75,75],"card_choices":[{"not_picked":["Catalyst","Cloak And Dagger"],"picked":"Footwork","floor":1.0},{"not_picked":["Dagger Throw","Deflect"],"picked":"All Out Attack","floor":2.0},{"not_picked":["Reflex","PiercingWail"],"picked":"Dagger Spray","floor":3.0},{"not_picked":["Masterful Stab","Deflect"],"picked":"Flying Knee","floor":4.0},{"not_picked":["Distraction","Bane","Choke"],"picked":"SKIP","floor":6.0},{"not_picked":["Distraction","Bane","Choke"],"picked":"SKIP","floor":6.0},{"not_picked":["Distraction","Flying Knee"],"picked":"Backflip","floor":8.0},{"not_picked":["Heel Hook","Calculated Gamble"],"picked":"Backstab","floor":10.0},{"not_picked":["Slice","Flying Knee"],"picked":"PiercingWail","floor":11.0},{"not_picked":["Storm of Steel","Accuracy","Prepared"],"picked":"SKIP","floor":14.0},{"not_picked":["Unload","Bullet Time"],"picked":"Night Terror","floor":16.0},{"not_picked":["PiercingWail+1","Outmaneuver+1"],"picked":"Cloak And Dagger","floor":18.0},{"not_picked":["Poisoned Stab+1","Slice"],"picked":"Backstab+1","floor":21.0},{"not_picked":["Bane","Die Die Die","Infinite Blades"],"picked":"SKIP","floor":23.0},{"not_picked":["Cloak And Dagger","Dagger Spray"],"picked":"Skewer+1","floor":24.0},{"not_picked":["PiercingWail","Reflex"],"picked":"Backflip+1","floor":25.0},{"not_picked":["Skewer","Predator+1"],"picked":"Finisher+1","floor":28.0},{"not_picked":["Dagger Throw","Underhanded Strike","Heel Hook+1"],"picked":"SKIP","floor":29.0},{"not_picked":["Riddle With Holes+1","PiercingWail","Blade Dance+1"],"picked":"SKIP","floor":31.0},{"not_picked":["Corpse Explosion","Glass Knife"],"picked":"Adrenaline","floor":33},{"not_picked":["Outmaneuver","Escape Plan+1"],"picked":"Crippling Poison","floor":35},{"not_picked":["Bouncing Flask+1","Crippling Poison+1","Quick Slash+1"],"picked":"SKIP","floor":37},{"not_picked":["Dodge and Roll+1","Deadly Poison","Sucker Punch+1"],"picked":"SKIP","floor":38},{"not_picked":["Prepared","Dagger Throw+1","Flying Knee+1"],"picked":"SKIP","floor":39},{"not_picked":["Choke+1","Crippling Poison","Bane"],"picked":"SKIP","floor":41},{"not_picked":["Bane+1","PiercingWail"],"picked":"Glass Knife","floor":44}],"player_experience":172189,"relics_obtained":[{"floor":6.0,"key":"Pear"},{"floor":9.0,"key":"Blood Vial"},{"floor":10.0,"key":"Vajra"},{"floor":14.0,"key":"Matryoshka"},{"floor":20.0,"key":"Red Mask"},{"floor":22.0,"key":"Nilry\u0027s Codex"},{"floor":23.0,"key":"Sundial"},{"floor":26.0,"key":"Regal Pillow"},{"floor":43,"key":"Centennial Puzzle"},{"floor":43,"key":"Omamori"},{"floor":44,"key":"Whetstone"}],"event_choices":[{"damage_healed":0.0,"max_hp_gain":5.0,"max_hp_loss":0.0,"gold_gain":0.0,"event_name":"Big Fish","player_choice":"Donut","floor":5.0,"gold_loss":0.0,"damage_taken":0.0},{"damage_healed":0.0,"max_hp_gain":0.0,"max_hp_loss":0.0,"gold_gain":0.0,"cards_transformed":["Strike_G"],"event_name":"Living Wall","player_choice":"Change","floor":13.0,"gold_loss":0.0,"damage_taken":0.0,"cards_obtained":["Well Laid Plans"]},{"damage_healed":0.0,"max_hp_gain":0.0,"max_hp_loss":0.0,"gold_gain":0.0,"event_name":"Masked Bandits","player_choice":"Fought Bandits","floor":20.0,"gold_loss":0.0,"damage_taken":0.0},{"damage_healed":0.0,"max_hp_gain":0.0,"max_hp_loss":0.0,"gold_gain":0.0,"event_name":"Cursed Tome","player_choice":"Obtained Book","floor":22.0,"gold_loss":0.0,"damage_taken":16.0},{"damage_healed":0.0,"max_hp_gain":0.0,"max_hp_loss":0.0,"gold_gain":99.0,"event_name":"Nest","player_choice":"Stole From Cult","floor":30.0,"gold_loss":0.0,"damage_taken":0.0},{"damage_healed":0,"gold_gain":0,"player_choice":"Ignored","damage_taken":0,"max_hp_gain":0,"max_hp_loss":0,"event_name":"SecretPortal","floor":36,"gold_loss":0},{"damage_healed":0,"gold_gain":0,"player_choice":"Max HP","damage_taken":0,"max_hp_gain":0,"max_hp_loss":4,"event_name":"Winding Halls","floor":48,"gold_loss":0}],"is_beta":false,"boss_relics":[{"not_picked":["Philosopher\u0027s Stone","Runic Pyramid"],"picked":"Cursed Key"},{"not_picked":["HoveringKite","Busted Crown"],"picked":"Astrolabe"}],"items_purged_floors":[12,19,27,45,47],"is_endless":false,"potions_floor_spawned":[1,2,8,10,18,24,28,29,31,35,38,39,44],"killed_by":"Awakened One","ascension_level":3}