{"gold_per_floor":[112,187,206,60,71,100,100,119,119,130,95,95,124,136,136,232,232,245,215,165,165],"floor_reached":21,"playtime":830,"items_purged":["Strike_R"],"score":239,"play_id":"1baa32e9-7621-46fa-a7a9-75f2304fe8a4","local_time":"20190822195400","is_ascension_mode":true,"campfire_choices":[{"data":"Armaments","floor":7,"key":"SMITH"},{"data":"Perfected Strike","floor":12,"key":"SMITH"},{"floor":15,"key":"REST"}],"neow_cost":"NONE","seed_source_timestamp":4272963643836,"circlet_count":0,"master_deck":["Strike_R","Strike_R","Strike_R","Strike_R","Defend_R","Defend_R","Defend_R","Defend_R","Bash","Headbutt","Carnage","Perfected Strike+1","Evolve","Pommel Strike","Armaments+1","Seeing Red","Ghostly Armor","Havoc","Limit Break","Feed","Wild Strike+1","Power Through"],"relics":["Black Blood","Self Forming Clay","Ginger","StoneCalendar"],"potions_floor_usage":[10,19,19],"damage_taken":[{"damage":2,"enemies":"Jaw Worm","floor":1,"turns":3},{"damage":10,"enemies":"Small Slimes","floor":3,"turns":3},{"damage":6,"enemies":"Cultist","floor":5,"turns":3},{"damage":29,"enemies":"Gremlin Nob","floor":6,"turns":4},{"damage":18,"enemies":"Exordium Thugs","floor":8,"turns":4},{"damage":0,"enemies":"Blue Slaver","floor":10,"turns":2},{"damage":49,"enemies":"Lagavulin","floor":13,"turns":9},{"damage":8,"enemies":"Large Slime","floor":14,"turns":5},{"damage":12,"enemies":"Hexaghost","floor":16,"turns":8},{"damage":42,"enemies":"3 Byrds","floor":18,"turns":7},{"damage":36,"enemies":"2 Thieves","floor":19,"turns":5},{"damage":2,"enemies":"Centurion and Healer","floor":21,"turns":2}],"seed_played":"-5601563017504124520","potions_obtained":[{"floor":6,"key":"SkillPotion"},{"floor":10,"key":"SteroidPotion"},{"floor":16,"key":"SkillPotion"}],"is_trial":false,"path_per_floor":["M","?","M","$","M","E","R","M","T","M","?","R","E","M","R","B",null,"M","M","?","M"],"character_chosen":"IRONCLAD","items_purchased":["Evolve"],"campfire_rested":1,"item_purchase_floors":[4],"current_hp_per_floor":[80,69,65,65,65,42,42,30,30,36,56,56,13,11,35,29,67,38,12,12,10],"gold":165,"neow_bonus":"THREE_CARDS","is_prod":false,"is_daily":false,"chose_seed":false,"campfire_upgraded":2,"win_rate":0,"timestamp":1566471240,"path_taken":["M","?","M","$","M","E","R","M","T","M","?","R","E","M","R","BOSS","M","M","?","?"],"build_version":"2019-07-17","purchased_purges":1,"victory":false,"max_hp_per_floor":[80,80,80,80,80,80,80,80,80,80,80,80,80,80,80,80,80,83,83,83,83],"card_choices":[{"not_picked":["Wild Strike","Thunderclap"],"picked":"Headbutt","floor":0},{"not_picked":["Warcry","Twin Strike"],"picked":"Carnage","floor":1},{"not_picked":["Second Wind","Warcry"],"picked":"Perfected Strike","floor":3},{"not_picked":["Bloodletting","Anger"],"picked":"Pommel Strike","floor":5},{"not_picked":["Havoc","Cleave"],"picked":"Armaments","floor":6},{"not_picked":["Combust","Body Slam"],"picked":"Seeing Red","floor":8},{"not_picked":["Metallicize","Armaments"],"picked":"Ghostly Armor","floor":10},{"not_picked":["Armaments","Heavy Blade"],"picked":"Havoc","floor":13},{"not_picked":["Warcry","Headbutt"],"picked":"Limit Break","floor":14},{"not_picked":["Immolate","Barricade"],"picked":"Feed","floor":16},{"not_picked":["Spot Weakness","Body Slam"],"picked":"Wild Strike+1","floor":18},{"not_picked":["Clash","Wild Strike"],"picked":"Power Through","floor":19}],"player_experience":216044,"relics_obtained":[{"floor":6,"key":"Self Forming Clay"},{"floor":9,"key":"Ginger"},{"floor":13,"key":"StoneCalendar"}],"event_choices":[{"damage_healed":0,"gold_gain":75,"player_choice":"Gather Gold","damage_taken":11,"max_hp_gain":0,"max_hp_loss":0,"event_name":"World of Goop","floor":2,"gold_loss":0},{"damage_healed":20,"gold_gain":0,"player_choice":"Healed","damage_taken":0,"max_hp_gain":0,"max_hp_loss":0,"event_name":"The Cleric","floor":11,"gold_loss":35},{"damage_healed":0,"gold_gain":0,"player_choice":"Bet on Owner","damage_taken":0,"max_hp_gain":0,"max_hp_loss":0,"event_name":"The Joust","floor":20,"gold_loss":50}],"is_beta":false,"boss_relics":[{"not_picked":["Eternal Feather","Runic Pyramid"],"picked":"Black Blood"}],"items_purged_floors":[4],"is_endless":false,"potions_floor_spawned":[6,10,16],"killed_by":"Centurion and Healer","ascension_level":5}