{"gold_per_floor":[99,99,99,99,99,99,99,99,99,99,99,64,64,64,64,64],"floor_reached":16,"playtime":394,"items_purged":[],"score":224,"play_id":"9a08c67e-1ab6-4cdc-80ed-179d63752258","local_time":"20190830113645","is_ascension_mode":true,"campfire_choices":[{"data":"Defragment","floor":10,"key":"SMITH"},{"data":"Loop","floor":15,"key":"SMITH"}],"neow_cost":"NONE","seed_source_timestamp":1171642469581200,"circlet_count":0,"master_deck":["AscendersBane","Strike_B","Strike_B","Strike_B","Defend_B","Defend_B","Defend_B","Defend_B","Zap+1","Dualcast","Melter","Ball Lightning","Loop+1","Defragment+1","Coolheaded","Compile Driver","Conserve Battery"],"relics":["Ectoplasm","Golden Idol","Sundial","Blue Candle","Dodecahedron"],"potions_floor_usage":[6,11],"damage_taken":[{"damage":5,"enemies":"2 Louse","floor":1,"turns":3},{"damage":9,"enemies":"Jaw Worm","floor":2,"turns":3},{"damage":12,"enemies":"Small Slimes","floor":5,"turns":3},{"damage":8,"enemies":"Gremlin Nob","floor":6,"turns":3},{"damage":5,"enemies":"Gremlin Gang","floor":7,"turns":4},{"damage":10,"enemies":"3 Sentries","floor":8,"turns":6},{"damage":11,"enemies":"Lots of Slimes","floor":11,"turns":3},{"damage":2,"enemies":"2 Fungi Beasts","floor":14,"turns":3},{"damage":22,"enemies":"Slime Boss","floor":16,"turns":3}],"seed_played":"2684432468771362672","potions_obtained":[{"floor":1,"key":"Strength Potion"},{"floor":8,"key":"GamblersBrew"}],"is_trial":false,"path_per_floor":["M","M","?","?","M","E","M","E","T","R","M","?","?","M","R","B"],"character_chosen":"DEFECT","items_purchased":[],"campfire_rested":0,"item_purchase_floors":[],"current_hp_per_floor":[59,50,50,50,38,30,25,15,15,15,4,20,20,18,18,0],"gold":64,"neow_bonus":"BOSS_RELIC","is_prod":false,"is_daily":false,"chose_seed":false,"campfire_upgraded":2,"win_rate":0,"timestamp":1567179405,"path_taken":["M","M","?","?","M","E","M","E","T","R","M","?","?","?","R","BOSS"],"build_version":"2019-07-17","purchased_purges":0,"victory":false,"max_hp_per_floor":[71,71,71,64,64,64,64,64,64,64,64,64,64,64,64,64],"card_choices":[{"not_picked":["Conserve Battery","Redo"],"picked":"Melter","floor":1},{"not_picked":["Redo","Barrage"],"picked":"Ball Lightning","floor":2},{"not_picked":["Streamline","Rebound","Turbo"],"picked":"SKIP","floor":5},{"not_picked":["Barrage","Sweeping Beam"],"picked":"Loop","floor":6},{"not_picked":["Go for the Eyes","Heatsinks"],"picked":"Defragment","floor":7},{"not_picked":["Auto Shields","BootSequence"],"picked":"Coolheaded","floor":8},{"not_picked":["Hyperbeam","Gash"],"picked":"Compile Driver","floor":11},{"not_picked":["Rebound","Redo"],"picked":"Conserve Battery","floor":14}],"player_experience":614743,"relics_obtained":[{"floor":6,"key":"Sundial"},{"floor":8,"key":"Blue Candle"},{"floor":9,"key":"Dodecahedron"}],"event_choices":[{"damage_healed":0,"gold_gain":0,"player_choice":"Grow","damage_taken":0,"max_hp_gain":0,"max_hp_loss":0,"event_name":"Living Wall","floor":3,"gold_loss":0,"cards_upgraded":["Zap"]},{"damage_healed":0,"gold_gain":0,"player_choice":"Lose Max HP","damage_taken":0,"relics_obtained":["Golden Idol"],"max_hp_gain":0,"max_hp_loss":7,"event_name":"Golden Idol","floor":4,"gold_loss":0},{"damage_healed":16,"gold_gain":0,"player_choice":"Healed","damage_taken":0,"max_hp_gain":0,"max_hp_loss":0,"event_name":"The Cleric","floor":12,"gold_loss":35},{"cards_removed":["Strike_B"],"damage_healed":0,"gold_gain":0,"player_choice":"Purged","damage_taken":0,"max_hp_gain":0,"max_hp_loss":0,"event_name":"Purifier","floor":13,"gold_loss":0}],"is_beta":false,"boss_relics":[],"items_purged_floors":[],"is_endless":false,"potions_floor_spawned":[1,8],"killed_by":"Slime Boss","ascension_level":20}