{"gold_per_floor":[111,111,111,122,138,138,164,164,187,187,187,207,2,2,2,76,76,89,14,34,45,45,45,45,64,87,121,121,132,164,164,164,237,237,253,117,130,180,191,191,207,207,207],"floor_reached":43,"playtime":1974,"items_purged":["Strike_B"],"score":910,"play_id":"3451806d-f9ee-452a-aeb7-5cbeb4d4ab6b","local_time":"20190511152339","is_ascension_mode":true,"campfire_choices":[{"data":"Defragment","floor":6.0,"key":"SMITH"},{"data":"Consume","floor":8,"key":"SMITH"},{"data":"Zap","floor":10,"key":"SMITH"},{"data":"Loop","floor":15,"key":"SMITH"},{"data":"RitualDagger","floor":23,"key":"SMITH"},{"floor":28,"key":"REST"},{"floor":32,"key":"REST"},{"floor":40,"key":"REST"}],"neow_cost":"NONE","seed_source_timestamp":60757643617950,"circlet_count":0,"master_deck":["AscendersBane","Defend_B","Defend_B","Defend_B","Zap+1","Dualcast","Self Repair","Defragment+1","Cold Snap","Conserve Battery","Consume+1","Doom and Gloom","Loop+1","Ball Lightning","Core Surge","Redo+1","Go for the Eyes","Steam","Buffer","RitualDagger+1","Loop","Defragment","Biased Cognition","Conserve Battery+1","Defragment+1","Go for the Eyes+1","Fission","Coolheaded","Defragment","Loop+1","Self Repair+1","Reinforced Body+1","Self Repair+1"],"special_seed":0,"relics":["Cracked Core","NeowsBlessing","Anchor","DataDisk","FaceOfCleric","Runic Pyramid","Dream Catcher","Cables","Art of War","Inserter"],"potions_floor_usage":[7,27,33,37,39,43],"damage_taken":[{"damage":0.0,"enemies":"2 Louse","floor":1.0,"turns":1.0},{"damage":0.0,"enemies":"Cultist","floor":4.0,"turns":1.0},{"damage":0.0,"enemies":"Small Slimes","floor":5.0,"turns":1.0},{"damage":7,"enemies":"3 Sentries","floor":7,"turns":10},{"damage":14,"enemies":"Gremlin Gang","floor":12,"turns":5},{"damage":14,"enemies":"The Guardian","floor":16,"turns":8},{"damage":9,"enemies":"Shell Parasite","floor":18,"turns":5},{"damage":7,"enemies":"2 Thieves","floor":20,"turns":4},{"damage":3,"enemies":"Snecko","floor":21,"turns":4},{"damage":29,"enemies":"Snake Plant","floor":25,"turns":5},{"damage":15,"enemies":"Book of Stabbing","floor":27,"turns":6},{"damage":1,"enemies":"Centurion and Healer","floor":29,"turns":6},{"damage":54,"enemies":"Gremlin Leader","floor":30,"turns":5},{"damage":35,"enemies":"Automaton","floor":33,"turns":6},{"damage":51,"enemies":"3 Darklings","floor":35,"turns":4},{"damage":7,"enemies":"3 Shapes","floor":37,"turns":3},{"damage":8,"enemies":"Sphere and 2 Shapes","floor":39,"turns":4},{"damage":16,"enemies":"Spire Growth","floor":41,"turns":9},{"damage":38,"enemies":"Awakened One","floor":43,"turns":2}],"seed_played":"-8463404580909395839","potions_obtained":[{"floor":4.0,"key":"SkillPotion"},{"floor":5.0,"key":"EssenceOfSteel"},{"floor":16,"key":"LiquidBronze"},{"floor":21,"key":"FocusPotion"},{"floor":25,"key":"SpeedPotion"},{"floor":29,"key":"FearPotion"},{"floor":33,"key":"Explosive Potion"},{"floor":39,"key":"AttackPotion"}],"is_trial":false,"path_per_floor":["M","?","?","M","M","R","E","R","T","R","?","M","$","?","R","B",null,"M","?","M","M","?","R","$","M","T","E","R","M","E","?","R","B",null,"M","$","M","?","M","R","M","?","B"],"character_chosen":"DEFECT","items_purchased":["Loop","Ball Lightning","Defragment","SpeedPotion"],"campfire_rested":3,"item_purchase_floors":[13,13,36,36],"current_hp_per_floor":[64,57,57,64,64,64,64,64,64,64,64,57,57,57,57,51,67,66,66,67,65,59,59,59,38,38,31,54,61,15,15,38,4,61,18,18,12,12,5,29,31,31,0],"gold":207,"neow_bonus":"THREE_ENEMY_KILL","is_prod":false,"is_daily":false,"chose_seed":false,"campfire_upgraded":5,"win_rate":0,"timestamp":1557602619,"path_taken":["M","?","?","M","?","R","E","R","T","R","?","?","$","?","R","BOSS","M","?","M","?","?","R","$","M","T","E","R","M","E","?","R","BOSS","M","$","?","?","?","R","M","?","BOSS"],"build_version":"2019-01-23","purchased_purges":1,"victory":false,"max_hp_per_floor":[71,71,71,71,71,71,71,71,71,71,71,71,71,71,71,72,72,73,73,74,75,75,75,75,76,76,77,77,78,79,79,79,80,80,81,81,82,82,83,83,84,84,84],"card_choices":[{"not_picked":["Gash","Rebound"],"picked":"Self Repair","floor":1.0},{"not_picked":["Redo","Sweeping Beam"],"picked":"Cold Snap","floor":4.0},{"not_picked":["Beam Cell","Barrage"],"picked":"Conserve Battery","floor":5.0},{"not_picked":["Scrape","Chaos"],"picked":"Consume","floor":7},{"not_picked":["Steam Power","Rip and Tear"],"picked":"Doom and Gloom","floor":12},{"not_picked":["Rainbow","Buffer"],"picked":"Core Surge","floor":16},{"not_picked":["Ball Lightning+1","Rebound"],"picked":"Redo+1","floor":18},{"not_picked":["Turbo","Beam Cell","Rip and Tear"],"picked":"SKIP","floor":20},{"not_picked":["Storm","Genetic Algorithm"],"picked":"Buffer","floor":21},{"not_picked":["Auto Shields","Go for the Eyes","Force Field"],"picked":"SKIP","floor":25},{"not_picked":["Gash+1","Hologram"],"picked":"Loop","floor":27},{"not_picked":["Sweeping Beam","White Noise"],"picked":"Defragment","floor":28},{"not_picked":["Fusion","Stack"],"picked":"Biased Cognition","floor":29},{"not_picked":["Sweeping Beam","Stack"],"picked":"Conserve Battery+1","floor":30},{"not_picked":["Rebound","Undo"],"picked":"Go for the Eyes+1","floor":32},{"not_picked":["Meteor Strike","Buffer"],"picked":"Fission","floor":33},{"not_picked":["Stack+1","Hello World"],"picked":"Coolheaded","floor":35},{"not_picked":["Redo+1","Streamline"],"picked":"Loop+1","floor":37},{"not_picked":["Blizzard","Go for the Eyes"],"picked":"Self Repair+1","floor":39},{"not_picked":["Redo+1","Go for the Eyes+1"],"picked":"Reinforced Body+1","floor":40},{"not_picked":["Static Discharge","Hologram"],"picked":"Self Repair+1","floor":41}],"player_experience":353210,"relics_obtained":[{"floor":7,"key":"Anchor"},{"floor":9,"key":"DataDisk"},{"floor":26,"key":"Dream Catcher"},{"floor":27,"key":"Cables"},{"floor":30,"key":"Art of War"}],"event_choices":[{"cards_removed":["Strike_B"],"damage_healed":0.0,"max_hp_gain":0.0,"max_hp_loss":0.0,"gold_gain":0.0,"event_name":"Golden Wing","player_choice":"Card Removal","floor":2.0,"gold_loss":0.0,"damage_taken":7.0},{"damage_healed":0.0,"max_hp_gain":0.0,"max_hp_loss":0.0,"gold_gain":0.0,"event_name":"Match and Keep!","player_choice":"1 cards matched","floor":3.0,"gold_loss":0.0,"damage_taken":0.0,"cards_obtained":["Defragment"]},{"cards_removed":["Strike_B"],"damage_healed":0,"gold_gain":0,"player_choice":"Offered Basic","damage_taken":0,"max_hp_gain":0,"max_hp_loss":0,"event_name":"Bonfire Elementals","floor":11,"gold_loss":0},{"damage_healed":0,"gold_gain":0,"player_choice":"Trade","damage_taken":0,"relics_obtained":["FaceOfCleric"],"max_hp_gain":0,"max_hp_loss":0,"event_name":"FaceTrader","floor":14,"gold_loss":0},{"damage_healed":0,"gold_gain":0,"cards_transformed":["Strike_B","Defend_B"],"player_choice":"Transformed Cards","damage_taken":0,"max_hp_gain":0,"max_hp_loss":0,"event_name":"Designer","floor":19,"gold_loss":75,"cards_obtained":["Go for the Eyes","Steam"]},{"damage_healed":0,"gold_gain":0,"player_choice":"Joined the Cult","damage_taken":6,"max_hp_gain":0,"max_hp_loss":0,"event_name":"Nest","floor":22,"gold_loss":0,"cards_obtained":["RitualDagger"]},{"damage_healed":0,"gold_gain":0,"player_choice":"Copied","damage_taken":0,"max_hp_gain":0,"max_hp_loss":0,"event_name":"Duplicator","floor":31,"gold_loss":0,"cards_obtained":["Defragment"]},{"damage_healed":0,"gold_gain":50,"player_choice":"Pray","damage_taken":0,"max_hp_gain":0,"max_hp_loss":0,"event_name":"Golden Shrine","floor":38,"gold_loss":0},{"damage_healed":0,"gold_gain":0,"player_choice":"Took Portal","damage_taken":0,"max_hp_gain":0,"max_hp_loss":0,"event_name":"SecretPortal","floor":42,"gold_loss":0}],"is_beta":false,"boss_relics":[{"not_picked":["Lizard Tail","Empty Cage"],"picked":"Runic Pyramid"},{"not_picked":["Nuclear Battery","Snecko Eye"],"picked":"Inserter"}],"items_purged_floors":[13],"is_endless":false,"potions_floor_spawned":[4,5,16,21,25,29,33,39],"killed_by":"Awakened One","ascension_level":18}