{"gold_per_floor":[112,131,184,184,259,286,286,313,313,364,382,382,382,401,401,499,499,509,489,588,36,36,61,61,61,134,134,134,145,177,157,157,157],"floor_reached":33,"playtime":2869,"items_purged":["Strike_G"],"score":364,"play_id":"47ec229b-0d67-4840-aec7-b3fa2fce15dc","local_time":"20190830010940","is_ascension_mode":false,"campfire_choices":[{"data":"Underhanded Strike","floor":7,"key":"SMITH"},{"floor":15,"key":"REST"},{"data":"Neutralize","floor":25,"key":"SMITH"},{"data":"Ghostly","floor":28,"key":"SMITH"},{"data":"Deadly Poison","floor":32,"key":"SMITH"}],"neow_cost":"NONE","seed_source_timestamp":534306488674249,"circlet_count":0,"master_deck":["Defend_G","Defend_G","Defend_G","Defend_G","Defend_G","Survivor","Neutralize+1","Underhanded Strike+1","Deflect","Bouncing Flask+1","Endless Agony","Outmaneuver","Backflip","Deflect","Bullet Time","Dodge and Roll","Cloak And Dagger","Cloak And Dagger","Escape Plan","Flechettes","Ghostly+1","Ghostly","Ghostly","Ghostly","Ghostly","Predator+1","Bite","Bite","Bite","Bite","Bite","Deadly Poison+1","Backflip"],"special_seed":0,"relics":["Ring of the Snake","PreservedInsect","Happy Flower","Pantograph","Vajra","Runic Pyramid","Ice Cream","Bottled Flame","Darkstone Periapt","Du-Vu Doll"],"potions_floor_usage":[8,16,23,30,33,33,33],"damage_taken":[{"damage":0.0,"enemies":"Cultist","floor":1.0,"turns":4.0},{"damage":0.0,"enemies":"2 Louse","floor":2.0,"turns":2.0},{"damage":0.0,"enemies":"Gremlin Nob","floor":6.0,"turns":3.0},{"damage":32,"enemies":"3 Sentries","floor":8,"turns":11},{"damage":1,"enemies":"Small Slimes","floor":11,"turns":3},{"damage":0,"enemies":"3 Louse","floor":14,"turns":2},{"damage":60,"enemies":"Slime Boss","floor":16,"turns":17},{"damage":18,"enemies":"Chosen","floor":18,"turns":5},{"damage":8,"enemies":"2 Thieves","floor":19,"turns":4},{"damage":17,"enemies":"Gremlin Leader","floor":23,"turns":8},{"damage":0,"enemies":"Snake Plant","floor":29,"turns":3},{"damage":2,"enemies":"Slavers","floor":30,"turns":5},{"damage":29,"enemies":"Collector","floor":33,"turns":7}],"seed_played":"-5443942354707591006","potions_obtained":[{"floor":1.0,"key":"GhostInAJar"},{"floor":2.0,"key":"SpeedPotion"},{"floor":11,"key":"SkillPotion"},{"floor":16,"key":"Ancient Potion"},{"floor":18,"key":"Weak Potion"},{"floor":23,"key":"SteroidPotion"},{"floor":29,"key":"Dexterity Potion"},{"floor":31,"key":"Fire Potion"}],"is_trial":false,"path_per_floor":["M","M","T","?","?","E","R","E","T","?","M","?","T","M","R","B",null,"M","M","?","$","?","E","$","R","T","?","R","M","E","?","R","B"],"character_chosen":"THE_SILENT","items_purchased":["Ice Cream","Cloak And Dagger","Escape Plan","Flechettes"],"campfire_rested":1,"item_purchase_floors":[21,21,21,21],"current_hp_per_floor":[70,70,70,70,59,59,59,27,27,27,26,26,26,26,47,10,70,52,44,44,44,35,18,18,18,18,18,18,22,24,24,24,0],"gold":157,"neow_bonus":"TRANSFORM_CARD","is_prod":false,"is_daily":false,"chose_seed":false,"campfire_upgraded":4,"win_rate":0,"timestamp":1567120180,"path_taken":["M","M","?","?","?","E","R","E","T","?","M","?","?","M","R","BOSS","M","M","?","$","?","E","$","R","T","?","R","M","E","?","R","BOSS"],"build_version":"2019-06-28","purchased_purges":1,"victory":false,"max_hp_per_floor":[70,70,70,70,70,70,70,70,70,70,70,70,70,70,70,70,70,70,70,70,70,35,35,35,35,35,24,24,24,24,24,24,24],"card_choices":[{"not_picked":["Distraction","Flechettes"],"picked":"Deflect","floor":1.0},{"not_picked":["Flying Knee","Eviscerate"],"picked":"Bouncing Flask","floor":2.0},{"not_picked":["Bane","Terror"],"picked":"Endless Agony","floor":6.0},{"not_picked":["Doppelganger","Quick Slash"],"picked":"Outmaneuver","floor":8},{"not_picked":["Sucker Punch","Outmaneuver"],"picked":"Backflip","floor":11},{"not_picked":["Expertise","Prepared"],"picked":"Deflect","floor":14},{"not_picked":["Unload","A Thousand Cuts"],"picked":"Bullet Time","floor":16},{"not_picked":["Prepared","Tactician"],"picked":"Dodge and Roll","floor":18},{"not_picked":["Underhanded Strike","Tactician"],"picked":"Cloak And Dagger","floor":19},{"not_picked":["Backflip","Quick Slash"],"picked":"Predator+1","floor":23},{"not_picked":["Infinite Blades","Distraction+1"],"picked":"Deadly Poison","floor":29},{"not_picked":["Masterful Stab","Dagger Spray"],"picked":"Backflip","floor":30}],"player_experience":160824,"relics_obtained":[{"floor":3.0,"key":"PreservedInsect"},{"floor":6.0,"key":"Happy Flower"},{"floor":8,"key":"Pantograph"},{"floor":13,"key":"Vajra"},{"floor":23,"key":"Bottled Flame"},{"floor":26,"key":"Darkstone Periapt"},{"floor":30,"key":"Du-Vu Doll"}],"event_choices":[{"damage_healed":0.0,"max_hp_gain":0.0,"max_hp_loss":0.0,"gold_gain":0.0,"event_name":"Living Wall","player_choice":"Grow","floor":4.0,"gold_loss":0.0,"damage_taken":0.0,"cards_upgraded":["Bouncing Flask"]},{"damage_healed":0.0,"max_hp_gain":0.0,"max_hp_loss":0.0,"gold_gain":75.0,"event_name":"World of Goop","player_choice":"Gather Gold","floor":5.0,"gold_loss":0.0,"damage_taken":11.0},{"damage_healed":0,"gold_gain":51,"player_choice":"Gained Gold","damage_taken":0,"max_hp_gain":0,"max_hp_loss":0,"event_name":"Golden Wing","floor":10,"gold_loss":0},{"damage_healed":0,"gold_gain":0,"player_choice":"Ignored","damage_taken":0,"max_hp_gain":0,"max_hp_loss":0,"event_name":"Shining Light","floor":12,"gold_loss":0},{"damage_healed":0,"gold_gain":99,"player_choice":"Stole From Cult","damage_taken":0,"max_hp_gain":0,"max_hp_loss":0,"event_name":"Nest","floor":20,"gold_loss":0},{"damage_healed":0,"gold_gain":0,"player_choice":"Became a Ghost","damage_taken":0,"max_hp_gain":0,"max_hp_loss":35,"event_name":"Ghosts","floor":22,"gold_loss":0,"cards_obtained":["Ghostly","Ghostly","Ghostly","Ghostly","Ghostly"]},{"damage_healed":0,"gold_gain":0,"player_choice":"Became a vampire","damage_taken":0,"max_hp_gain":0,"max_hp_loss":11,"event_name":"Vampires","floor":27,"gold_loss":0,"cards_obtained":["Bite","Bite","Bite","Bite","Bite"]},{"damage_healed":0,"gold_gain":0,"player_choice":"Bought 1 Potion","damage_taken":0,"max_hp_gain":0,"max_hp_loss":0,"event_name":"The Woman in Blue","floor":31,"gold_loss":0}],"is_beta":true,"boss_relics":[{"not_picked":["Snecko Eye","Velvet Choker"],"picked":"Runic Pyramid"}],"items_purged_floors":[21],"is_endless":false,"potions_floor_spawned":[1,2,11,16,18,23,29],"killed_by":"Collector","ascension_level":0}