{"gold_per_floor":[118,293,293,39,54,54,70,70,70,70,90,100,119,138,138,239,239,255,255,170,189,10,10,25,25],"floor_reached":25,"playtime":1730,"items_purged":["Regret","Doubt"],"score":195,"play_id":"d9afe0fc-be46-43f3-99e9-cc40d7e43338","local_time":"20190824160832","is_ascension_mode":false,"campfire_choices":[{"floor":6,"key":"REST"},{"data":"Capacitor","floor":8,"key":"SMITH"},{"floor":15,"key":"REST"},{"floor":23,"key":"REST"}],"neow_cost":"CURSE","seed_source_timestamp":68686126413998,"circlet_count":0,"master_deck":["Strike_B","Strike_B","Strike_B","Strike_B","Defend_B","Defend_B","Defend_B","Defend_B","Zap","Dualcast","Injury","Heatsinks","Loop+1","Coolheaded","Redo","Coolheaded","Capacitor+1","Doom and Gloom","Redo","Barrage","Leap","Electrodynamics","Loop","Skim+1","Double Energy+1","Stack+1"],"relics":["Cracked Core","Unceasing Top","Du-Vu Doll","Ancient Tea Set","Nuclear Battery","Meat on the Bone","Toxic Egg 2"],"potions_floor_usage":[12,24,25,25],"damage_taken":[{"damage":10,"enemies":"Jaw Worm","floor":1,"turns":4},{"damage":12,"enemies":"2 Louse","floor":5,"turns":2},{"damage":0,"enemies":"Small Slimes","floor":7,"turns":4},{"damage":11,"enemies":"Looter","floor":11,"turns":5},{"damage":5,"enemies":"2 Fungi Beasts","floor":12,"turns":3},{"damage":20,"enemies":"Exordium Wildlife","floor":13,"turns":6},{"damage":18,"enemies":"Large Slime","floor":14,"turns":6},{"damage":34,"enemies":"Slime Boss","floor":16,"turns":8},{"damage":19,"enemies":"3 Byrds","floor":18,"turns":3},{"damage":17,"enemies":"Shell Parasite","floor":21,"turns":7},{"damage":41,"enemies":"Centurion and Healer","floor":24,"turns":6},{"damage":34,"enemies":"Snake Plant","floor":25,"turns":5}],"seed_played":"4423837178135416364","potions_obtained":[{"floor":5,"key":"SkillPotion"},{"floor":14,"key":"AttackPotion"},{"floor":16,"key":"Energy Potion"},{"floor":24,"key":"Poison Potion"}],"is_trial":false,"path_per_floor":["M","?","?","$","M","R","M","R","T","?","M","M","M","M","R","B",null,"M","?","?","M","$","R","M","M"],"character_chosen":"DEFECT","items_purchased":["Loop","Coolheaded","Redo","Double Energy+1"],"campfire_rested":3,"item_purchase_floors":[4,4,4,22],"current_hp_per_floor":[65,65,65,65,53,75,75,75,75,75,64,59,39,21,43,9,75,56,56,56,39,39,61,32,0],"gold":25,"neow_bonus":"ONE_RARE_RELIC","is_prod":false,"is_daily":false,"chose_seed":false,"campfire_upgraded":1,"win_rate":0.0,"timestamp":1566655712,"path_taken":["M","?","?","$","M","R","M","R","T","?","M","M","M","M","R","BOSS","M","?","?","M","$","R","M","M"],"build_version":"2019-06-28","purchased_purges":2,"victory":false,"max_hp_per_floor":[75,75,75,75,75,75,75,75,75,75,75,75,75,75,75,75,75,75,75,75,75,75,75,75,75],"card_choices":[{"not_picked":["Gash","Sweeping Beam"],"picked":"Heatsinks","floor":1},{"not_picked":["Sweeping Beam","Leap"],"picked":"Coolheaded","floor":5},{"not_picked":["FTL","Conserve Battery"],"picked":"Capacitor","floor":7},{"not_picked":["Heatsinks","Rebound"],"picked":"Doom and Gloom","floor":11},{"not_picked":["Beam Cell","Skim"],"picked":"Redo","floor":12},{"not_picked":["Beam Cell","Static Discharge"],"picked":"Barrage","floor":13},{"not_picked":["Undo","Ball Lightning"],"picked":"Leap","floor":14},{"not_picked":["Machine Learning","Echo Form"],"picked":"Electrodynamics","floor":16},{"not_picked":["Go for the Eyes","Hologram"],"picked":"Loop","floor":18},{"not_picked":["Fusion+1","Heatsinks"],"picked":"Skim+1","floor":21},{"not_picked":["Barrage","Ball Lightning"],"picked":"Stack+1","floor":24}],"player_experience":36911,"relics_obtained":[{"floor":9,"key":"Ancient Tea Set"}],"event_choices":[{"damage_healed":0,"gold_gain":175,"player_choice":"AGREE","damage_taken":0,"max_hp_gain":0,"max_hp_loss":0,"event_name":"Liars Game","floor":2,"gold_loss":0,"cards_obtained":["Doubt"]},{"damage_healed":0,"gold_gain":0,"player_choice":"Box","damage_taken":0,"relics_obtained":["Du-Vu Doll"],"max_hp_gain":0,"max_hp_loss":0,"event_name":"Big Fish","floor":3,"gold_loss":0,"cards_obtained":["Regret"]},{"damage_healed":0,"gold_gain":0,"player_choice":"Grow","damage_taken":0,"max_hp_gain":0,"max_hp_loss":0,"event_name":"Living Wall","floor":10,"gold_loss":0,"cards_upgraded":["Loop"]},{"damage_healed":0,"gold_gain":0,"player_choice":"Opened","damage_taken":0,"relics_obtained":["Meat on the Bone"],"max_hp_gain":0,"max_hp_loss":0,"event_name":"The Mausoleum","floor":19,"gold_loss":0},{"damage_healed":0,"gold_gain":0,"player_choice":"Obtained Relic","damage_taken":0,"relics_obtained":["Toxic Egg 2"],"max_hp_gain":0,"max_hp_loss":0,"event_name":"Addict","floor":20,"gold_loss":85}],"is_beta":true,"boss_relics":[{"not_picked":["White Beast Statue","Tiny House"],"picked":"Nuclear Battery"}],"items_purged_floors":[4,22],"is_endless":false,"potions_floor_spawned":[5,14,16,24],"killed_by":"Snake Plant","ascension_level":0}