{"gold_per_floor":[118,118,130,130,145,180,196,229,255,255],"floor_reached":10,"playtime":450,"items_purged":[],"score":117,"play_id":"fbb7f17a-d475-4434-a6af-84ba57214d1d","local_time":"20190228231922","is_ascension_mode":true,"campfire_choices":[],"neow_cost":"PERCENT_DAMAGE","seed_source_timestamp":846578303599639,"circlet_count":0,"master_deck":["AscendersBane","Defend_G","Defend_G","Defend_G","Defend_G","Defend_G","Strike_G","Strike_G","Strike_G","Strike_G","Survivor","Neutralize","PiercingWail","Caltrops","Poisoned Stab","Backstab","Die Die Die"],"relics":["Ring of the Snake","PreservedInsect","Bag of Marbles","Bronze Scales","Snake Skull"],"potions_floor_usage":[6,10],"damage_taken":[{"damage":0,"enemies":"2 Louse","floor":1,"turns":2},{"damage":0,"enemies":"Small Slimes","floor":3,"turns":4},{"damage":1,"enemies":"Cultist","floor":5,"turns":6},{"damage":22,"enemies":"Gremlin Nob","floor":6,"turns":4},{"damage":8,"enemies":"Large Slime","floor":7,"turns":7},{"damage":15,"enemies":"3 Sentries","floor":8,"turns":8},{"damage":1,"enemies":"Lagavulin","floor":10,"turns":3}],"seed_played":"-7395762629876430744","potions_obtained":[{"floor":1,"key":"GamblersBrew"},{"floor":5,"key":"Energy Potion"},{"floor":7,"key":"GhostInAJar"}],"is_trial":false,"path_per_floor":["M","?","M","?","M","E","M","E","T","E"],"character_chosen":"THE_SILENT","items_purchased":[],"campfire_rested":0,"item_purchase_floors":[],"current_hp_per_floor":[59,47,47,47,46,24,16,1,1,0],"gold":255,"neow_bonus":"TWENTY_PERCENT_HP_BONUS","is_prod":false,"is_daily":false,"chose_seed":false,"campfire_upgraded":0,"win_rate":0,"timestamp":1551413962,"path_taken":["M","?","M","?","M","E","M","E","T","E"],"build_version":"2019-01-23","purchased_purges":0,"victory":false,"max_hp_per_floor":[84,84,84,84,84,84,84,84,84,84],"card_choices":[{"not_picked":["Catalyst","Acrobatics"],"picked":"PiercingWail","floor":1},{"not_picked":["Acrobatics","Heel Hook"],"picked":"Caltrops","floor":3},{"not_picked":["Underhanded Strike","Deflect"],"picked":"Poisoned Stab","floor":5},{"not_picked":["Bouncing Flask","Dagger Throw","Acrobatics"],"picked":"SKIP","floor":6},{"not_picked":["Acrobatics","Blur"],"picked":"Backstab","floor":7},{"not_picked":["Infinite Blades","Acrobatics"],"picked":"Die Die Die","floor":8}],"player_experience":152146,"relics_obtained":[{"floor":6,"key":"Bag of Marbles"},{"floor":8,"key":"Bronze Scales"},{"floor":9,"key":"Snake Skull"}],"event_choices":[{"damage_healed":0,"gold_gain":0,"player_choice":"Success","damage_taken":12,"relics_obtained":["PreservedInsect"],"max_hp_gain":0,"max_hp_loss":0,"event_name":"Scrap Ooze","floor":2,"gold_loss":0},{"cards_removed":["Strike_G"],"damage_healed":0,"gold_gain":0,"player_choice":"Offered Basic","damage_taken":0,"max_hp_gain":0,"max_hp_loss":0,"event_name":"Bonfire Elementals","floor":4,"gold_loss":0}],"is_beta":false,"boss_relics":[],"items_purged_floors":[],"is_endless":false,"potions_floor_spawned":[1,5,7],"killed_by":"Lagavulin","ascension_level":10}