{"gold_per_floor":[118,118,138,138,138,138,174,174,174,195,235,250,250,264,264,358,358,382,421,446,496,510,510,534,534,609,634,634,658,78,3,3,92,92,107,107,128,141,154,154,194,194,194,527,537,565,565,616,616,616,616,616,616,85,112,112],"floor_reached":56,"playtime":5522,"items_purged":["Strike_B"],"score":1984,"play_id":"aecc99a6-7dae-48f6-ab73-f4f9ef5a8925","local_time":"20190808023346","is_ascension_mode":true,"campfire_choices":[{"data":"Zap","floor":6.0,"key":"SMITH"},{"data":"Hologram","floor":8.0,"key":"SMITH"},{"data":"Hologram","floor":15.0,"key":"SMITH"},{"floor":23.0,"key":"REST"},{"floor":25.0,"key":"REST"},{"data":"Consume","floor":28.0,"key":"SMITH"},{"floor":32.0,"key":"REST"},{"data":"Buffer","floor":40.0,"key":"SMITH"},{"floor":42.0,"key":"REST"},{"floor":47.0,"key":"RECALL"},{"floor":49.0,"key":"REST"},{"floor":53.0,"key":"REST"}],"neow_cost":"NONE","seed_source_timestamp":509441363883957,"circlet_count":0,"master_deck":["AscendersBane","Strike_B","Defend_B","Defend_B","Defend_B","Defend_B","Zap+1","Dualcast","Gash","Glacier","Hologram+1","Coolheaded","Hologram+1","Ball Lightning+1","Auto Shields","All For One","Echo Form","Consume+1","Cold Snap","Go for the Eyes","Capacitor","Defragment+1","Gash+1","Coolheaded","Discovery","Chill","Cold Snap","Conserve Battery","Buffer+1","Turbo","Chaos+1","Cold Snap","Stack","Gash","Machine Learning","Defragment+1","Defragment"],"special_seed":0,"relics":["Cracked Core","NeowsBlessing","Mercury Hourglass","PreservedInsect","Bag of Preparation","Symbiotic Virus","Inserter","Red Mask","Gremlin Horn","Toy Ornithopter","Nuclear Battery","Thread and Needle","Lantern","Darkstone Periapt","DataDisk","Bronze Scales","DollysMirror","Whetstone"],"potions_floor_usage":[55,56],"damage_taken":[{"damage":0.0,"enemies":"Cultist","floor":1.0,"turns":1.0},{"damage":0.0,"enemies":"2 Louse","floor":3.0,"turns":1.0},{"damage":0.0,"enemies":"Lagavulin","floor":7.0,"turns":1.0},{"damage":1.0,"enemies":"Jaw Worm","floor":10.0,"turns":2.0},{"damage":1.0,"enemies":"3 Sentries","floor":11.0,"turns":5.0},{"damage":6.0,"enemies":"Large Slime","floor":12.0,"turns":5.0},{"damage":0.0,"enemies":"Lots of Slimes","floor":14.0,"turns":1.0},{"damage":18.0,"enemies":"The Guardian","floor":16.0,"turns":10.0},{"damage":7.0,"enemies":"Spheric Guardian","floor":18.0,"turns":4.0},{"damage":41.0,"enemies":"Masked Bandits","floor":19.0,"turns":6.0},{"damage":0.0,"enemies":"Chosen","floor":20.0,"turns":7.0},{"damage":0.0,"enemies":"3 Cultists","floor":22.0,"turns":5.0},{"damage":15.0,"enemies":"Sentry and Sphere","floor":24.0,"turns":7.0},{"damage":8.0,"enemies":"Centurion and Healer","floor":27.0,"turns":6.0},{"damage":7.0,"enemies":"Snake Plant","floor":29.0,"turns":4.0},{"damage":24.0,"enemies":"Champ","floor":33.0,"turns":9.0},{"damage":2.0,"enemies":"Orb Walker","floor":35.0,"turns":4.0},{"damage":0.0,"enemies":"3 Shapes","floor":37.0,"turns":6.0},{"damage":27.0,"enemies":"Transient","floor":38.0,"turns":6.0},{"damage":0.0,"enemies":"Sphere and 2 Shapes","floor":39.0,"turns":8.0},{"damage":0.0,"enemies":"Reptomancer","floor":41.0,"turns":9.0},{"damage":36.0,"enemies":"Spire Growth","floor":45.0,"turns":5.0},{"damage":0.0,"enemies":"Giant Head","floor":46.0,"turns":12.0},{"damage":10.0,"enemies":"Donu and Deca","floor":50.0,"turns":14.0},{"damage":11.0,"enemies":"Awakened One","floor":51.0,"turns":15.0},{"damage":64,"enemies":"Shield and Spear","floor":55,"turns":6},{"damage":17,"enemies":"The Heart","floor":56,"turns":2}],"seed_played":"7798987539556752985","potions_obtained":[{"floor":1.0,"key":"SteroidPotion"},{"floor":10.0,"key":"FearPotion"},{"floor":11.0,"key":"Explosive Potion"},{"floor":12.0,"key":"EssenceOfSteel"},{"floor":20.0,"key":"SpeedPotion"},{"floor":22.0,"key":"Strength Potion"},{"floor":27.0,"key":"EssenceOfSteel"},{"floor":29.0,"key":"Poison Potion"},{"floor":35.0,"key":"LiquidBronze"},{"floor":39.0,"key":"SteroidPotion"},{"floor":45.0,"key":"SpeedPotion"}],"is_trial":false,"path_per_floor":["M","T","M","$","?","R","E","R","T","M","E","M","?","M","R","B",null,"M","?","M","?","M","R","M","R","T","M","R","M","$","?","R","B",null,"M","?","M","M","M","R","E","R","T","?","M","E","R","T","R","B","B",null,"R","$","E","B"],"character_chosen":"DEFECT","items_purchased":["Discovery","Toy Ornithopter","Chill","Cold Snap","Conserve Battery","Bronze Scales","DollysMirror","PowerPotion","Defragment"],"campfire_rested":6,"item_purchase_floors":[30,30,30,30,30,54,54,54,54],"current_hp_per_floor":[64,64,64,64,40,40,40,40,40,39,38,32,32,32,32,14,57,50,9,9,9,9,30,15,36,36,28,28,21,21,21,42,18,58,61,61,66,39,39,39,39,60,60,60,29,29,29,29,50,40,29,61,71,71,12,0],"gold":112,"neow_bonus":"THREE_ENEMY_KILL","is_prod":false,"is_daily":false,"chose_seed":false,"campfire_upgraded":5,"win_rate":0,"timestamp":1565256826,"path_taken":["M","?","M","$","?","R","E","R","T","?","E","M","?","?","R","BOSS","M","?","M","?","M","R","M","R","T","M","R","M","$","?","R","BOSS","M","?","?","M","?","R","E","R","T","?","M","E","R","?","R","BOSS","BOSS","R","$","E","BOSS"],"build_version":"2019-07-18","purchased_purges":1,"victory":false,"max_hp_per_floor":[71,71,71,71,71,71,71,71,71,71,71,71,71,71,71,71,71,71,71,71,71,71,71,71,71,71,71,71,71,71,71,71,71,71,71,71,71,71,71,71,71,71,71,71,71,71,71,71,71,71,71,71,71,71,71,71],"card_choices":[{"not_picked":["BootSequence","Streamline"],"picked":"Gash","floor":1.0},{"not_picked":["Compile Driver","Rip and Tear"],"picked":"Glacier","floor":3.0},{"not_picked":["Aggregate","Sweeping Beam"],"picked":"Hologram","floor":7.0},{"not_picked":["Beam Cell","Barrage"],"picked":"Coolheaded","floor":10.0},{"not_picked":["Double Energy","Chaos"],"picked":"Hologram","floor":11.0},{"not_picked":["Steam","Stack"],"picked":"Ball Lightning","floor":12.0},{"not_picked":["Hologram","Coolheaded"],"picked":"All For One","floor":14.0},{"not_picked":["Electrodynamics","Seek"],"picked":"Echo Form","floor":16.0},{"not_picked":["Redo","Coolheaded"],"picked":"Consume","floor":18.0},{"not_picked":["Go for the Eyes","Conserve Battery"],"picked":"Cold Snap","floor":19.0},{"not_picked":["Steam","Auto Shields"],"picked":"Go for the Eyes","floor":20.0},{"not_picked":["Aggregate","Beam Cell"],"picked":"Capacitor","floor":22.0},{"not_picked":["Stack+1","Buffer"],"picked":"Defragment+1","floor":24.0},{"not_picked":["Stack","Conserve Battery"],"picked":"Gash","floor":27.0},{"not_picked":["Compile Driver","Chaos"],"picked":"Coolheaded","floor":29.0},{"not_picked":["Machine Learning","Reboot"],"picked":"Buffer","floor":33.0},{"not_picked":["Go for the Eyes","Hologram"],"picked":"Turbo","floor":35.0},{"not_picked":["Redo","Stack"],"picked":"Chaos+1","floor":37.0},{"not_picked":["Ball Lightning","Genetic Algorithm"],"picked":"Cold Snap","floor":38.0},{"not_picked":["Ball Lightning","Redo","Hologram"],"picked":"SKIP","floor":39.0},{"not_picked":["Scrape","Compile Driver"],"picked":"Stack","floor":41.0},{"not_picked":["Buffer","Storm"],"picked":"Gash","floor":45.0},{"not_picked":["FTL","Undo+1"],"picked":"Machine Learning","floor":46.0},{"not_picked":["Double Energy","Leap","Steam"],"picked":"SKIP","floor":55}],"player_experience":2894692,"relics_obtained":[{"floor":2.0,"key":"Mercury Hourglass"},{"floor":7.0,"key":"PreservedInsect"},{"floor":9.0,"key":"Bag of Preparation"},{"floor":11.0,"key":"Symbiotic Virus"},{"floor":19.0,"key":"Red Mask"},{"floor":26.0,"key":"Gremlin Horn"},{"floor":36.0,"key":"Thread and Needle"},{"floor":41.0,"key":"Lantern"},{"floor":46.0,"key":"Darkstone Periapt"},{"floor":48.0,"key":"DataDisk"},{"floor":55,"key":"Whetstone"}],"event_choices":[{"damage_healed":0.0,"max_hp_gain":0.0,"max_hp_loss":0.0,"gold_gain":0.0,"event_name":"Golden Idol","player_choice":"Take Damage","floor":5.0,"gold_loss":0.0,"damage_taken":24.0,"relics_obtained":["Golden Idol"]},{"damage_healed":0.0,"max_hp_gain":0.0,"max_hp_loss":0.0,"gold_gain":0.0,"cards_transformed":["Strike_B"],"event_name":"Transmorgrifier","player_choice":"Transformed","floor":13.0,"gold_loss":0.0,"damage_taken":0.0,"cards_obtained":["Auto Shields"]},{"damage_healed":0.0,"max_hp_gain":0.0,"max_hp_loss":0.0,"gold_gain":0.0,"event_name":"Masked Bandits","player_choice":"Fought Bandits","floor":19.0,"gold_loss":0.0,"damage_taken":0.0},{"damage_healed":0.0,"max_hp_gain":0.0,"max_hp_loss":0.0,"gold_gain":50.0,"event_name":"Nest","player_choice":"Stole From Cult","floor":21.0,"gold_loss":0.0,"damage_taken":0.0},{"cards_removed":["Strike_B"],"damage_healed":0.0,"max_hp_gain":0.0,"max_hp_loss":0.0,"gold_gain":0.0,"event_name":"Beggar","player_choice":"Gave Gold","floor":31.0,"gold_loss":75.0,"damage_taken":0.0},{"damage_healed":0.0,"max_hp_gain":0.0,"max_hp_loss":0.0,"gold_gain":0.0,"event_name":"Wheel of Change","player_choice":"Relic","floor":36.0,"gold_loss":0.0,"damage_taken":0.0},{"damage_healed":0.0,"max_hp_gain":0.0,"max_hp_loss":0.0,"gold_gain":333.0,"event_name":"The Moai Head","player_choice":"Gave Idol","floor":44.0,"relics_lost":["Golden Idol"],"gold_loss":0.0,"damage_taken":0.0}],"is_beta":true,"boss_relics":[{"not_picked":["White Beast Statue","Eternal Feather"],"picked":"Inserter"},{"not_picked":["Fusion Hammer","Runic Dome"],"picked":"Nuclear Battery"}],"items_purged_floors":[30],"is_endless":false,"potions_floor_spawned":[1,10,11,12,20,22,27,29,35,39,45],"killed_by":"The Heart","ascension_level":20}