{"gold_per_floor":[119,138,168,93,35,35,35,66,66,93,109,109,109,127,127,199,199,218,229,71,98,98,98,115,134,134,151,185,185],"floor_reached":29,"playtime":862,"items_purged":[],"score":492,"play_id":"71c2d76f-1eed-484a-aaf3-ddd5529ac0ae","local_time":"20190504022325","is_ascension_mode":true,"campfire_choices":[{"data":"Bash","floor":6.0,"key":"SMITH"},{"floor":13.0,"key":"REST"},{"data":"Armaments","floor":15.0,"key":"SMITH"},{"data":"Double Tap","floor":23.0,"key":"SMITH"}],"neow_cost":"CURSE","seed_source_timestamp":2017458724816163,"circlet_count":0,"master_deck":["AscendersBane","Strike_R","Strike_R","Strike_R","Strike_R","Strike_R","Defend_R","Defend_R","Defend_R","Defend_R","Bash+1","Cleave","Infernal Blade","Shrug It Off","Bludgeon","Disarm","Armaments+1","Double Tap+1","Headbutt+1","Pommel Strike+1","Writhe","Pain","Feed","Battle Trance","Injury","True Grit"],"special_seed":0,"relics":["Burning Blood","WingedGreaves","Tiny Chest","Spirit Poop","Darkstone Periapt","Ornamental Fan","Pocketwatch","Cursed Key","Bag of Marbles","Art of War","WarpedTongs","Blue Candle","Bottled Lightning"],"potions_floor_usage":[29],"damage_taken":[{"damage":7.0,"enemies":"Cultist","floor":1.0,"turns":4.0},{"damage":4.0,"enemies":"Small Slimes","floor":2.0,"turns":3.0},{"damage":36.0,"enemies":"Gremlin Nob","floor":8.0,"turns":5.0},{"damage":35.0,"enemies":"Lagavulin","floor":10.0,"turns":4.0},{"damage":2.0,"enemies":"Jaw Worm","floor":11.0,"turns":4.0},{"damage":0.0,"enemies":"2 Fungi Beasts","floor":14.0,"turns":2.0},{"damage":16.0,"enemies":"The Guardian","floor":16.0,"turns":11.0},{"damage":0.0,"enemies":"Chosen","floor":18.0,"turns":3.0},{"damage":20.0,"enemies":"Spheric Guardian","floor":19.0,"turns":4.0},{"damage":31.0,"enemies":"Cultist and Chosen","floor":24.0,"turns":6.0},{"damage":5.0,"enemies":"Centurion and Healer","floor":25.0,"turns":7.0},{"damage":23.0,"enemies":"3 Cultists","floor":27.0,"turns":6.0},{"damage":34.0,"enemies":"Book of Stabbing","floor":28.0,"turns":4.0},{"damage":20,"enemies":"Colosseum Slavers","floor":29,"turns":3}],"seed_played":"-547498105558503012","potions_obtained":[{"floor":2.0,"key":"FearPotion"},{"floor":10.0,"key":"Swift Potion"},{"floor":12.0,"key":"Weak Potion"},{"floor":12.0,"key":"Explosive Potion"},{"floor":16.0,"key":"Weak Potion"},{"floor":19.0,"key":"AttackPotion"},{"floor":25.0,"key":"BloodPotion"},{"floor":28.0,"key":"GamblersBrew"}],"is_trial":false,"path_per_floor":["M","M","?","?","$","R","?","E","T","E","M","?","R","M","R","B",null,"M","M","$","T","?","R","M","M","T","M","E","?"],"character_chosen":"IRONCLAD","items_purchased":["Shrug It Off","Bag of Marbles"],"campfire_rested":1,"item_purchase_floors":[5,20],"current_hp_per_floor":[67,69,69,69,69,69,69,39,39,10,14,14,35,41,41,31,62,68,54,54,60,66,66,41,45,51,47,19,0],"gold":185,"neow_bonus":"ONE_RARE_RELIC","is_prod":false,"is_daily":false,"chose_seed":false,"campfire_upgraded":3,"win_rate":0,"timestamp":1556951005,"path_taken":["M","?","?","?","$","R","?","E","T","E","?","?","R","M","R","BOSS","M","M","$","?","?","R","M","?","T","M","E","?"],"build_version":"2019-01-23","purchased_purges":0,"victory":false,"max_hp_per_floor":[75,75,75,75,75,75,72,72,72,72,72,72,72,72,72,72,72,72,72,72,78,84,84,84,87,93,97,97,97],"card_choices":[{"not_picked":["Power Through","Anger"],"picked":"Cleave","floor":1.0},{"not_picked":["Hemokinesis","Clash"],"picked":"Infernal Blade","floor":2.0},{"not_picked":["Seeing Red","Clothesline"],"picked":"Bludgeon","floor":8.0},{"not_picked":["Second Wind","Sentinel"],"picked":"Disarm","floor":10.0},{"not_picked":["Clash","Twin Strike"],"picked":"Armaments","floor":11.0},{"not_picked":["Perfected Strike","Sword Boomerang","Havoc"],"picked":"SKIP","floor":14.0},{"not_picked":["Fiend Fire","Dark Embrace"],"picked":"Double Tap","floor":16.0},{"not_picked":["Anger","Iron Wave+1"],"picked":"Headbutt+1","floor":18.0},{"not_picked":["Heavy Blade+1","Sword Boomerang"],"picked":"Pommel Strike+1","floor":19.0},{"not_picked":["Heavy Blade","Metallicize"],"picked":"Feed","floor":24.0},{"not_picked":["Sword Boomerang","Disarm"],"picked":"Battle Trance","floor":25.0},{"not_picked":["Iron Wave","Clash+1"],"picked":"True Grit","floor":27.0},{"not_picked":["Brutality","Perfected Strike","Iron Wave"],"picked":"SKIP","floor":28.0}],"player_experience":326302,"relics_obtained":[{"floor":8.0,"key":"Darkstone Periapt"},{"floor":9.0,"key":"Ornamental Fan"},{"floor":10.0,"key":"Pocketwatch"},{"floor":21.0,"key":"Art of War"},{"floor":26.0,"key":"Blue Candle"},{"floor":28.0,"key":"Bottled Lightning"}],"event_choices":[{"damage_healed":0.0,"max_hp_gain":0.0,"max_hp_loss":0.0,"gold_gain":0.0,"event_name":"Big Fish","player_choice":"Box","floor":3.0,"gold_loss":0.0,"damage_taken":0.0,"relics_obtained":["Tiny Chest"],"cards_obtained":["Regret"]},{"cards_removed":["Regret"],"damage_healed":0.0,"max_hp_gain":0.0,"max_hp_loss":0.0,"gold_gain":0.0,"event_name":"The Cleric","player_choice":"Card Removal","floor":4.0,"gold_loss":75.0,"damage_taken":0.0},{"cards_removed":["Parasite"],"damage_healed":0.0,"max_hp_gain":0.0,"max_hp_loss":0.0,"gold_gain":0.0,"event_name":"Bonfire Elementals","player_choice":"Offered Curse","floor":7.0,"gold_loss":0.0,"damage_taken":0.0,"relics_obtained":["Spirit Poop"]},{"damage_healed":0.0,"max_hp_gain":0.0,"max_hp_loss":0.0,"gold_gain":0.0,"event_name":"Lab","player_choice":"Got Potions","floor":12.0,"gold_loss":0.0,"damage_taken":0.0},{"damage_healed":0.0,"max_hp_gain":0.0,"max_hp_loss":0.0,"gold_gain":0.0,"event_name":"Accursed Blacksmith","player_choice":"Rummage","floor":22.0,"gold_loss":0.0,"damage_taken":0.0,"relics_obtained":["WarpedTongs"],"cards_obtained":["Pain"]},{"damage_healed":0,"gold_gain":0,"player_choice":"Fight","damage_taken":0,"max_hp_gain":0,"max_hp_loss":0,"event_name":"Colosseum","floor":29,"gold_loss":0}],"is_beta":false,"boss_relics":[{"not_picked":["Fusion Hammer","Lizard Tail"],"picked":"Cursed Key"}],"items_purged_floors":[],"is_endless":false,"potions_floor_spawned":[2,10,16,19,25,28],"killed_by":"Colosseum Slavers","ascension_level":17}