{"gold_per_floor":[115,115,127,92,141,141,157,157,157,182,182,215,265,294,294,294],"floor_reached":16,"playtime":497,"items_purged":[],"score":212,"play_id":"06003834-4d4c-49cf-b968-800f9a15e853","local_time":"20181002041101","is_ascension_mode":true,"campfire_choices":[{"data":"Ball Lightning","floor":6,"key":"SMITH"},{"data":"Hologram","floor":8,"key":"SMITH"},{"data":"Conserve Battery","floor":11,"key":"SMITH"},{"data":"Buffer","floor":15,"key":"SMITH"}],"neow_cost":"NONE","seed_source_timestamp":1605122634387750,"circlet_count":0,"master_deck":["Strike_B","Strike_B","Strike_B","Defend_B","Defend_B","Defend_B","Defend_B","Zap+1","Dualcast","AscendersBane","Conserve Battery+1","Ball Lightning+1","Hologram+1","Capacitor","Buffer+1","Buffer"],"relics":["Cracked Core","Juzu Bracelet","Strawberry","Question Card","Anchor","The Courier"],"potions_floor_usage":[12],"damage_taken":[{"damage":9,"enemies":"Jaw Worm","floor":1,"turns":4},{"damage":0,"enemies":"2 Louse","floor":3,"turns":2},{"damage":1,"enemies":"Small Slimes","floor":7,"turns":3},{"damage":10,"enemies":"3 Sentries","floor":10,"turns":7},{"damage":9,"enemies":"Gremlin Nob","floor":12,"turns":3},{"damage":5,"enemies":"Lagavulin","floor":14,"turns":7},{"damage":47,"enemies":"Hexaghost","floor":16,"turns":9}],"seed_played":"7260696491441488112","potions_obtained":[{"floor":10,"key":"Swift Potion"},{"floor":12,"key":"Ancient Potion"}],"is_trial":false,"path_per_floor":["M","?","M","?","T","R","M","R","T","E","R","?","?","E","R"],"character_chosen":"DEFECT","items_purchased":[],"campfire_rested":0,"item_purchase_floors":[],"current_hp_per_floor":[55,48,48,65,65,65,64,64,71,61,61,52,52,47,47,0],"gold":294,"neow_bonus":"UPGRADE_CARD","is_prod":false,"is_daily":false,"chose_seed":false,"campfire_upgraded":4,"win_rate":0,"timestamp":1538478661,"path_taken":["M","?","M","?","?","R","M","R","T","E","R","?","?","E","R","BOSS"],"build_version":"2018-10-01","purchased_purges":0,"victory":false,"max_hp_per_floor":[71,71,71,71,71,71,71,71,78,78,78,78,78,78,78,78],"card_choices":[{"not_picked":["Go for the Eyes","Leap"],"picked":"Conserve Battery","floor":1},{"not_picked":["Lockon","Hologram"],"picked":"Ball Lightning","floor":3},{"not_picked":["Steam","Heatsinks"],"picked":"Hologram","floor":7},{"not_picked":["Auto Shields","Redo"],"picked":"Capacitor","floor":10},{"not_picked":["Cold Snap","Turbo","Conserve Battery"],"picked":"Buffer","floor":12},{"not_picked":["Compile Driver","Redo","Cold Snap"],"picked":"Buffer","floor":14}],"player_experience":2462866,"relics_obtained":[{"floor":5,"key":"Juzu Bracelet"},{"floor":9,"key":"Strawberry"},{"floor":10,"key":"Question Card"},{"floor":12,"key":"Anchor"},{"floor":14,"key":"The Courier"}],"event_choices":[{"event_name":"Golden Wing","player_choice":"Card Removal","floor":2,"damage_taken":0},{"event_name":"The Cleric","player_choice":"Healed","floor":4,"damage_taken":0},{"event_name":"Dead Adventurer","player_choice":"Searched \u00273\u0027 times","floor":12,"damage_taken":0},{"event_name":"Golden Shrine","player_choice":"Pray","floor":13,"damage_taken":0}],"is_beta":true,"boss_relics":[],"items_purged_floors":[],"is_endless":false,"potions_floor_spawned":[10,12],"killed_by":"Hexaghost","ascension_level":20}