{"gold_per_floor":[18,29,29,40,57,57,86,86,86,115,125,125,225,242,242,342,342,355,129,146,146,164,164,190,190,190,207,307,333,333,350,350,450,450,463,810,810,824,840,873,900,946,958,998,658,685,704,723,723,723],"floor_reached":51,"playtime":2827,"items_purged":["Strike_R","Shame"],"score":1540,"play_id":"ee664dca-3286-42fc-b292-ddb215ded89f","local_time":"20190903031255","is_ascension_mode":true,"campfire_choices":[{"data":"Armaments","floor":6.0,"key":"SMITH"},{"data":"Body Slam","floor":8.0,"key":"SMITH"},{"data":"Bash","floor":12.0,"key":"SMITH"},{"floor":15.0,"key":"REST"},{"data":"Barricade","floor":23.0,"key":"SMITH"},{"data":"Seeing Red","floor":25.0,"key":"SMITH"},{"floor":32.0,"key":"REST"},{"data":"Battle Trance","floor":49,"key":"SMITH"}],"neow_cost":"NO_GOLD","seed_source_timestamp":38952191780533,"circlet_count":0,"master_deck":["AscendersBane","Strike_R","Strike_R","Strike_R","Defend_R","Defend_R","Defend_R","Defend_R","Bash+1","Armaments+1","Body Slam+1","Barricade+1","Seeing Red+1","Impervious+1","Battle Trance+1"],"special_seed":0,"relics":["Burning Blood","Ice Cream","Blood Vial","Red Skull","Ornamental Fan","Cursed Key","Pen Nib","Boot","WingedGreaves","Meat on the Bone","Shuriken","Happy Flower","Black Star","Old Coin","Turnip","MawBank","Potion Belt","Bottled Lightning","Smiling Mask","Gremlin Horn","Anchor","Art of War","Mummified Hand","Bag of Marbles"],"potions_floor_usage":[50],"damage_taken":[{"damage":8.0,"enemies":"Jaw Worm","floor":1.0,"turns":4.0},{"damage":1.0,"enemies":"Cultist","floor":2.0,"turns":4.0},{"damage":2.0,"enemies":"2 Louse","floor":4.0,"turns":4.0},{"damage":4.0,"enemies":"Large Slime","floor":5.0,"turns":6.0},{"damage":31.0,"enemies":"3 Sentries","floor":7.0,"turns":12.0},{"damage":35.0,"enemies":"Lagavulin","floor":10.0,"turns":5.0},{"damage":8.0,"enemies":"Blue Slaver","floor":11.0,"turns":3.0},{"damage":0.0,"enemies":"3 Louse","floor":14.0,"turns":3.0},{"damage":48.0,"enemies":"Hexaghost","floor":16.0,"turns":8.0},{"damage":28.0,"enemies":"2 Thieves","floor":18.0,"turns":4.0},{"damage":15.0,"enemies":"Shell Parasite","floor":20.0,"turns":5.0},{"damage":11.0,"enemies":"Snake Plant","floor":22.0,"turns":4.0},{"damage":0.0,"enemies":"Book of Stabbing","floor":24.0,"turns":1.0},{"damage":0.0,"enemies":"Cultist and Chosen","floor":27.0,"turns":7.0},{"damage":19.0,"enemies":"Colosseum Slavers","floor":28.0,"turns":4.0},{"damage":0.0,"enemies":"Colosseum Nobs","floor":28.0,"turns":5.0},{"damage":32.0,"enemies":"Slavers","floor":29.0,"turns":6.0},{"damage":23.0,"enemies":"Shelled Parasite and Fungi","floor":31.0,"turns":6.0},{"damage":32.0,"enemies":"Collector","floor":33.0,"turns":12.0},{"damage":23.0,"enemies":"Orb Walker","floor":35.0,"turns":5.0},{"damage":49.0,"enemies":"2 Orb Walkers","floor":36.0,"turns":3.0},{"damage":19.0,"enemies":"3 Darklings","floor":38.0,"turns":8.0},{"damage":0.0,"enemies":"Maw","floor":39.0,"turns":8.0},{"damage":3.0,"enemies":"Giant Head","floor":40.0,"turns":2.0},{"damage":36.0,"enemies":"4 Shapes","floor":41.0,"turns":9.0},{"damage":40.0,"enemies":"Nemesis","floor":42.0,"turns":8.0},{"damage":0.0,"enemies":"Giant Head","floor":44.0,"turns":6.0},{"damage":0.0,"enemies":"Reptomancer","floor":46.0,"turns":2.0},{"damage":0.0,"enemies":"Sphere and 2 Shapes","floor":47.0,"turns":3.0},{"damage":0,"enemies":"Writhing Mass","floor":48,"turns":1},{"damage":65,"enemies":"Donu and Deca","floor":50,"turns":12}],"seed_played":"-817454712608878564","potions_obtained":[{"floor":2.0,"key":"Energy Potion"},{"floor":4.0,"key":"Swift Potion"},{"floor":10.0,"key":"Poison Potion"},{"floor":16.0,"key":"Swift Potion"},{"floor":20.0,"key":"EssenceOfSteel"},{"floor":24.0,"key":"Regen Potion"},{"floor":27.0,"key":"Dexterity Potion"},{"floor":29.0,"key":"Swift Potion"},{"floor":31.0,"key":"SkillPotion"},{"floor":33.0,"key":"LiquidBronze"},{"floor":41.0,"key":"SpeedPotion"},{"floor":42.0,"key":"SmokeBomb"},{"floor":46.0,"key":"SteroidPotion"},{"floor":48,"key":"PowerPotion"}],"is_trial":false,"path_per_floor":["M","M","?","M","M","R","E","R","T","E","M","R","?","M","R","B",null,"M","$","M","?","M","R","E","R","T","M","?","E","T","M","R","B",null,"M","?","?","M","M","E","M","E","T","E","$","E","M","M","R","B",null],"character_chosen":"IRONCLAD","items_purchased":["Pen Nib","Anchor","Art of War"],"campfire_rested":2,"item_purchase_floors":[19,45,45],"current_hp_per_floor":[70,75,75,79,80,80,55,55,55,28,28,28,28,36,60,20,65,45,45,38,38,35,35,43,43,43,51,48,48,48,45,69,57,74,59,30,30,31,51,56,40,20,20,40,40,48,56,64,64,19],"gold":723,"neow_bonus":"ONE_RARE_RELIC","is_prod":false,"is_daily":false,"chose_seed":false,"campfire_upgraded":6,"win_rate":0,"timestamp":1567473175,"path_taken":["M","M","?","M","M","R","E","R","T","E","M","R","?","?","R","BOSS","M","$","M","?","M","R","E","R","T","M","?","E","?","M","R","BOSS","M","?","?","?","M","E","M","E","T","E","$","E","M","M","R","BOSS"],"build_version":"2019-07-17","purchased_purges":2,"victory":true,"max_hp_per_floor":[80,80,80,80,80,80,80,80,80,80,80,80,80,80,80,80,80,80,80,80,80,80,80,80,80,80,80,80,80,80,80,80,80,80,80,80,80,80,80,80,80,80,80,80,80,80,80,80,80,80],"card_choices":[{"not_picked":["Iron Wave","Inflame","Ghostly Armor"],"picked":"SKIP","floor":1.0},{"not_picked":["Iron Wave","Combust","Hemokinesis"],"picked":"SKIP","floor":2.0},{"not_picked":["Battle Trance","Warcry"],"picked":"Armaments","floor":4.0},{"not_picked":["Clash","Rampage","Headbutt"],"picked":"SKIP","floor":5.0},{"not_picked":["Iron Wave","Battle Trance"],"picked":"Body Slam","floor":7.0},{"not_picked":["Iron Wave","Flex","Berserk"],"picked":"SKIP","floor":10.0},{"not_picked":["Perfected Strike","Combust","Burning Pact"],"picked":"SKIP","floor":11.0},{"not_picked":["Flex","Inflame","Headbutt"],"picked":"SKIP","floor":14.0},{"not_picked":["Immolate","Bludgeon"],"picked":"Barricade","floor":16.0},{"not_picked":["Havoc","Reckless Charge","Twin Strike+1"],"picked":"SKIP","floor":18.0},{"not_picked":["Evolve","Flex","Sword Boomerang+1"],"picked":"SKIP","floor":20.0},{"not_picked":["Armaments","Twin Strike","Searing Blow"],"picked":"SKIP","floor":22.0},{"not_picked":["Disarm+1","Limit Break","Bloodletting"],"picked":"SKIP","floor":24.0},{"not_picked":["Headbutt","Blood for Blood","Heavy Blade"],"picked":"SKIP","floor":27.0},{"not_picked":["Combust","Clash","Reaper"],"picked":"SKIP","floor":29.0},{"not_picked":["Perfected Strike","Twin Strike","Anger"],"picked":"SKIP","floor":31.0},{"not_picked":["Reaper","Brutality"],"picked":"Impervious","floor":33.0},{"not_picked":["Burning Pact","Clash","Twin Strike"],"picked":"SKIP","floor":35.0},{"not_picked":["Clothesline","Clash"],"picked":"Battle Trance","floor":38.0},{"not_picked":["Headbutt","Armaments","Rampage+1"],"picked":"SKIP","floor":39.0},{"not_picked":["Headbutt","Armaments","Rampage+1"],"picked":"SKIP","floor":39.0},{"not_picked":["Iron Wave","Intimidate","Perfected Strike"],"picked":"SKIP","floor":40.0},{"not_picked":["Iron Wave","Intimidate","Perfected Strike"],"picked":"SKIP","floor":40.0},{"not_picked":["Rage","Sword Boomerang","Twin Strike"],"picked":"SKIP","floor":41.0},{"not_picked":["Whirlwind","Fiend Fire","Pommel Strike"],"picked":"SKIP","floor":42.0},{"not_picked":["True Grit","Wild Strike","Searing Blow"],"picked":"SKIP","floor":44.0},{"not_picked":["Clothesline","Exhume","True Grit"],"picked":"SKIP","floor":46.0},{"not_picked":["Headbutt","Anger","Wild Strike"],"picked":"SKIP","floor":47.0},{"not_picked":["Pommel Strike","Heavy Blade+1","Blood for Blood"],"picked":"SKIP","floor":48}],"player_experience":200231,"relics_obtained":[{"floor":7.0,"key":"Blood Vial"},{"floor":9.0,"key":"Red Skull"},{"floor":10.0,"key":"Ornamental Fan"},{"floor":24.0,"key":"Boot"},{"floor":28.0,"key":"WingedGreaves"},{"floor":28.0,"key":"Meat on the Bone"},{"floor":29.0,"key":"Shuriken"},{"floor":30.0,"key":"Happy Flower"},{"floor":36.0,"key":"Old Coin"},{"floor":40.0,"key":"Turnip"},{"floor":40.0,"key":"MawBank"},{"floor":42.0,"key":"Potion Belt"},{"floor":42.0,"key":"Bottled Lightning"},{"floor":44.0,"key":"Smiling Mask"},{"floor":44.0,"key":"Gremlin Horn"},{"floor":46.0,"key":"Mummified Hand"},{"floor":46.0,"key":"Bag of Marbles"}],"event_choices":[{"cards_removed":["Strike_R"],"damage_healed":0.0,"max_hp_gain":0.0,"max_hp_loss":0.0,"gold_gain":0.0,"event_name":"Living Wall","player_choice":"Forget","floor":3.0,"gold_loss":0.0,"damage_taken":0.0},{"damage_healed":0.0,"max_hp_gain":0.0,"max_hp_loss":0.0,"gold_gain":100.0,"event_name":"Golden Shrine","player_choice":"Pray","floor":13.0,"gold_loss":0.0,"damage_taken":0.0},{"damage_healed":0.0,"max_hp_gain":0.0,"max_hp_loss":0.0,"gold_gain":0.0,"event_name":"The Library","player_choice":"Read","floor":21.0,"gold_loss":0.0,"damage_taken":0.0,"cards_obtained":["Seeing Red"]},{"damage_healed":0.0,"max_hp_gain":0.0,"max_hp_loss":0.0,"gold_gain":0.0,"event_name":"Colosseum","player_choice":"Fight","floor":28.0,"gold_loss":0.0,"damage_taken":0.0},{"damage_healed":0.0,"max_hp_gain":0.0,"max_hp_loss":0.0,"gold_gain":0.0,"event_name":"Colosseum","player_choice":"Fought Nobs","floor":28.0,"gold_loss":0.0,"damage_taken":0.0},{"damage_healed":0.0,"max_hp_gain":0.0,"max_hp_loss":0.0,"gold_gain":0.0,"event_name":"Mysterious Sphere","player_choice":"Fight","floor":36.0,"gold_loss":0.0,"damage_taken":0.0},{"damage_healed":0.0,"max_hp_gain":0.0,"max_hp_loss":0.0,"gold_gain":0.0,"event_name":"Upgrade Shrine","player_choice":"Upgraded","floor":37.0,"gold_loss":0.0,"damage_taken":0.0,"cards_upgraded":["Impervious"]}],"is_beta":false,"boss_relics":[{"not_picked":["Fusion Hammer","Calling Bell"],"picked":"Cursed Key"},{"not_picked":["Tiny House","Eternal Feather"],"picked":"Black Star"}],"items_purged_floors":[19,45],"is_endless":false,"potions_floor_spawned":[2,4,10,16,20,24,27,29,31,33,41,42,46,48],"ascension_level":12}