{"gold_per_floor":[116,166,176,187,187,215,215,173,173,173,98,110,127,127,127,127],"floor_reached":16,"playtime":562,"items_purged":[],"score":204,"play_id":"c6d19bd0-08da-4b62-919a-368b786358f1","local_time":"20190717235248","is_ascension_mode":true,"campfire_choices":[{"data":"Genetic Algorithm","floor":7,"key":"SMITH"},{"floor":10,"key":"REST"},{"data":"Redo","floor":15,"key":"SMITH"}],"neow_cost":"NONE","seed_source_timestamp":400373456392572,"circlet_count":0,"master_deck":["AscendersBane","Strike_B","Strike_B","Strike_B","Defend_B","Defend_B","Defend_B","Defend_B","Zap","Dualcast","Cold Snap","Redo+1","Genetic Algorithm+1","Genetic Algorithm","Self Repair","White Noise","Ball Lightning"],"special_seed":0,"relics":["Cracked Core","DataDisk","WingedGreaves","Golden Idol"],"potions_floor_usage":[6,6,8,16],"damage_taken":[{"damage":2.0,"enemies":"Jaw Worm","floor":1.0,"turns":3.0},{"damage":0,"enemies":"Cultist","floor":3,"turns":4},{"damage":0,"enemies":"Small Slimes","floor":4,"turns":2},{"damage":23,"enemies":"Gremlin Nob","floor":6,"turns":4},{"damage":29,"enemies":"Exordium Thugs","floor":8,"turns":5},{"damage":5,"enemies":"Exordium Wildlife","floor":12,"turns":4},{"damage":15,"enemies":"Large Slime","floor":13,"turns":6},{"damage":20,"enemies":"Hexaghost","floor":16,"turns":9}],"seed_played":"6456781396528286847","potions_obtained":[{"floor":3,"key":"Weak Potion"},{"floor":5,"key":"FearPotion"},{"floor":6,"key":"Block Potion"},{"floor":8,"key":"Strength Potion"},{"floor":12,"key":"Fire Potion"}],"is_trial":false,"path_per_floor":["M","?","M","M","?","E","R","M","T","R","?","M","M","?","R","B"],"character_chosen":"DEFECT","items_purchased":[],"campfire_rested":1,"item_purchase_floors":[],"current_hp_per_floor":[62,55,55,55,55,32,32,3,3,24,24,26,18,18,18,0],"gold":127,"neow_bonus":"RANDOM_COMMON_RELIC","is_prod":false,"is_daily":false,"chose_seed":false,"campfire_upgraded":2,"win_rate":0,"timestamp":1563432768,"path_taken":["M","?","?","M","?","E","R","?","T","R","?","M","M","?","R","BOSS"],"build_version":"2019-07-10","purchased_purges":0,"victory":false,"max_hp_per_floor":[71,71,71,71,71,71,71,71,71,71,71,71,71,64,64,64],"card_choices":[{"not_picked":["Gash","Stack"],"picked":"Cold Snap","floor":1.0},{"not_picked":["Rebound","Beam Cell"],"picked":"Redo","floor":3},{"not_picked":["Coolheaded","Darkness"],"picked":"Genetic Algorithm","floor":4},{"not_picked":["Rebound","Streamline"],"picked":"Genetic Algorithm","floor":6},{"not_picked":["Consume","Turbo"],"picked":"Self Repair","floor":8},{"not_picked":["Gash","Streamline"],"picked":"White Noise","floor":12},{"not_picked":["Tempest","Chaos"],"picked":"Ball Lightning","floor":13}],"player_experience":2808677,"relics_obtained":[{"floor":6,"key":"WingedGreaves"}],"event_choices":[{"damage_healed":0,"gold_gain":50,"player_choice":"Touch","damage_taken":7,"max_hp_gain":0,"max_hp_loss":0,"event_name":"FaceTrader","floor":2,"gold_loss":0},{"damage_healed":0,"gold_gain":0,"player_choice":"Got Potions","damage_taken":0,"max_hp_gain":0,"max_hp_loss":0,"event_name":"Lab","floor":5,"gold_loss":0},{"cards_removed":["Strike_B"],"damage_healed":0,"gold_gain":0,"player_choice":"Card Removal","damage_taken":0,"max_hp_gain":0,"max_hp_loss":0,"event_name":"The Cleric","floor":11,"gold_loss":75},{"damage_healed":0,"gold_gain":0,"player_choice":"Lose Max HP","damage_taken":0,"relics_obtained":["Golden Idol"],"max_hp_gain":0,"max_hp_loss":7,"event_name":"Golden Idol","floor":14,"gold_loss":0}],"is_beta":true,"boss_relics":[],"items_purged_floors":[],"is_endless":false,"potions_floor_spawned":[3,6,8,12],"killed_by":"Hexaghost","ascension_level":20}