{"gold_per_floor":[116,134,153,153,176,210,210,210],"floor_reached":8,"playtime":116,"items_purged":[],"score":110,"play_id":"454b5196-3333-4b38-91c2-71972a5da29d","local_time":"20190512104123","is_ascension_mode":true,"campfire_choices":[],"neow_cost":"NONE","seed_source_timestamp":142630176152412,"circlet_count":0,"master_deck":["AscendersBane","Strike_B","Strike_B","Strike_B","Strike_B","Defend_B","Defend_B","Defend_B","Defend_B","Zap","Dualcast","Ball Lightning","Recycle","Conserve Battery","Defragment+1"],"relics":["Cracked Core","NeowsBlessing","Golden Idol","Ancient Tea Set"],"potions_floor_usage":[6,6],"damage_taken":[{"damage":0,"enemies":"Cultist","floor":1,"turns":1},{"damage":0,"enemies":"Small Slimes","floor":2,"turns":1},{"damage":0,"enemies":"2 Louse","floor":3,"turns":1},{"damage":7,"enemies":"2 Fungi Beasts","floor":5,"turns":3},{"damage":32,"enemies":"Gremlin Nob","floor":6,"turns":4},{"damage":25,"enemies":"3 Sentries","floor":8,"turns":3}],"seed_played":"-5330512342643200525","potions_obtained":[{"floor":1,"key":"FocusPotion"},{"floor":5,"key":"SteroidPotion"},{"floor":6,"key":"Energy Potion"}],"is_trial":false,"path_per_floor":["M","M","M","?","M","E","?","E"],"character_chosen":"DEFECT","items_purchased":[],"campfire_rested":0,"item_purchase_floors":[],"current_hp_per_floor":[64,64,64,64,57,25,25,0],"gold":210,"neow_bonus":"THREE_ENEMY_KILL","is_prod":false,"is_daily":false,"chose_seed":false,"campfire_upgraded":0,"win_rate":0,"timestamp":1557672083,"path_taken":["M","M","?","?","M","E","?","E"],"build_version":"2019-01-23","purchased_purges":0,"victory":false,"max_hp_per_floor":[71,71,71,64,64,64,64,64],"card_choices":[{"not_picked":["Force Field","Scrape"],"picked":"Ball Lightning","floor":1},{"not_picked":["Leap","Compile Driver","Scrape"],"picked":"SKIP","floor":2},{"not_picked":["Compile Driver","Hologram"],"picked":"Recycle","floor":3},{"not_picked":["Stack","Gash"],"picked":"Conserve Battery","floor":5},{"not_picked":["Go for the Eyes","Barrage"],"picked":"Defragment","floor":6}],"player_experience":359304,"relics_obtained":[{"floor":6,"key":"Ancient Tea Set"}],"event_choices":[{"damage_healed":0,"gold_gain":0,"player_choice":"Lose Max HP","damage_taken":0,"relics_obtained":["Golden Idol"],"max_hp_gain":0,"max_hp_loss":7,"event_name":"Golden Idol","floor":4,"gold_loss":0},{"damage_healed":0,"gold_gain":0,"player_choice":"Grow","damage_taken":0,"max_hp_gain":0,"max_hp_loss":0,"event_name":"Living Wall","floor":7,"gold_loss":0,"cards_upgraded":["Defragment"]}],"is_beta":false,"boss_relics":[],"items_purged_floors":[],"is_endless":false,"potions_floor_spawned":[1,5,6],"killed_by":"3 Sentries","ascension_level":18}