{"gold_per_floor":[110,128,203,353,372,372,405,419,473,473,494,7,7,30,30,119,119,138,82,103,103,0,0,0],"floor_reached":24,"playtime":1104,"items_purged":["Doubt"],"score":392,"play_id":"3bda3e91-1584-426a-80a8-f90f0a51626b","local_time":"20181017213232","is_ascension_mode":true,"campfire_choices":[{"data":"Hologram","floor":6.0,"key":"SMITH"},{"data":"Sunder","floor":13,"key":"SMITH"},{"data":"Turbo","floor":15,"key":"SMITH"},{"floor":23,"key":"REST"}],"neow_cost":"NONE","seed_source_timestamp":622579864168909,"circlet_count":0,"master_deck":["Strike_B","Strike_B","Strike_B","Strike_B","Defend_B","Defend_B","Defend_B","Defend_B","Zap+1","Dualcast","AscendersBane","Gash","Leap","Hologram+1","Echo Form","Compile Driver","Cold Snap","Cold Snap","Sunder+1","Turbo+1","Ball Lightning","Biased Cognition","Defragment","Conserve Battery","Leap"],"special_seed":0,"relics":["Cracked Core","Pear","Boot","Golden Idol","ClockworkSouvenir","Eternal Feather"],"potions_floor_usage":[],"damage_taken":[{"damage":2.0,"enemies":"2 Louse","floor":1.0,"turns":3.0},{"damage":9.0,"enemies":"Jaw Worm","floor":2.0,"turns":4.0},{"damage":0.0,"enemies":"Cultist","floor":5.0,"turns":4.0},{"damage":35.0,"enemies":"Lagavulin","floor":7.0,"turns":7.0},{"damage":8.0,"enemies":"Blue Slaver","floor":8.0,"turns":3.0},{"damage":0.0,"enemies":"Looter","floor":11.0,"turns":2.0},{"damage":0,"enemies":"Exordium Wildlife","floor":14,"turns":3},{"damage":16,"enemies":"Slime Boss","floor":16,"turns":7},{"damage":30,"enemies":"Shell Parasite","floor":18,"turns":6},{"damage":21,"enemies":"Spheric Guardian","floor":20,"turns":6},{"damage":49,"enemies":"Slavers","floor":24,"turns":2}],"seed_played":"-4874580641270960352","potions_obtained":[{"floor":5.0,"key":"Regen Potion"},{"floor":8.0,"key":"Fire Potion"}],"is_trial":false,"path_per_floor":["M","M","?","?","M","R","E","M","T","?","M","$","R","M","R","B",null,"M","$","M","?","?","R"],"character_chosen":"DEFECT","items_purchased":["ClockworkSouvenir","Cold Snap","Sunder","Turbo","Conserve Battery"],"campfire_rested":1,"item_purchase_floors":[12,12,12,12,19],"current_hp_per_floor":[62,53,42,42,42,42,32,24,24,24,24,24,24,24,24,8,57,27,27,6,6,6,42,0],"gold":0,"neow_bonus":"UPGRADE_CARD","is_prod":false,"is_daily":false,"chose_seed":false,"campfire_upgraded":3,"win_rate":0,"timestamp":1539837152,"path_taken":["M","M","?","?","?","R","E","M","T","?","M","?","R","M","R","BOSS","M","$","M","?","?","R","E"],"build_version":"2018-10-17v2","purchased_purges":1,"victory":false,"max_hp_per_floor":[71,71,71,71,71,71,81,81,81,73,73,73,73,73,73,73,73,73,73,73,73,73,73,73],"card_choices":[{"not_picked":["Beam Cell","Self Repair"],"picked":"Gash","floor":1.0},{"not_picked":["Undo","Compile Driver"],"picked":"Leap","floor":2.0},{"not_picked":["Blizzard","Recycle"],"picked":"Hologram","floor":5.0},{"not_picked":["Steam","Stack"],"picked":"Echo Form","floor":7.0},{"not_picked":["Darkness","Aggregate"],"picked":"Compile Driver","floor":8.0},{"not_picked":["Undo","Chaos"],"picked":"Cold Snap","floor":11},{"not_picked":["Go for the Eyes","Rip and Tear"],"picked":"Ball Lightning","floor":14},{"not_picked":["Rainbow","Core Surge"],"picked":"Biased Cognition","floor":16},{"not_picked":["Fusion","Static Discharge"],"picked":"Defragment","floor":18},{"not_picked":["Beam Cell","Fusion"],"picked":"Leap","floor":20}],"player_experience":2571191,"relics_obtained":[{"floor":7.0,"key":"Pear"},{"floor":9.0,"key":"Boot"}],"event_choices":[{"damage_healed":0.0,"max_hp_gain":0.0,"max_hp_loss":0.0,"gold_gain":75.0,"event_name":"World of Goop","player_choice":"Gather Gold","floor":3.0,"gold_loss":0.0,"damage_taken":11.0},{"damage_healed":0.0,"max_hp_gain":0.0,"max_hp_loss":0.0,"gold_gain":150.0,"event_name":"Liars Game","player_choice":"AGREE","floor":4.0,"gold_loss":0.0,"damage_taken":0.0,"cards_obtained":["Doubt"]},{"damage_healed":0.0,"max_hp_gain":0.0,"max_hp_loss":8.0,"gold_gain":0.0,"event_name":"Golden Idol","player_choice":"Lose Max HP","floor":10.0,"gold_loss":0.0,"damage_taken":0.0,"relics_obtained":["Golden Idol"]},{"damage_healed":0,"gold_gain":0,"player_choice":"Ignored","damage_taken":0,"max_hp_gain":0,"max_hp_loss":0,"event_name":"Vampires","floor":21,"gold_loss":0},{"damage_healed":0,"gold_gain":0,"player_choice":"Paid Fearfully","damage_taken":0,"max_hp_gain":0,"max_hp_loss":0,"event_name":"Masked Bandits","floor":22,"gold_loss":103}],"is_beta":true,"boss_relics":[{"not_picked":["Orrery","Philosopher\u0027s Stone"],"picked":"Eternal Feather"}],"items_purged_floors":[12],"is_endless":false,"potions_floor_spawned":[5,8],"killed_by":"Slavers","ascension_level":20}