{"gold_per_floor":[109,109,109,122,52,52,76,109,136,136,136,167,190,203,203,328,328,341,341,331,356,380,420,47,60,60,79,98,45,45,85,85,211,211,227,22,22,22,147,147,183,183,183,196,196,196],"floor_reached":46,"playtime":6235,"items_purged":[],"score":525,"play_id":"aea1f6de-6b2f-4dd7-a05b-1ec111444ed0","local_time":"20190902210455","is_ascension_mode":false,"campfire_choices":[{"data":"Dodge and Roll","floor":6.0,"key":"SMITH"},{"data":"Well Laid Plans","floor":10.0,"key":"SMITH"},{"floor":15.0,"key":"REST"},{"floor":30.0,"key":"REST"},{"floor":32.0,"key":"REST"},{"floor":40.0,"key":"REST"},{"floor":42.0,"key":"REST"}],"neow_cost":"PERCENT_DAMAGE","seed_source_timestamp":0,"circlet_count":0,"master_deck":["Strike_G+1","Strike_G+1","Strike_G","Strike_G","Defend_G","Defend_G+1","Defend_G","Defend_G","Defend_G","Survivor+1","Neutralize","Swift Strike","Dash","Dodge and Roll+1","Caltrops","Well Laid Plans+1","Caltrops+1","Tools of the Trade","PiercingWail+1","Reflex","PiercingWail+1","Acrobatics","Deadly Poison","Night Terror","Leg Sweep","Backflip","Parasite","Backflip","Flechettes","Dodge and Roll","Calculated Gamble","Envenom","Noxious Fumes+1","Backflip","Dark Shackles","Dark Shackles","Mind Blast","Skewer+1","Underhanded Strike","Regret","Dash"],"special_seed":0,"relics":["Ring of the Snake","Golden Idol","Strawberry","Regal Pillow","Calipers","Cursed Key","Ancient Tea Set","Happy Flower","Question Card","Whetstone","Snecko Eye","Dream Catcher","Tingsha","Bronze Scales","Meat on the Bone"],"potions_floor_usage":[],"damage_taken":[{"damage":1.0,"enemies":"Jaw Worm","floor":1.0,"turns":5.0},{"damage":0.0,"enemies":"2 Louse","floor":4.0,"turns":2.0},{"damage":0.0,"enemies":"Cultist","floor":7.0,"turns":3.0},{"damage":10.0,"enemies":"3 Sentries","floor":8.0,"turns":11.0},{"damage":3.0,"enemies":"Lagavulin","floor":12.0,"turns":9.0},{"damage":9.0,"enemies":"Gremlin Gang","floor":13.0,"turns":6.0},{"damage":3.0,"enemies":"3 Louse","floor":14.0,"turns":3.0},{"damage":27.0,"enemies":"Hexaghost","floor":16.0,"turns":13.0},{"damage":2.0,"enemies":"Spheric Guardian","floor":18.0,"turns":5.0},{"damage":10.0,"enemies":"2 Thieves","floor":20.0,"turns":4.0},{"damage":5.0,"enemies":"Centurion and Healer","floor":21.0,"turns":11.0},{"damage":5.0,"enemies":"Cultist and Chosen","floor":22.0,"turns":8.0},{"damage":5.0,"enemies":"Book of Stabbing","floor":23.0,"turns":7.0},{"damage":33.0,"enemies":"3 Cultists","floor":25.0,"turns":9.0},{"damage":1.0,"enemies":"Chosen and Byrds","floor":27.0,"turns":8.0},{"damage":0.0,"enemies":"Snake Plant","floor":28.0,"turns":5.0},{"damage":12.0,"enemies":"Slavers","floor":31.0,"turns":6.0},{"damage":51.0,"enemies":"Champ","floor":33.0,"turns":16.0},{"damage":22.0,"enemies":"Orb Walker","floor":35.0,"turns":6.0},{"damage":0.0,"enemies":"3 Darklings","floor":38.0,"turns":3.0},{"damage":5.0,"enemies":"Mind Bloom Boss Battle","floor":39.0,"turns":8.0},{"damage":61.0,"enemies":"Giant Head","floor":41.0,"turns":11.0},{"damage":20.0,"enemies":"Maw","floor":44.0,"turns":9.0},{"damage":43,"enemies":"Transient","floor":46,"turns":5}],"seed_played":"-4021244196389755646","potions_obtained":[{"floor":1.0,"key":"SpeedPotion"},{"floor":12.0,"key":"Swift Potion"},{"floor":16.0,"key":"GhostInAJar"},{"floor":20.0,"key":"SpeedPotion"},{"floor":22.0,"key":"GamblersBrew"},{"floor":23.0,"key":"FearPotion"},{"floor":27.0,"key":"Dexterity Potion"},{"floor":28.0,"key":"Swift Potion"},{"floor":35.0,"key":"SmokeBomb"},{"floor":39.0,"key":"SteroidPotion"},{"floor":44,"key":"LiquidBronze"}],"is_trial":false,"path_per_floor":["M","?","?","M","$","R","M","E","T","R","?","E","M","M","R","B",null,"M","?","M","M","M","E","$","M","T","M","M","$","R","E","R","B",null,"M","$","?","M","?","R","E","R","T","M","?","M"],"character_chosen":"THE_SILENT","items_purchased":["Caltrops","Happy Flower","Night Terror","Leg Sweep","Dodge and Roll","Dream Catcher","Backflip"],"campfire_rested":5,"item_purchase_floors":[5,24,24,24,29,36,36],"current_hp_per_floor":[48,48,35,35,35,35,35,32,32,32,32,29,20,17,53,26,72,70,72,62,57,52,47,47,14,14,13,13,13,49,37,72,21,72,50,50,40,40,35,71,10,46,46,38,38,0],"gold":196,"neow_bonus":"RANDOM_COLORLESS_2","is_prod":false,"is_daily":false,"chose_seed":false,"campfire_upgraded":2,"win_rate":0,"timestamp":1567451095,"path_taken":["M","?","?","M","$","R","M","E","T","R","?","E","M","M","R","BOSS","M","?","M","M","M","E","?","?","T","M","M","$","R","E","R","BOSS","M","$","?","M","?","R","E","R","T","M","?","M"],"build_version":"2019-06-28","purchased_purges":0,"victory":false,"max_hp_per_floor":[70,65,65,65,65,65,65,72,72,72,72,72,72,72,72,72,72,72,72,72,72,72,72,72,72,72,72,72,72,72,72,72,72,72,72,72,72,72,72,72,72,72,72,72,72,72],"card_choices":[{"not_picked":["Concentrate","Bane"],"picked":"Dash","floor":1.0},{"not_picked":["Flying Knee","Slice"],"picked":"Dodge and Roll","floor":4.0},{"not_picked":["Outmaneuver","Sucker Punch"],"picked":"Well Laid Plans","floor":7.0},{"not_picked":["Prepared","Dagger Spray"],"picked":"Caltrops","floor":8.0},{"not_picked":["Setup","Eviscerate","Reflex"],"picked":"SKIP","floor":12.0},{"not_picked":["All Out Attack","Quick Slash","Dagger Spray"],"picked":"SKIP","floor":13.0},{"not_picked":["PiercingWail","Prepared","Dagger Spray"],"picked":"SKIP","floor":14.0},{"not_picked":["Malaise","Wraith Form v2"],"picked":"Tools of the Trade","floor":16.0},{"not_picked":["Quick Slash","Dagger Throw"],"picked":"PiercingWail+1","floor":18.0},{"not_picked":["Distraction","Flying Knee"],"picked":"Reflex","floor":20.0},{"not_picked":["Masterful Stab","Tactician"],"picked":"PiercingWail+1","floor":21.0},{"not_picked":["Flying Knee+1","Quick Slash+1"],"picked":"Acrobatics","floor":22.0},{"not_picked":["Dagger Throw","Tactician"],"picked":"Deadly Poison","floor":23.0},{"not_picked":["Acrobatics","Dodge and Roll"],"picked":"Backflip","floor":25.0},{"not_picked":["Slice","Choke","Underhanded Strike"],"picked":"Backflip","floor":27.0},{"not_picked":["Calculated Gamble","Malaise","Cloak And Dagger"],"picked":"Flechettes","floor":28.0},{"not_picked":["Dagger Spray","Distraction","Deflect"],"picked":"Calculated Gamble","floor":31.0},{"not_picked":["Adrenaline","Phantasmal Killer","Night Terror"],"picked":"Envenom","floor":33.0},{"not_picked":["Dagger Spray","Distraction","Finisher+1"],"picked":"Noxious Fumes+1","floor":35.0},{"not_picked":["Jack Of All Trades","Panacea","Deep Breath"],"picked":"Dark Shackles","floor":37.0},{"not_picked":["Flash of Steel","Panacea","Deep Breath"],"picked":"Dark Shackles","floor":37.0},{"not_picked":["Violence","Jack Of All Trades","Forethought"],"picked":"Mind Blast","floor":37.0},{"not_picked":["Bane","Calculated Gamble","Quick Slash"],"picked":"Skewer+1","floor":39.0},{"not_picked":["Concentrate","Skewer+1","Quick Slash","Underhanded Strike"],"picked":"SKIP","floor":41.0},{"not_picked":["Deadly Poison+1","Well Laid Plans","Slice"],"picked":"Underhanded Strike","floor":42.0},{"not_picked":["Infinite Blades+1","Deflect","Finisher"],"picked":"Dash","floor":44}],"player_experience":188430,"relics_obtained":[{"floor":8.0,"key":"Strawberry"},{"floor":9.0,"key":"Regal Pillow"},{"floor":12.0,"key":"Calipers"},{"floor":23.0,"key":"Ancient Tea Set"},{"floor":26.0,"key":"Question Card"},{"floor":31.0,"key":"Whetstone"},{"floor":39.0,"key":"Tingsha"},{"floor":41.0,"key":"Bronze Scales"},{"floor":43.0,"key":"Meat on the Bone"}],"event_choices":[{"damage_healed":0.0,"max_hp_gain":0.0,"max_hp_loss":5.0,"gold_gain":0.0,"event_name":"Golden Idol","player_choice":"Lose Max HP","floor":2.0,"gold_loss":0.0,"damage_taken":0.0,"relics_obtained":["Golden Idol"]},{"damage_healed":0.0,"max_hp_gain":0.0,"max_hp_loss":0.0,"gold_gain":0.0,"event_name":"Shining Light","player_choice":"Entered Light","floor":3.0,"gold_loss":0.0,"damage_taken":13.0,"cards_upgraded":["Survivor","Defend_G"]},{"damage_healed":0.0,"max_hp_gain":0.0,"max_hp_loss":0.0,"gold_gain":0.0,"event_name":"Living Wall","player_choice":"Grow","floor":11.0,"gold_loss":0.0,"damage_taken":0.0,"cards_upgraded":["Caltrops"]},{"cards_removed":["Impatience"],"damage_healed":2.0,"max_hp_gain":0.0,"max_hp_loss":0.0,"gold_gain":0.0,"event_name":"Bonfire Elementals","player_choice":"Offered Uncommon","floor":19.0,"gold_loss":0.0,"damage_taken":0.0},{"damage_healed":0.0,"max_hp_gain":0.0,"max_hp_loss":0.0,"gold_gain":0.0,"event_name":"SensoryStone","player_choice":"Memory 3","floor":37.0,"gold_loss":0.0,"damage_taken":10.0},{"damage_healed":0.0,"max_hp_gain":0.0,"max_hp_loss":0.0,"gold_gain":0.0,"event_name":"MindBloom","player_choice":"Fight","floor":39.0,"gold_loss":0.0,"damage_taken":0.0},{"cards_removed":["Strike_G"],"damage_healed":0,"gold_gain":0,"player_choice":"Removed Attack","damage_taken":0,"max_hp_gain":0,"max_hp_loss":0,"event_name":"Falling","floor":45,"gold_loss":0}],"is_beta":true,"boss_relics":[{"not_picked":["Fusion Hammer","Velvet Choker"],"picked":"Cursed Key"},{"not_picked":["Black Star","Philosopher\u0027s Stone"],"picked":"Snecko Eye"}],"items_purged_floors":[],"is_endless":false,"potions_floor_spawned":[1,12,16,20,22,23,27,28,35,39,44],"killed_by":"Transient","ascension_level":0}