{"gold_per_floor":[14,25,40,50,67,67,82,109,158,158],"floor_reached":10,"playtime":241,"items_purged":[],"score":144,"play_id":"5b271fcc-4150-46f0-a2e8-53a894e9aee0","local_time":"20190714033441","is_ascension_mode":true,"campfire_choices":[{"data":"Biased Cognition","floor":6,"key":"SMITH"}],"neow_cost":"NO_GOLD","seed_source_timestamp":35689585103290,"circlet_count":0,"master_deck":["AscendersBane","Strike_B+1","Strike_B","Strike_B+1","Strike_B","Defend_B","Defend_B","Defend_B","Defend_B","Zap","Dualcast","Biased Cognition+1","Conserve Battery","Chill","Hologram","Cold Snap","BootSequence","Cold Snap"],"relics":["Cracked Core","Whetstone","Strawberry"],"potions_floor_usage":[8,10],"damage_taken":[{"damage":1,"enemies":"Cultist","floor":1,"turns":3},{"damage":8,"enemies":"Small Slimes","floor":2,"turns":3},{"damage":0,"enemies":"2 Louse","floor":3,"turns":3},{"damage":12,"enemies":"2 Fungi Beasts","floor":4,"turns":4},{"damage":13,"enemies":"3 Louse","floor":5,"turns":2},{"damage":4,"enemies":"Large Slime","floor":7,"turns":6},{"damage":18,"enemies":"Gremlin Nob","floor":8,"turns":6},{"damage":18,"enemies":"3 Sentries","floor":10,"turns":2}],"seed_played":"-767175001334437905","potions_obtained":[{"floor":2,"key":"Dexterity Potion"},{"floor":3,"key":"SkillPotion"}],"is_trial":false,"path_per_floor":["M","M","M","M","M","R","M","E","T","E"],"character_chosen":"DEFECT","items_purchased":[],"campfire_rested":0,"item_purchase_floors":[],"current_hp_per_floor":[63,55,55,43,30,30,26,8,15,0],"gold":158,"neow_bonus":"THREE_RARE_CARDS","is_prod":false,"is_daily":false,"chose_seed":false,"campfire_upgraded":1,"win_rate":0,"timestamp":1563089681,"path_taken":["M","?","M","M","M","R","M","E","T","E"],"build_version":"2019-07-05","purchased_purges":0,"victory":false,"max_hp_per_floor":[71,71,71,71,71,71,71,71,78,78],"card_choices":[{"not_picked":["Meteor Strike","Rainbow"],"picked":"Biased Cognition","floor":0},{"not_picked":["Streamline","Static Discharge"],"picked":"Conserve Battery","floor":1},{"not_picked":["Rebound","Scrape"],"picked":"Chill","floor":2},{"not_picked":["Steam","Reprogram","Rebound"],"picked":"SKIP","floor":3},{"not_picked":["Rebound","Static Discharge"],"picked":"Hologram","floor":4},{"not_picked":["Hologram","Conserve Battery"],"picked":"Cold Snap","floor":5},{"not_picked":["Redo","Stack"],"picked":"BootSequence","floor":7},{"not_picked":["Chaos","Gash"],"picked":"Cold Snap","floor":8}],"player_experience":519545,"relics_obtained":[{"floor":8,"key":"Whetstone"},{"floor":9,"key":"Strawberry"}],"event_choices":[],"is_beta":false,"boss_relics":[],"items_purged_floors":[],"is_endless":false,"potions_floor_spawned":[2,3,7],"killed_by":"3 Sentries","ascension_level":20}