{"gold_per_floor":[18,29,46,46,63,63,83,116,171,171,205,4,19,32,32,132,132,147,246,246,246,46,46,58,119,168,209,221,264,289,301,313,426,438,465,477,2,102,72,102,102,135,183,198,223,119,119,135,135,135],"floor_reached":51,"playtime":2880,"items_purged":["Strike_B","Writhe"],"score":1302,"play_id":"8c05d2c1-d5d8-4d76-97bc-854dc5dd4c14","local_time":"20190321234927","is_ascension_mode":true,"campfire_choices":[{"data":"Seek","floor":6,"key":"SMITH"},{"floor":10,"key":"REST"},{"data":"Skim","floor":15,"key":"SMITH"},{"floor":23,"key":"REST"},{"floor":28,"key":"REST"},{"floor":32,"key":"REST"},{"data":"Sunder","floor":41,"key":"SMITH"},{"data":"White Noise","floor":49,"key":"SMITH"}],"neow_cost":"NO_GOLD","seed_source_timestamp":710249103579218,"circlet_count":0,"master_deck":["AscendersBane","Defend_B","Defend_B","Defend_B+1","Defend_B","Zap","Dualcast","Seek+1","Gash","Ball Lightning","Gash","Gash","Rip and Tear","Go for the Eyes","Beam Cell","Skim+1","Echo Form","Cold Snap","Necronomicurse","Coolheaded+1","Sunder+1","Genetic Algorithm","Machine Learning","Force Field","Self Repair+1","Biased Cognition+1","All For One+1","All For One+1","Aggregate+1","Genetic Algorithm+1","Loop+1","Chill","Ball Lightning","Undo+1","White Noise+1","Defragment+1","Coolheaded","Streamline"],"relics":["Cracked Core","Shuriken","PreservedInsect","Centennial Puzzle","Bottled Lightning","Lee\u0027s Waffle","Sozu","Necronomicon","Tiny Chest","MawBank","Frozen Egg 2","DataDisk","Pen Nib","Astrolabe","ClockworkSouvenir","Calipers","Gambling Chip","Bag of Preparation","War Paint","Emotion Chip"],"potions_floor_usage":[5,8,16,16,25],"damage_taken":[{"damage":1,"enemies":"Cultist","floor":1,"turns":3},{"damage":9,"enemies":"Jaw Worm","floor":2,"turns":4},{"damage":3,"enemies":"Small Slimes","floor":3,"turns":2},{"damage":4,"enemies":"2 Fungi Beasts","floor":5,"turns":2},{"damage":9,"enemies":"Large Slime","floor":7,"turns":5},{"damage":20,"enemies":"3 Sentries","floor":8,"turns":4},{"damage":18,"enemies":"Gremlin Nob","floor":11,"turns":3},{"damage":7,"enemies":"3 Louse","floor":13,"turns":2},{"damage":4,"enemies":"Gremlin Gang","floor":14,"turns":4},{"damage":32,"enemies":"The Guardian","floor":16,"turns":9},{"damage":22,"enemies":"Shell Parasite","floor":18,"turns":4},{"damage":12,"enemies":"Chosen","floor":24,"turns":3},{"damage":16,"enemies":"Book of Stabbing","floor":25,"turns":3},{"damage":8,"enemies":"Slavers","floor":27,"turns":3},{"damage":42,"enemies":"Gremlin Leader","floor":29,"turns":5},{"damage":9,"enemies":"3 Cultists","floor":30,"turns":4},{"damage":20,"enemies":"Automaton","floor":33,"turns":8},{"damage":4,"enemies":"Orb Walker","floor":35,"turns":3},{"damage":10,"enemies":"Mind Bloom Boss Battle","floor":38,"turns":5},{"damage":14,"enemies":"Nemesis","floor":40,"turns":5},{"damage":8,"enemies":"Giant Head","floor":42,"turns":5},{"damage":0,"enemies":"3 Shapes","floor":44,"turns":3},{"damage":13,"enemies":"Nemesis","floor":45,"turns":5},{"damage":0,"enemies":"Writhing Mass","floor":48,"turns":5},{"damage":39,"enemies":"Awakened One","floor":50,"turns":8}],"seed_played":"-4048508107930281463","potions_obtained":[{"floor":2,"key":"FocusPotion"},{"floor":3,"key":"AttackPotion"},{"floor":5,"key":"GamblersBrew"},{"floor":11,"key":"GamblersBrew"},{"floor":16,"key":"Regen Potion"}],"is_trial":false,"path_per_floor":["M","M","M","T","M","R","M","E","T","R","E","$","M","M","R","B",null,"M","?","?","?","$","R","M","E","T","E","R","E","M","?","R","B",null,"M","?","$","?","?","E","R","E","T","M","E","$","?","M","R","B",null],"character_chosen":"DEFECT","items_purchased":["Lee\u0027s Waffle","Coolheaded","Sunder","ClockworkSouvenir","Loop+1","Chill","Ball Lightning","Defragment+1","Coolheaded"],"campfire_rested":4,"item_purchase_floors":[12,22,22,37,37,37,37,46,46],"current_hp_per_floor":[67,58,55,55,51,51,42,22,22,44,26,82,75,71,71,39,71,49,49,33,33,33,57,45,38,38,30,54,12,3,3,27,17,66,82,82,82,82,82,78,78,80,80,80,82,82,78,78,78,49],"gold":135,"neow_bonus":"THREE_RARE_CARDS","is_prod":false,"is_daily":false,"chose_seed":false,"campfire_upgraded":4,"win_rate":0,"timestamp":1553226567,"path_taken":["M","M","?","?","M","R","?","E","T","R","E","?","?","M","R","BOSS","M","?","?","?","$","R","M","E","T","E","R","E","?","?","R","BOSS","M","?","$","?","?","E","R","E","T","?","E","$","?","M","R","BOSS"],"build_version":"2019-01-23","purchased_purges":2,"victory":true,"max_hp_per_floor":[75,75,75,75,75,75,75,75,75,75,75,82,82,82,82,82,82,82,82,82,82,82,82,82,82,82,82,82,82,82,82,82,82,82,82,82,82,82,82,82,82,82,82,82,82,82,78,78,78,78],"card_choices":[{"not_picked":["Amplify","All For One"],"picked":"Seek","floor":0},{"not_picked":["Beam Cell","Leap"],"picked":"Gash","floor":1},{"not_picked":["Aggregate","Turbo","Sweeping Beam"],"picked":"SKIP","floor":2},{"not_picked":["Reinforced Body","Reboot"],"picked":"Ball Lightning","floor":3},{"not_picked":["Turbo","Blizzard"],"picked":"Gash","floor":5},{"not_picked":["Melter","Stack"],"picked":"Gash","floor":7},{"not_picked":["Sweeping Beam","Aggregate"],"picked":"Rip and Tear","floor":8},{"not_picked":["Steam","Streamline"],"picked":"Go for the Eyes","floor":11},{"not_picked":["Cold Snap","Blizzard"],"picked":"Beam Cell","floor":13},{"not_picked":["Beam Cell","Multi-Cast"],"picked":"Skim","floor":14},{"not_picked":["Fission","Buffer"],"picked":"Echo Form","floor":16},{"not_picked":["Hologram","Darkness"],"picked":"Cold Snap","floor":18},{"not_picked":["Barrage","Sweeping Beam"],"picked":"Genetic Algorithm","floor":24},{"not_picked":["Static Discharge","Heatsinks"],"picked":"Machine Learning","floor":25},{"not_picked":["Skim","Melter"],"picked":"Storm","floor":27},{"not_picked":["FTL","Reprogram"],"picked":"Force Field","floor":29},{"not_picked":["Loop+1","Barrage"],"picked":"Self Repair+1","floor":30},{"not_picked":["Core Surge","Meteor Strike"],"picked":"Biased Cognition+1","floor":33},{"not_picked":["Coolheaded","Double Energy"],"picked":"Genetic Algorithm+1","floor":35},{"not_picked":["Genetic Algorithm","Double Energy+1","Lockon"],"picked":"SKIP","floor":40},{"not_picked":["Leap+1","Melter"],"picked":"Undo+1","floor":42},{"not_picked":["Streamline","Rebound","Ball Lightning+1"],"picked":"SKIP","floor":44},{"not_picked":["Sunder+1","Melter"],"picked":"White Noise","floor":45},{"not_picked":["Scrape","White Noise"],"picked":"Streamline","floor":48}],"player_experience":200058,"relics_obtained":[{"floor":4,"key":"Shuriken"},{"floor":8,"key":"PreservedInsect"},{"floor":9,"key":"Centennial Puzzle"},{"floor":11,"key":"Bottled Lightning"},{"floor":20,"key":"Necronomicon"},{"floor":25,"key":"Tiny Chest"},{"floor":26,"key":"MawBank"},{"floor":27,"key":"Frozen Egg 2"},{"floor":29,"key":"DataDisk"},{"floor":38,"key":"Calipers"},{"floor":40,"key":"Gambling Chip"},{"floor":42,"key":"Bag of Preparation"},{"floor":43,"key":"War Paint"},{"floor":45,"key":"Emotion Chip"}],"event_choices":[{"damage_healed":0,"gold_gain":99,"player_choice":"Stole From Cult","damage_taken":0,"max_hp_gain":0,"max_hp_loss":0,"event_name":"Nest","floor":19,"gold_loss":0},{"damage_healed":0,"gold_gain":0,"player_choice":"Obtained Book","damage_taken":16,"max_hp_gain":0,"max_hp_loss":0,"event_name":"Cursed Tome","floor":20,"gold_loss":0},{"cards_removed":["Strike_B"],"damage_healed":0,"gold_gain":0,"player_choice":"Purged","damage_taken":0,"max_hp_gain":0,"max_hp_loss":0,"event_name":"Purifier","floor":21,"gold_loss":0},{"damage_healed":0,"gold_gain":0,"player_choice":"Opened","damage_taken":0,"relics_obtained":["Pen Nib"],"max_hp_gain":0,"max_hp_loss":0,"event_name":"The Mausoleum","floor":31,"gold_loss":0,"cards_obtained":["Writhe"]},{"damage_healed":0,"gold_gain":0,"player_choice":"Ignored","damage_taken":0,"max_hp_gain":0,"max_hp_loss":0,"event_name":"Tomb of Lord Red Mask","floor":36,"gold_loss":0},{"damage_healed":0,"gold_gain":0,"player_choice":"Fight","damage_taken":0,"max_hp_gain":0,"max_hp_loss":0,"event_name":"MindBloom","floor":38,"gold_loss":0},{"damage_healed":0,"gold_gain":0,"player_choice":"Bought 2 Potions","damage_taken":0,"max_hp_gain":0,"max_hp_loss":0,"event_name":"The Woman in Blue","floor":39,"gold_loss":0},{"damage_healed":0,"gold_gain":0,"player_choice":"Max HP","damage_taken":0,"max_hp_gain":0,"max_hp_loss":4,"event_name":"Winding Halls","floor":47,"gold_loss":0}],"is_beta":false,"boss_relics":[{"not_picked":["Calling Bell","FrozenCore"],"picked":"Sozu"},{"not_picked":["Coffee Dripper","Eternal Feather"],"picked":"Astrolabe"}],"items_purged_floors":[22,37],"is_endless":false,"potions_floor_spawned":[2,3,5,7,11,16,24,27,29,33,40,45],"ascension_level":12}