{"gold_per_floor":[110,122,140,120,140,140,175,175,175,189,202,202,217,14,14,87,87,100,117,117,117,117,117,128,128,128,128,154,164,178,178,178,252,252,265,48,48,67,80,80],"floor_reached":40,"playtime":2270,"items_purged":[],"score":780,"play_id":"0bd604d3-7f32-4c07-8076-eb6393f2b626","local_time":"20190117021326","is_ascension_mode":true,"campfire_choices":[{"data":"Sunder","floor":6,"key":"SMITH"},{"data":"Loop","floor":8,"key":"SMITH"},{"data":"Melter","floor":12,"key":"SMITH"},{"data":"Zap","floor":15,"key":"SMITH"},{"floor":23,"key":"REST"},{"floor":25,"key":"RECALL"},{"floor":27,"key":"REST"},{"floor":32,"key":"REST"}],"neow_cost":"NONE","seed_source_timestamp":638942152661371,"circlet_count":0,"master_deck":["AscendersBane","Strike_B+1","Defend_B+1","Defend_B+1","Defend_B+1","Defend_B+1","Zap+1","Melter+1","Go for the Eyes","Sunder+1","Turbo+1","Loop+1","Cold Snap","Go for the Eyes","Leap","Capacitor","Reboot","Leap+1","Beam Cell+1","Redo+1","Necronomicurse","Steam+1","Rebound","Cold Snap","Core Surge","Beam Cell+1","Blind+1","FTL+1","Redo+1","Darkness","Consume+1","Go for the Eyes+1"],"relics":["Cracked Core","Shuriken","Mercury Hourglass","Vajra","Fusion Hammer","Necronomicon","War Paint","Astrolabe","Toolbox"],"potions_floor_usage":[7,11,13,16,30,33,39],"damage_taken":[{"damage":1,"enemies":"2 Louse","floor":1,"turns":3},{"damage":0,"enemies":"Cultist","floor":2,"turns":2},{"damage":7,"enemies":"Small Slimes","floor":3,"turns":3},{"damage":14,"enemies":"3 Louse","floor":5,"turns":3},{"damage":20,"enemies":"Lagavulin","floor":7,"turns":6},{"damage":6,"enemies":"Looter","floor":10,"turns":2},{"damage":1,"enemies":"Blue Slaver","floor":11,"turns":2},{"damage":0,"enemies":"Lots of Slimes","floor":13,"turns":1},{"damage":5,"enemies":"Hexaghost","floor":16,"turns":9},{"damage":14,"enemies":"2 Thieves","floor":18,"turns":3},{"damage":14,"enemies":"Shell Parasite","floor":19,"turns":4},{"damage":0,"enemies":"Snake Plant","floor":24,"turns":1},{"damage":27,"enemies":"Sentry and Sphere","floor":29,"turns":4},{"damage":23,"enemies":"Cultist and Chosen","floor":30,"turns":5},{"damage":20,"enemies":"Champ","floor":33,"turns":8},{"damage":4,"enemies":"3 Shapes","floor":35,"turns":3},{"damage":4,"enemies":"Orb Walker","floor":38,"turns":2},{"damage":4,"enemies":"Transient","floor":39,"turns":6},{"damage":46,"enemies":"Nemesis","floor":40,"turns":3}],"seed_played":"-637562262773923215","potions_obtained":[{"floor":2,"key":"FearPotion"},{"floor":4,"key":"Block Potion"},{"floor":5,"key":"PowerPotion"},{"floor":11,"key":"Explosive Potion"},{"floor":13,"key":"Regen Potion"},{"floor":16,"key":"Poison Potion"},{"floor":18,"key":"LiquidBronze"},{"floor":30,"key":"Block Potion"},{"floor":38,"key":"Swift Potion"}],"is_trial":false,"path_per_floor":["M","M","M","?","M","R","E","R","T","M","M","R","M","$","R","B",null,"M","M","?","?","?","R","M","R","T","R","T","M","M","?","R","B",null,"M","$","?","M","M","E"],"character_chosen":"DEFECT","items_purchased":["Vajra","Capacitor","Toolbox"],"campfire_rested":3,"item_purchase_floors":[14,14,36],"current_hp_per_floor":[63,63,56,56,42,42,22,22,22,16,15,15,15,15,15,25,60,46,32,46,46,25,46,46,46,46,67,67,40,17,17,38,18,58,54,54,54,50,46,0],"gold":80,"neow_bonus":"RANDOM_COLORLESS","is_prod":false,"is_daily":false,"chose_seed":false,"campfire_upgraded":4,"win_rate":0,"timestamp":1547720006,"path_taken":["M","M","M","?","M","R","E","R","T","M","M","R","?","$","R","BOSS","M","?","?","?","?","R","M","R","T","R","?","M","?","?","R","BOSS","M","$","?","M","?","E"],"build_version":"2019-01-16","purchased_purges":0,"victory":false,"max_hp_per_floor":[71,71,71,71,71,71,71,71,71,71,71,71,71,71,71,71,71,71,71,71,71,71,71,71,71,71,71,71,71,71,71,71,71,71,71,71,71,71,71,71],"card_choices":[{"not_picked":["FTL","Barrage"],"picked":"Melter","floor":1},{"not_picked":["Skim","Redo"],"picked":"Go for the Eyes","floor":2},{"not_picked":["Leap","Force Field"],"picked":"Sunder","floor":3},{"not_picked":["Aggregate","Stack"],"picked":"Turbo","floor":5},{"not_picked":["Capacitor","Hello World"],"picked":"Loop","floor":7},{"not_picked":["Conserve Battery","Chaos"],"picked":"Cold Snap","floor":10},{"not_picked":["Lockon","Gash"],"picked":"Go for the Eyes","floor":11},{"not_picked":["Multi-Cast","Heatsinks"],"picked":"Leap","floor":13},{"not_picked":["Meteor Strike","Rainbow"],"picked":"Reboot","floor":16},{"not_picked":["Cold Snap","Hologram"],"picked":"Leap+1","floor":18},{"not_picked":["Steam","Undo"],"picked":"Beam Cell+1","floor":19},{"not_picked":["Rebound+1","Conserve Battery"],"picked":"Steam+1","floor":24},{"not_picked":["Sunder","Compile Driver"],"picked":"Rebound","floor":29},{"not_picked":["Streamline","Conserve Battery"],"picked":"Cold Snap","floor":30},{"not_picked":["Thunder Strike","Rainbow"],"picked":"Core Surge","floor":33},{"not_picked":["Stack","Auto Shields+1"],"picked":"Redo+1","floor":35},{"not_picked":["Darkness+1","Hologram"],"picked":"Consume+1","floor":38},{"not_picked":["Recycle","Rip and Tear"],"picked":"Go for the Eyes+1","floor":39}],"player_experience":2762601,"relics_obtained":[{"floor":7,"key":"Shuriken"},{"floor":9,"key":"Mercury Hourglass"},{"floor":22,"key":"Necronomicon"},{"floor":28,"key":"War Paint"}],"event_choices":[{"damage_healed":0,"gold_gain":0,"player_choice":"Bought 1 Potion","damage_taken":0,"max_hp_gain":0,"max_hp_loss":0,"event_name":"The Woman in Blue","floor":4,"gold_loss":0},{"damage_healed":14,"gold_gain":0,"player_choice":"Heal","damage_taken":0,"max_hp_gain":0,"max_hp_loss":0,"event_name":"The Library","floor":20,"gold_loss":0},{"damage_healed":0,"gold_gain":0,"cards_transformed":["Strike_B","Strike_B"],"player_choice":"Became Test Subject","damage_taken":0,"max_hp_gain":0,"max_hp_loss":0,"event_name":"Drug Dealer","floor":21,"gold_loss":0,"cards_obtained":["Redo","Redo"]},{"damage_healed":0,"gold_gain":0,"player_choice":"Obtained Book","damage_taken":21,"max_hp_gain":0,"max_hp_loss":0,"event_name":"Cursed Tome","floor":22,"gold_loss":0},{"damage_healed":0,"gold_gain":0,"player_choice":"Simplicity","damage_taken":0,"max_hp_gain":0,"max_hp_loss":0,"event_name":"Back to Basics","floor":31,"gold_loss":0,"cards_upgraded":["Strike_B","Strike_B","Defend_B","Defend_B","Defend_B","Defend_B"]},{"damage_healed":0,"gold_gain":0,"cards_transformed":["Strike_B"],"player_choice":"Transformed","damage_taken":0,"max_hp_gain":0,"max_hp_loss":0,"event_name":"Transmorgrifier","floor":37,"gold_loss":0,"cards_obtained":["Darkness"]}],"is_beta":true,"boss_relics":[{"not_picked":["Calling Bell","Velvet Choker"],"picked":"Fusion Hammer"},{"not_picked":["Pandora\u0027s Box","Runic Dome"],"picked":"Astrolabe"}],"items_purged_floors":[],"is_endless":false,"potions_floor_spawned":[2,5,11,13,16,18,24,29,30,38],"killed_by":"Nemesis","ascension_level":20}