{"gold_per_floor":[119,119,16,62,72,72,101,116,116,126,126,140,1,17,17,95,95,68,85,85,6,18,18,38,38],"floor_reached":25,"playtime":1356,"items_purged":["Strike_B","Writhe"],"score":460,"play_id":"36f12bf6-2550-45d2-8276-2c439b7d4db1","local_time":"20190814183343","is_ascension_mode":true,"campfire_choices":[{"data":"Zap","floor":6.0,"key":"SMITH"},{"floor":11.0,"key":"RECALL"},{"data":"Fusion","floor":15.0,"key":"SMITH"},{"floor":23.0,"key":"REST"}],"neow_cost":"NONE","seed_source_timestamp":9168324541876,"circlet_count":0,"master_deck":["AscendersBane","Strike_B","Strike_B","Defend_B","Defend_B","Defend_B","Defend_B","Zap+1","Dualcast","Glacier","Dark Shackles","Leap","Cold Snap","Coolheaded","Hello World","Fusion+1","Dark Shackles","Hologram","Electrodynamics","Barrage","Loop","Compile Driver","Force Field","Reinforced Body"],"special_seed":0,"relics":["Cracked Core","NeowsBlessing","Smiling Mask","Sundial","Gremlin Horn","Nuclear Battery","Ancient Tea Set"],"potions_floor_usage":[],"damage_taken":[{"damage":0.0,"enemies":"Jaw Worm","floor":1.0,"turns":1.0},{"damage":0.0,"enemies":"Cultist","floor":5.0,"turns":1.0},{"damage":0.0,"enemies":"Gremlin Nob","floor":7.0,"turns":1.0},{"damage":1.0,"enemies":"Small Slimes","floor":8.0,"turns":4.0},{"damage":4.0,"enemies":"2 Fungi Beasts","floor":10.0,"turns":4.0},{"damage":6.0,"enemies":"3 Louse","floor":12.0,"turns":3.0},{"damage":0.0,"enemies":"Red Slaver","floor":14.0,"turns":5.0},{"damage":32.0,"enemies":"Hexaghost","floor":16.0,"turns":14.0},{"damage":18.0,"enemies":"2 Thieves","floor":18.0,"turns":4.0},{"damage":7.0,"enemies":"3 Byrds","floor":19.0,"turns":2.0},{"damage":8.0,"enemies":"Sentry and Sphere","floor":22.0,"turns":8.0},{"damage":2.0,"enemies":"Centurion and Healer","floor":24.0,"turns":10.0},{"damage":52,"enemies":"Gremlin Leader","floor":25,"turns":9}],"seed_played":"4157843537699466245","potions_obtained":[{"floor":7.0,"key":"SteroidPotion"},{"floor":10.0,"key":"Poison Potion"},{"floor":12.0,"key":"AttackPotion"}],"is_trial":false,"path_per_floor":["M","?","$","T","M","R","E","M","T","M","R","M","$","M","R","B",null,"M","M","?","$","M","R","M","E"],"character_chosen":"DEFECT","items_purchased":["Dark Shackles","Dark Shackles","Compile Driver"],"campfire_rested":1,"item_purchase_floors":[3,13,21],"current_hp_per_floor":[64,64,64,64,64,64,64,63,63,59,59,53,53,53,53,21,59,41,34,34,34,26,47,45,0],"gold":38,"neow_bonus":"THREE_ENEMY_KILL","is_prod":false,"is_daily":false,"chose_seed":false,"campfire_upgraded":2,"win_rate":0,"timestamp":1565832823,"path_taken":["M","?","?","?","M","R","E","M","T","M","R","?","$","?","R","BOSS","M","M","?","$","M","R","M","E"],"build_version":"2019-07-18","purchased_purges":2,"victory":false,"max_hp_per_floor":[71,71,71,71,71,71,71,71,71,71,71,71,71,71,71,71,71,71,71,71,71,71,71,71,71],"card_choices":[{"not_picked":["Sweeping Beam","Compile Driver"],"picked":"Glacier","floor":1.0},{"not_picked":["Reinforced Body","Redo"],"picked":"Leap","floor":5.0},{"not_picked":["Compile Driver","Coolheaded"],"picked":"Cold Snap","floor":7.0},{"not_picked":["Leap","Conserve Battery"],"picked":"Coolheaded","floor":8.0},{"not_picked":["Self Repair","Auto Shields"],"picked":"Hello World","floor":10.0},{"not_picked":["Go for the Eyes","Multi-Cast"],"picked":"Fusion","floor":12.0},{"not_picked":["Gash","Consume"],"picked":"Hologram","floor":14.0},{"not_picked":["Reboot","Multi-Cast"],"picked":"Electrodynamics","floor":16.0},{"not_picked":["Redo","Hello World"],"picked":"Barrage","floor":18.0},{"not_picked":["Cold Snap","Static Discharge"],"picked":"Loop","floor":19.0},{"not_picked":["Redo","Go for the Eyes"],"picked":"Force Field","floor":22.0},{"not_picked":["Heatsinks","Doom and Gloom"],"picked":"Reinforced Body","floor":24.0}],"player_experience":2931215,"relics_obtained":[{"floor":4.0,"key":"Smiling Mask"},{"floor":7.0,"key":"Sundial"},{"floor":9.0,"key":"Gremlin Horn"}],"event_choices":[{"cards_removed":["Strike_B"],"damage_healed":0.0,"max_hp_gain":0.0,"max_hp_loss":0.0,"gold_gain":0.0,"event_name":"Bonfire Elementals","player_choice":"Offered Basic","floor":2.0,"gold_loss":0.0,"damage_taken":0.0},{"damage_healed":0.0,"max_hp_gain":0.0,"max_hp_loss":0.0,"gold_gain":0.0,"event_name":"The Mausoleum","player_choice":"Opened","floor":20.0,"gold_loss":0.0,"damage_taken":0.0,"relics_obtained":["Ancient Tea Set"],"cards_obtained":["Writhe"]}],"is_beta":true,"boss_relics":[{"not_picked":["Runic Pyramid","Coffee Dripper"],"picked":"Nuclear Battery"}],"items_purged_floors":[13,21],"is_endless":false,"potions_floor_spawned":[7,10,12],"killed_by":"Gremlin Leader","ascension_level":20}