{"gold_per_floor":[110,285,285,12,28,58,58,69,69,69,144,24,35,35,35,130,130,140,140,37,37,37,37,37,54,54,54,54,29,48,65,65,65],"floor_reached":33,"playtime":599,"items_purged":["Doubt"],"score":350,"play_id":"7643d551-f8f6-4df0-8cd4-459cb5a89f04","local_time":"20190219205611","is_ascension_mode":true,"campfire_choices":[{"data":"Bullet Time","floor":7.0,"key":"SMITH"},{"floor":15.0,"key":"REST"},{"data":"Burst","floor":23,"key":"SMITH"},{"data":"Cloak And Dagger","floor":27,"key":"SMITH"},{"floor":32,"key":"REST"}],"neow_cost":"TEN_PERCENT_HP_LOSS","seed_source_timestamp":0,"circlet_count":0,"master_deck":["Defend_G+1","Defend_G+1","Defend_G+1","Defend_G+1","Defend_G+1","Strike_G+1","Strike_G+1","Strike_G+1","Strike_G+1","Strike_G+1","Survivor","Neutralize","Bullet Time+1","Backstab","Footwork+1","Predator","Dark Shackles","Escape Plan","Dagger Throw","Backflip","Caltrops+1","Caltrops+1","Burst+1","Expertise+1","Dagger Spray","Shame","Noxious Fumes+1","Cloak And Dagger+1","Outmaneuver","Flechettes+1","Footwork+1"],"special_seed":0,"relics":["Ring of the Snake","Letter Opener","StoneCalendar","Frozen Egg 2","Mercury Hourglass","Runic Pyramid","Blood Vial","Darkstone Periapt","MutagenicStrength"],"potions_floor_usage":[25,25,25],"damage_taken":[{"damage":6.0,"enemies":"Jaw Worm","floor":1.0,"turns":8.0},{"damage":3.0,"enemies":"2 Louse","floor":5.0,"turns":3.0},{"damage":25.0,"enemies":"Gremlin Nob","floor":6.0,"turns":4.0},{"damage":0.0,"enemies":"Cultist","floor":8.0,"turns":2.0},{"damage":0.0,"enemies":"Blue Slaver","floor":13.0,"turns":2.0},{"damage":11.0,"enemies":"Slime Boss","floor":16.0,"turns":7.0},{"damage":0,"enemies":"Shell Parasite","floor":18,"turns":3},{"damage":10,"enemies":"2 Thieves","floor":25,"turns":4},{"damage":0,"enemies":"Snake Plant","floor":30,"turns":3},{"damage":18,"enemies":"Chosen and Byrds","floor":31,"turns":4},{"damage":48,"enemies":"Collector","floor":33,"turns":3}],"seed_played":"-2320066950953751857","potions_obtained":[{"floor":5.0,"key":"GamblersBrew"},{"floor":13.0,"key":"Poison Potion"},{"floor":16.0,"key":"SneckoOil"},{"floor":25,"key":"SteroidPotion"}],"is_trial":false,"path_per_floor":["M","?","?","$","M","E","R","M","T","?","T","$","M","?","R","B",null,"M","?","$","?","?","R","?","M","T","R","?","$","M","M","R","B"],"character_chosen":"THE_SILENT","items_purchased":["Footwork","Predator","Dark Shackles","Backflip","Caltrops+1","Dagger Spray","Fire Potion","Outmaneuver"],"campfire_rested":2,"item_purchase_floors":[4,4,4,12,12,20,20,29],"current_hp_per_floor":[57,57,54,54,51,26,26,26,26,13,13,13,13,13,31,20,52,52,41,41,41,41,41,41,33,33,33,33,33,35,19,39,0],"gold":65,"neow_bonus":"THREE_RARE_CARDS","is_prod":false,"is_daily":false,"chose_seed":false,"campfire_upgraded":3,"win_rate":0,"timestamp":1550627771,"path_taken":["M","?","?","?","?","E","R","M","T","?","?","?","?","?","R","BOSS","M","?","$","?","?","R","?","M","T","R","?","?","?","M","R","BOSS"],"build_version":"2019-01-23","purchased_purges":1,"victory":false,"max_hp_per_floor":[63,63,63,63,63,63,63,63,63,63,63,63,63,63,63,63,63,63,68,68,68,68,68,68,68,68,68,68,68,68,68,68,68],"card_choices":[{"not_picked":["Tools of the Trade","After Image"],"picked":"Bullet Time","floor":0.0},{"not_picked":["Underhanded Strike","Flying Knee"],"picked":"Backstab","floor":1.0},{"not_picked":["Quick Slash","Heel Hook"],"picked":"Escape Plan","floor":5.0},{"not_picked":["Escape Plan","Tactician","Flechettes"],"picked":"SKIP","floor":6.0},{"not_picked":["Prepared","Bane"],"picked":"Dagger Throw","floor":8.0},{"not_picked":["Prepared","PiercingWail"],"picked":"Caltrops+1","floor":13.0},{"not_picked":["Malaise","Unload"],"picked":"Burst","floor":16.0},{"not_picked":["Acrobatics","Bane"],"picked":"Expertise+1","floor":18},{"not_picked":["Masterful Stab","Backflip"],"picked":"Cloak And Dagger","floor":25},{"not_picked":["Sucker Punch","Underhanded Strike"],"picked":"Flechettes+1","floor":30},{"not_picked":["Tactician+1","PiercingWail"],"picked":"Footwork+1","floor":31}],"player_experience":111230,"relics_obtained":[{"floor":6.0,"key":"StoneCalendar"},{"floor":9.0,"key":"Frozen Egg 2"},{"floor":11.0,"key":"Mercury Hourglass"},{"floor":26,"key":"Darkstone Periapt"}],"event_choices":[{"damage_healed":0.0,"max_hp_gain":0.0,"max_hp_loss":0.0,"gold_gain":175.0,"event_name":"Liars Game","player_choice":"AGREE","floor":2.0,"gold_loss":0.0,"damage_taken":0.0,"cards_obtained":["Doubt"]},{"damage_healed":0.0,"max_hp_gain":0.0,"max_hp_loss":0.0,"gold_gain":0.0,"event_name":"Scrap Ooze","player_choice":"Success","floor":3.0,"gold_loss":0.0,"damage_taken":3.0,"relics_obtained":["Letter Opener"]},{"damage_healed":0.0,"max_hp_gain":0.0,"max_hp_loss":0.0,"gold_gain":0.0,"event_name":"Shining Light","player_choice":"Entered Light","floor":10.0,"gold_loss":0.0,"damage_taken":13.0,"cards_upgraded":["Strike_G","Defend_G"]},{"damage_healed":0.0,"max_hp_gain":0.0,"max_hp_loss":0.0,"gold_gain":0.0,"event_name":"Living Wall","player_choice":"Grow","floor":14.0,"gold_loss":0.0,"damage_taken":0.0,"cards_upgraded":["Footwork"]},{"damage_healed":0,"gold_gain":0,"player_choice":"Shed Blood","damage_taken":16,"max_hp_gain":5,"max_hp_loss":0,"event_name":"Forgotten Altar","floor":19,"gold_loss":0},{"damage_healed":0,"gold_gain":0,"player_choice":"Stole Relic","damage_taken":0,"relics_obtained":["Blood Vial"],"max_hp_gain":0,"max_hp_loss":0,"event_name":"Addict","floor":21,"gold_loss":0,"cards_obtained":["Shame"]},{"damage_healed":0,"gold_gain":0,"player_choice":"Read","damage_taken":0,"max_hp_gain":0,"max_hp_loss":0,"event_name":"The Library","floor":22,"gold_loss":0,"cards_obtained":["Noxious Fumes"]},{"damage_healed":0,"gold_gain":0,"player_choice":"Simplicity","damage_taken":0,"max_hp_gain":0,"max_hp_loss":0,"event_name":"Back to Basics","floor":24,"gold_loss":0,"cards_upgraded":["Defend_G","Defend_G","Defend_G","Defend_G","Strike_G","Strike_G","Strike_G","Strike_G"]},{"damage_healed":0,"gold_gain":0,"player_choice":"Inject Mutagens","damage_taken":0,"relics_obtained":["MutagenicStrength"],"max_hp_gain":0,"max_hp_loss":0,"event_name":"Drug Dealer","floor":28,"gold_loss":0}],"is_beta":false,"boss_relics":[{"not_picked":["Calling Bell","Pandora\u0027s Box"],"picked":"Runic Pyramid"}],"items_purged_floors":[4],"is_endless":false,"potions_floor_spawned":[5,13,16,25],"killed_by":"Collector","ascension_level":7}