{"gold_per_floor":[116,126,146,157,81,81,101,136,163,180,77,139,154,170,170,243,243,261,276,276,276,348,381,393,318,318,347,373,196,211,225,225,299,299,319,89,0,47,47,47,63,63,63,89,106,40,40,40,40,40],"floor_reached":51,"playtime":6197,"items_purged":["Strike_R","Strike_R"],"score":1370,"play_id":"ff6df61c-0a0b-4b22-bbbb-d9012db870f1","local_time":"20190821215140","is_ascension_mode":true,"campfire_choices":[{"data":"Uppercut","floor":6.0,"key":"SMITH"},{"data":"Whirlwind","floor":15.0,"key":"SMITH"},{"data":"Warcry","floor":32.0,"key":"SMITH"},{"data":"Burning Pact","floor":40,"key":"SMITH"},{"data":"Feel No Pain","floor":42,"key":"SMITH"},{"data":"True Grit","floor":47,"key":"SMITH"},{"data":"Fiend Fire","floor":49,"key":"SMITH"}],"neow_cost":"PERCENT_DAMAGE","seed_source_timestamp":0,"circlet_count":0,"master_deck":["AscendersBane","Strike_R","Strike_R","Strike_R","Defend_R","Defend_R","Defend_R","Defend_R","Bash","Whirlwind+1","Uppercut+1","Armaments","Anger","Fiend Fire","Fiend Fire+1","True Grit+1","Feel No Pain+1","Warcry+1","Shrug It Off","Inflame","Power Through","Reaper","Feel No Pain","Feel No Pain+1","Exhume","Impervious","Burning Pact+1","Disarm+1","Feel No Pain+1","Corruption+1","PanicButton"],"special_seed":0,"relics":["Burning Blood","Dead Branch","Art of War","Centennial Puzzle","Tiny Chest","Mark of Pain","Frozen Egg 2","Self Forming Clay","Strawberry","Champion Belt","Turnip","Happy Flower","Snecko Eye","Strange Spoon","Red Mask","Gambling Chip","The Courier","Smiling Mask"],"potions_floor_usage":[45,50],"damage_taken":[{"damage":1.0,"enemies":"Cultist","floor":1.0,"turns":3.0},{"damage":7.0,"enemies":"Small Slimes","floor":2.0,"turns":3.0},{"damage":1.0,"enemies":"2 Louse","floor":3.0,"turns":2.0},{"damage":4.0,"enemies":"Blue Slaver","floor":4.0,"turns":6.0},{"damage":8.0,"enemies":"Large Slime","floor":7.0,"turns":2.0},{"damage":29.0,"enemies":"Gremlin Nob","floor":8.0,"turns":5.0},{"damage":9.0,"enemies":"2 Fungi Beasts","floor":10.0,"turns":3.0},{"damage":7.0,"enemies":"Lagavulin","floor":12.0,"turns":6.0},{"damage":3.0,"enemies":"Blue Slaver","floor":13.0,"turns":3.0},{"damage":11.0,"enemies":"Looter","floor":14.0,"turns":2.0},{"damage":11.0,"enemies":"Slime Boss","floor":16.0,"turns":7.0},{"damage":0.0,"enemies":"Chosen","floor":18.0,"turns":2.0},{"damage":0.0,"enemies":"Spheric Guardian","floor":19.0,"turns":2.0},{"damage":39.0,"enemies":"Gremlin Leader","floor":23.0,"turns":8.0},{"damage":24.0,"enemies":"Shelled Parasite and Fungi","floor":24.0,"turns":5.0},{"damage":27.0,"enemies":"Slavers","floor":27.0,"turns":5.0},{"damage":2.0,"enemies":"Centurion and Healer","floor":30.0,"turns":6.0},{"damage":12.0,"enemies":"3 Cultists","floor":31.0,"turns":3.0},{"damage":60,"enemies":"Automaton","floor":33,"turns":13},{"damage":0,"enemies":"3 Shapes","floor":35,"turns":7},{"damage":7,"enemies":"2 Orb Walkers","floor":38,"turns":3},{"damage":11,"enemies":"3 Darklings","floor":41,"turns":4},{"damage":0,"enemies":"Nemesis","floor":44,"turns":5},{"damage":21,"enemies":"Jaw Worm Horde","floor":45,"turns":7},{"damage":15,"enemies":"Donu and Deca","floor":50,"turns":7}],"seed_played":"-3696875481606752634","potions_obtained":[{"floor":3.0,"key":"GamblersBrew"},{"floor":4.0,"key":"Fire Potion"},{"floor":7.0,"key":"BloodPotion"},{"floor":12.0,"key":"EssenceOfSteel"},{"floor":16.0,"key":"Weak Potion"},{"floor":27.0,"key":"BloodPotion"},{"floor":33,"key":"GamblersBrew"},{"floor":38,"key":"GamblersBrew"},{"floor":44,"key":"Regen Potion"},{"floor":45,"key":"Weak Potion"}],"is_trial":false,"path_per_floor":["M","M","M","M","$","R","M","E","T","M","$","E","M","M","R","B",null,"M","M","T","?","T","E","M","$","T","E","T","$","M","M","R","B",null,"M","$","?","?","?","R","M","R","T","E","M","$","R","?","R","B",null],"character_chosen":"IRONCLAD","items_purchased":["Fiend Fire","Feel No Pain","Warcry","Feel No Pain+1","Strange Spoon","Corruption+1"],"campfire_rested":0,"item_purchase_floors":[5,11,11,29,36,46],"current_hp_per_floor":[55,54,59,61,61,61,59,54,54,51,51,50,53,48,48,43,67,73,75,75,54,54,46,28,28,28,21,21,21,60,54,54,7,67,79,79,79,86,86,86,81,81,81,87,72,72,72,72,72,69],"gold":40,"neow_bonus":"ONE_RARE_RELIC","is_prod":false,"is_daily":false,"chose_seed":false,"campfire_upgraded":7,"win_rate":0,"timestamp":1566449500,"path_taken":["M","?","M","M","$","R","M","E","T","M","?","E","M","M","R","BOSS","BOSS","M","M","?","?","?","E","M","?","T","E","?","$","M","?","R","BOSS","M","$","?","?","?","R","M","R","T","E","M","?","R","?","R","BOSS"],"build_version":"2019-07-17","purchased_purges":2,"victory":true,"max_hp_per_floor":[75,75,75,75,75,75,75,75,75,75,75,75,75,75,75,75,75,75,75,75,80,80,87,87,87,87,87,87,87,87,87,87,87,87,87,87,87,87,87,87,87,87,87,87,87,87,87,87,87,87],"card_choices":[{"not_picked":["True Grit","Cleave"],"picked":"Whirlwind","floor":1.0},{"not_picked":["Infernal Blade","Clash"],"picked":"Uppercut","floor":2.0},{"not_picked":["Ghostly Armor","Perfected Strike"],"picked":"Armaments","floor":3.0},{"not_picked":["Uppercut","Flex","Anger"],"picked":"SKIP","floor":4.0},{"not_picked":["Uppercut","Flex"],"picked":"Anger","floor":4.0},{"not_picked":["Thunderclap","Wild Strike"],"picked":"Evolve","floor":7.0},{"not_picked":["Headbutt","Shockwave"],"picked":"Fiend Fire","floor":8.0},{"not_picked":["Anger","Body Slam"],"picked":"True Grit","floor":10.0},{"not_picked":["Twin Strike","Whirlwind"],"picked":"Shrug It Off","floor":12.0},{"not_picked":["Thunderclap","Heavy Blade"],"picked":"Inflame","floor":13.0},{"not_picked":["Headbutt","Rage"],"picked":"Power Through","floor":14.0},{"not_picked":["Immolate","Barricade"],"picked":"Reaper","floor":16.0},{"not_picked":["Perfected Strike","Uppercut","Clash"],"picked":"SKIP","floor":18.0},{"not_picked":["Shockwave","Carnage+1"],"picked":"Feel No Pain","floor":19.0},{"not_picked":["Clothesline","Pommel Strike","Hemokinesis"],"picked":"SKIP","floor":23.0},{"not_picked":["Armaments","Wild Strike","Anger"],"picked":"SKIP","floor":24.0},{"not_picked":["Twin Strike","Dropkick+1","True Grit"],"picked":"SKIP","floor":27.0},{"not_picked":["Body Slam","Bloodletting","Rampage"],"picked":"SKIP","floor":30.0},{"not_picked":["Iron Wave","Thunderclap"],"picked":"Exhume","floor":31.0},{"not_picked":["Bludgeon","Berserk+1"],"picked":"Impervious","floor":33},{"not_picked":["True Grit+1","Dropkick"],"picked":"Burning Pact","floor":35},{"not_picked":["Combust+1","Perfected Strike+1"],"picked":"Disarm+1","floor":38},{"not_picked":["Body Slam","Whirlwind+1"],"picked":"Feel No Pain+1","floor":41},{"not_picked":["Entrench","Iron Wave","Searing Blow"],"picked":"SKIP","floor":44},{"not_picked":["Flex","Thunderclap+1","Twin Strike"],"picked":"SKIP","floor":45},{"not_picked":["Panacea","Impatience"],"picked":"PanicButton","floor":48}],"player_experience":625581,"relics_obtained":[{"floor":8.0,"key":"Art of War"},{"floor":9.0,"key":"Centennial Puzzle"},{"floor":12.0,"key":"Tiny Chest"},{"floor":20.0,"key":"Frozen Egg 2"},{"floor":22.0,"key":"Self Forming Clay"},{"floor":23.0,"key":"Strawberry"},{"floor":26.0,"key":"Champion Belt"},{"floor":27.0,"key":"Turnip"},{"floor":28.0,"key":"Happy Flower"},{"floor":38,"key":"Gambling Chip"},{"floor":43,"key":"The Courier"},{"floor":44,"key":"Smiling Mask"}],"event_choices":[{"damage_healed":0.0,"max_hp_gain":5.0,"max_hp_loss":0.0,"gold_gain":0.0,"event_name":"Forgotten Altar","player_choice":"Shed Blood","floor":21.0,"gold_loss":0.0,"damage_taken":26.0},{"damage_healed":0,"gold_gain":0,"player_choice":"Paid","damage_taken":0,"relics_obtained":["Red Mask"],"max_hp_gain":0,"max_hp_loss":0,"event_name":"Tomb of Lord Red Mask","floor":37,"gold_loss":89},{"damage_healed":0,"gold_gain":0,"player_choice":"Fight","damage_taken":0,"max_hp_gain":0,"max_hp_loss":0,"event_name":"Mysterious Sphere","floor":38,"gold_loss":0},{"cards_removed":["Evolve"],"damage_healed":0,"gold_gain":0,"player_choice":"Removed Power","damage_taken":0,"max_hp_gain":0,"max_hp_loss":0,"event_name":"Falling","floor":39,"gold_loss":0},{"damage_healed":0,"gold_gain":0,"player_choice":"Memory 1","damage_taken":0,"max_hp_gain":0,"max_hp_loss":0,"event_name":"SensoryStone","floor":48,"gold_loss":0}],"is_beta":false,"boss_relics":[{"not_picked":["Tiny House","Busted Crown"],"picked":"Mark of Pain"},{"not_picked":["Calling Bell","Cursed Key"],"picked":"Snecko Eye"}],"items_purged_floors":[25,29],"is_endless":false,"potions_floor_spawned":[3,4,7,12,16,27,33,38,44,45],"ascension_level":17}