{"gold_per_floor":[110,185,200,213,213,213,257,271,271,271],"floor_reached":10,"playtime":198,"items_purged":[],"score":136,"play_id":"cad7fec3-86f3-480d-85f5-eeb535684c3e","local_time":"20190626182558","is_ascension_mode":true,"campfire_choices":[{"data":"Doom and Gloom","floor":6,"key":"SMITH"}],"neow_cost":"NONE","seed_source_timestamp":416822114269200,"circlet_count":0,"master_deck":["AscendersBane","Strike_B","Strike_B","Strike_B","Strike_B","Defend_B","Defend_B","Defend_B","Defend_B","Zap","Dualcast","Doom and Gloom+1","Genetic Algorithm","Compile Driver"],"relics":["Cracked Core","Golden Idol","Orichalcum","Blue Candle"],"potions_floor_usage":[7,10],"damage_taken":[{"damage":0,"enemies":"Small Slimes","floor":1,"turns":3},{"damage":2,"enemies":"2 Louse","floor":3,"turns":2},{"damage":6,"enemies":"Cultist","floor":4,"turns":4},{"damage":22,"enemies":"3 Sentries","floor":7,"turns":5},{"damage":7,"enemies":"Blue Slaver","floor":8,"turns":2},{"damage":28,"enemies":"Lagavulin","floor":10,"turns":4}],"seed_played":"5169240282319107602","potions_obtained":[{"floor":0,"key":"Swift Potion"},{"floor":0,"key":"FearPotion"},{"floor":1,"key":"Explosive Potion"},{"floor":8,"key":"Ancient Potion"}],"is_trial":false,"path_per_floor":["M","?","M","M","?","R","E","M","T","E"],"character_chosen":"DEFECT","items_purchased":[],"campfire_rested":0,"item_purchase_floors":[],"current_hp_per_floor":[64,53,51,45,45,45,23,16,16,0],"gold":271,"neow_bonus":"THREE_SMALL_POTIONS","is_prod":false,"is_daily":false,"chose_seed":false,"campfire_upgraded":1,"win_rate":0,"timestamp":1561587958,"path_taken":["M","?","M","M","?","R","E","M","T","E"],"build_version":"2019-01-23","purchased_purges":0,"victory":false,"max_hp_per_floor":[71,71,71,71,64,64,64,64,64,64],"card_choices":[{"not_picked":["Turbo","Genetic Algorithm"],"picked":"Doom and Gloom","floor":1},{"not_picked":["Gash","Undo"],"picked":"Genetic Algorithm","floor":3},{"not_picked":["Redo","Stack"],"picked":"Compile Driver","floor":4},{"not_picked":["Steam","Barrage","Fusion"],"picked":"SKIP","floor":7},{"not_picked":["Melter","Steam","Sweeping Beam"],"picked":"SKIP","floor":8}],"player_experience":472663,"relics_obtained":[{"floor":7,"key":"Orichalcum"},{"floor":9,"key":"Blue Candle"}],"event_choices":[{"damage_healed":0,"gold_gain":75,"player_choice":"Gather Gold","damage_taken":11,"max_hp_gain":0,"max_hp_loss":0,"event_name":"World of Goop","floor":2,"gold_loss":0},{"damage_healed":0,"gold_gain":0,"player_choice":"Lose Max HP","damage_taken":0,"relics_obtained":["Golden Idol"],"max_hp_gain":0,"max_hp_loss":7,"event_name":"Golden Idol","floor":5,"gold_loss":0}],"is_beta":false,"boss_relics":[],"items_purged_floors":[],"is_endless":false,"potions_floor_spawned":[1,4,8],"killed_by":"Lagavulin","ascension_level":20}