{"gold_per_floor":[114,114,114,39,39,72,72,72,124,168,68,93,113,131,131,131],"floor_reached":16,"playtime":598,"items_purged":["Defend_R","Strike_R"],"score":166,"play_id":"6973da3c-9c03-4f65-8283-ead0177b64a6","local_time":"20190901211508","is_ascension_mode":true,"campfire_choices":[{"data":"Bash","floor":7,"key":"SMITH"},{"data":"Dual Wield","floor":15,"key":"SMITH"}],"neow_cost":"NONE","seed_source_timestamp":253837214630500,"circlet_count":0,"master_deck":["Strike_R+1","Strike_R","Strike_R+1","Defend_R","Defend_R","Defend_R","Bash+1","Dual Wield+1"],"relics":["Burning Blood","NeowsBlessing","Golden Idol","Boot","Toxic Egg 2","Pen Nib","Whetstone"],"potions_floor_usage":[14,16,16],"damage_taken":[{"damage":0,"enemies":"Jaw Worm","floor":1,"turns":1},{"damage":0,"enemies":"Lagavulin","floor":6,"turns":1},{"damage":0,"enemies":"3 Sentries","floor":10,"turns":2},{"damage":6,"enemies":"2 Louse","floor":12,"turns":2},{"damage":6,"enemies":"Cultist","floor":13,"turns":3},{"damage":3,"enemies":"2 Fungi Beasts","floor":14,"turns":4},{"damage":78,"enemies":"The Guardian","floor":16,"turns":12}],"seed_played":"-422046505424775724","potions_obtained":[{"floor":1,"key":"Fire Potion"},{"floor":6,"key":"Block Potion"},{"floor":12,"key":"LiquidBronze"}],"is_trial":false,"path_per_floor":["M","?","?","$","?","E","R","?","T","E","$","M","M","M","R","B"],"character_chosen":"IRONCLAD","items_purchased":[],"campfire_rested":0,"item_purchase_floors":[],"current_hp_per_floor":[80,74,74,74,74,74,74,62,62,68,68,68,68,71,71,0],"gold":131,"neow_bonus":"THREE_ENEMY_KILL","is_prod":false,"is_daily":false,"chose_seed":false,"campfire_upgraded":2,"win_rate":0,"timestamp":1567397708,"path_taken":["M","?","?","?","?","E","R","?","T","E","?","M","M","M","R","BOSS"],"build_version":"2019-07-17","purchased_purges":2,"victory":false,"max_hp_per_floor":[80,74,74,74,74,74,74,74,74,74,74,74,74,74,74,74],"card_choices":[{"not_picked":["Anger","Pommel Strike"],"picked":"Dual Wield","floor":1},{"not_picked":["Second Wind","Barricade","Shrug It Off"],"picked":"SKIP","floor":6},{"not_picked":["Clothesline","Metallicize","Havoc+1"],"picked":"SKIP","floor":10},{"not_picked":["Armaments+1","Iron Wave","Searing Blow"],"picked":"SKIP","floor":12},{"not_picked":["Headbutt","Armaments+1","Body Slam"],"picked":"SKIP","floor":13},{"not_picked":["Iron Wave","Rage+1","Shrug It Off+1"],"picked":"SKIP","floor":14}],"player_experience":746519,"relics_obtained":[{"floor":6,"key":"Boot"},{"floor":9,"key":"Pen Nib"},{"floor":10,"key":"Whetstone"}],"event_choices":[{"damage_healed":0,"gold_gain":0,"player_choice":"Lose Max HP","damage_taken":0,"relics_obtained":["Golden Idol"],"max_hp_gain":0,"max_hp_loss":6,"event_name":"Golden Idol","floor":2,"gold_loss":0},{"damage_healed":0,"gold_gain":0,"player_choice":"Ignored","damage_taken":0,"max_hp_gain":0,"max_hp_loss":0,"event_name":"Liars Game","floor":3,"gold_loss":0},{"cards_removed":["Strike_R"],"damage_healed":0,"gold_gain":0,"player_choice":"Forget","damage_taken":0,"max_hp_gain":0,"max_hp_loss":0,"event_name":"Living Wall","floor":5,"gold_loss":0},{"damage_healed":0,"gold_gain":0,"player_choice":"Success","damage_taken":12,"relics_obtained":["Toxic Egg 2"],"max_hp_gain":0,"max_hp_loss":0,"event_name":"Scrap Ooze","floor":8,"gold_loss":0}],"is_beta":false,"boss_relics":[],"items_purged_floors":[4,11],"is_endless":false,"potions_floor_spawned":[1,6,12],"killed_by":"The Guardian","ascension_level":1}