{"gold_per_floor":[111,111,111,111,124,152,152,178,233,233,233,233,251,20,20,141,141,157,157,53,69,88,88],"floor_reached":23,"playtime":896,"items_purged":[],"score":284,"play_id":"a0baafea-9f78-42e6-9b83-84c5978350e0","local_time":"20190207171438","is_ascension_mode":true,"campfire_choices":[{"floor":7,"key":"REST"},{"floor":12,"key":"REST"},{"data":"Buffer","floor":15,"key":"SMITH"}],"neow_cost":"NONE","seed_source_timestamp":93734622202842,"circlet_count":0,"master_deck":["Strike_B","Strike_B+1","Strike_B+1","Defend_B+1","Defend_B","Defend_B+1","Defend_B","Zap+1","Dualcast","Biased Cognition","Capacitor","Buffer+1","Cold Snap","Self Repair","Gash","Buffer","Consume","Deadly Poison+1"],"relics":["Cracked Core","Potion Belt","War Paint","Tiny Chest","Golden Idol","Membership Card","Inserter","PrismaticShard"],"potions_floor_usage":[8,23,23],"damage_taken":[{"damage":2,"enemies":"Jaw Worm","floor":1,"turns":3},{"damage":0,"enemies":"2 Louse","floor":5,"turns":2},{"damage":45,"enemies":"3 Sentries","floor":6,"turns":9},{"damage":27,"enemies":"Gremlin Nob","floor":8,"turns":4},{"damage":0,"enemies":"Small Slimes","floor":13,"turns":3},{"damage":0,"enemies":"Slime Boss","floor":16,"turns":12},{"damage":38,"enemies":"3 Byrds","floor":18,"turns":7},{"damage":14,"enemies":"Shell Parasite","floor":21,"turns":10},{"damage":29,"enemies":"Sentry and Sphere","floor":22,"turns":7},{"damage":19,"enemies":"Gremlin Leader","floor":23,"turns":2}],"seed_played":"1886253963757222722","potions_obtained":[{"floor":6,"key":"Poison Potion"},{"floor":13,"key":"Energy Potion"},{"floor":21,"key":"Poison Potion"},{"floor":22,"key":"Dexterity Potion"}],"is_trial":false,"path_per_floor":["M","?","?","?","M","E","R","E","T","?","?","R","M","$","R","B",null,"M","?","$","M","M","E"],"character_chosen":"DEFECT","items_purchased":["Membership Card","Gash","PrismaticShard"],"campfire_rested":2,"item_purchase_floors":[14,14,20],"current_hp_per_floor":[73,58,58,58,58,13,35,8,8,8,8,28,28,28,28,35,69,38,38,38,31,9,0],"gold":88,"neow_bonus":"UPGRADE_CARD","is_prod":false,"is_daily":false,"chose_seed":false,"campfire_upgraded":1,"win_rate":0,"timestamp":1549577678,"path_taken":["M","?","?","?","?","E","R","E","T","?","?","R","M","$","R","BOSS","M","?","$","M","M","E"],"build_version":"2019-01-23","purchased_purges":0,"victory":false,"max_hp_per_floor":[75,75,75,75,75,75,75,75,75,69,69,69,69,69,69,69,69,69,69,69,69,69,69],"card_choices":[{"not_picked":["Sweeping Beam","Rip and Tear","Double Energy"],"picked":"SKIP","floor":1},{"not_picked":["Sweeping Beam","Double Energy"],"picked":"Capacitor","floor":5},{"not_picked":["Sweeping Beam","Hologram"],"picked":"Buffer","floor":6},{"not_picked":["Stack","Darkness"],"picked":"Cold Snap","floor":8},{"not_picked":["Conserve Battery","Cold Snap"],"picked":"Self Repair","floor":13},{"not_picked":["Multi-Cast","Rainbow"],"picked":"Buffer","floor":16},{"not_picked":["Conserve Battery","Hello World"],"picked":"Consume","floor":18},{"not_picked":["Thunderclap","Double Energy","Armaments"],"picked":"SKIP","floor":21},{"not_picked":["Stack","Bouncing Flask"],"picked":"Deadly Poison+1","floor":22}],"player_experience":36695,"relics_obtained":[{"floor":6,"key":"Potion Belt"},{"floor":8,"key":"War Paint"},{"floor":9,"key":"Tiny Chest"}],"event_choices":[{"damage_healed":0,"gold_gain":0,"player_choice":"Entered Light","damage_taken":15,"max_hp_gain":0,"max_hp_loss":0,"event_name":"Shining Light","floor":2,"gold_loss":0,"cards_upgraded":["Strike_B","Strike_B"]},{"damage_healed":0,"gold_gain":0,"cards_transformed":["Strike_B"],"player_choice":"Change","damage_taken":0,"max_hp_gain":0,"max_hp_loss":0,"event_name":"Living Wall","floor":3,"gold_loss":0,"cards_obtained":["Biased Cognition"]},{"damage_healed":0,"gold_gain":0,"player_choice":"Ignored","damage_taken":0,"max_hp_gain":0,"max_hp_loss":0,"event_name":"Liars Game","floor":4,"gold_loss":0},{"damage_healed":0,"gold_gain":0,"player_choice":"Lose Max HP","damage_taken":0,"relics_obtained":["Golden Idol"],"max_hp_gain":0,"max_hp_loss":6,"event_name":"Golden Idol","floor":10,"gold_loss":0},{"damage_healed":0,"gold_gain":0,"player_choice":"Searched \u00270\u0027 times","damage_taken":0,"max_hp_gain":0,"max_hp_loss":0,"event_name":"Dead Adventurer","floor":11,"gold_loss":0},{"damage_healed":0,"gold_gain":0,"player_choice":"Ignored","damage_taken":0,"max_hp_gain":0,"max_hp_loss":0,"event_name":"Ghosts","floor":19,"gold_loss":0}],"is_beta":false,"boss_relics":[{"not_picked":["Black Star","Eternal Feather"],"picked":"Inserter"}],"items_purged_floors":[],"is_endless":false,"potions_floor_spawned":[6,13,21,22],"killed_by":"Gremlin Leader","ascension_level":3}