{"gold_per_floor":[112,92,110,122,122,156,156,156,156,181,222,222,18,34,34,164,164,189,214,214,235,235,235,266,266,341,73,91,110,110],"floor_reached":30,"playtime":1671,"items_purged":["Heavy Blade"],"score":340,"play_id":"2a1f43d5-e593-49a3-8c85-ac4b88f8f92f","local_time":"20190817180530","is_ascension_mode":true,"campfire_choices":[{"data":"Entrench","floor":7,"key":"SMITH"},{"data":"Barricade","floor":12,"key":"SMITH"},{"data":"Metallicize","floor":15,"key":"SMITH"},{"data":"Body Slam","floor":23,"key":"SMITH"}],"neow_cost":"NONE","seed_source_timestamp":26012554659540,"circlet_count":0,"master_deck":["Bash+1","Shrug It Off","Headbutt+1","Entrench+1","Barricade+1","Offering","Metallicize+1","Feed","Sever Soul","Headbutt+1","Thunderclap","Armaments","Berserk","Rage","Berserk","Pommel Strike","Sever Soul","Body Slam+1","RitualDagger","Havoc","Battle Trance","Body Slam","Warcry+1"],"relics":["Burning Blood","NeowsBlessing","Meat on the Bone","Golden Idol","Pantograph","Ice Cream","Vajra","Pandora\u0027s Box","Bag of Marbles","Whetstone","The Courier","Orichalcum"],"potions_floor_usage":[10,11,16,16,29],"damage_taken":[{"damage":0,"enemies":"Jaw Worm","floor":1,"turns":1},{"damage":0,"enemies":"Cultist","floor":3,"turns":1},{"damage":0,"enemies":"2 Louse","floor":4,"turns":1},{"damage":39,"enemies":"3 Sentries","floor":6,"turns":10},{"damage":8,"enemies":"Large Slime","floor":10,"turns":9},{"damage":4,"enemies":"Lagavulin","floor":11,"turns":13},{"damage":18,"enemies":"Exordium Thugs","floor":14,"turns":6},{"damage":23,"enemies":"The Guardian","floor":16,"turns":14},{"damage":12,"enemies":"3 Byrds","floor":18,"turns":8},{"damage":6,"enemies":"Shell Parasite","floor":21,"turns":6},{"damage":32,"enemies":"Gremlin Leader","floor":24,"turns":9},{"damage":26,"enemies":"Centurion and Healer","floor":28,"turns":7},{"damage":26,"enemies":"Snake Plant","floor":29,"turns":4},{"damage":53,"enemies":"Book of Stabbing","floor":30,"turns":5}],"seed_played":"5328475566302027764","potions_obtained":[{"floor":1,"key":"SpeedPotion"},{"floor":2,"key":"SteroidPotion"},{"floor":6,"key":"SkillPotion"},{"floor":10,"key":"Weak Potion"},{"floor":14,"key":"AttackPotion"},{"floor":24,"key":"FairyPotion"},{"floor":28,"key":"Dexterity Potion"}],"is_trial":false,"path_per_floor":["M","?","M","M","?","E","R","?","T","M","E","R","$","M","R","B",null,"M","T","?","M","?","R","E","?","T","$","M","M","E"],"character_chosen":"IRONCLAD","items_purchased":["Vajra","PowerPotion","Orichalcum","Havoc","Battle Trance"],"campfire_rested":0,"item_purchase_floors":[13,13,27,27,27],"current_hp_per_floor":[80,80,80,80,80,47,47,27,27,37,51,51,51,51,51,59,80,77,77,77,80,80,80,57,51,51,51,46,38,0],"gold":110,"neow_bonus":"THREE_ENEMY_KILL","is_prod":false,"is_daily":false,"chose_seed":false,"campfire_upgraded":4,"win_rate":0,"timestamp":1566032730,"path_taken":["M","?","M","?","?","E","R","?","T","M","E","R","$","?","R","BOSS","M","?","?","M","?","R","E","?","T","$","M","M","E"],"build_version":"2019-07-17","purchased_purges":1,"victory":false,"max_hp_per_floor":[80,80,80,80,80,80,80,80,80,80,80,80,80,80,80,80,80,83,83,83,86,86,86,89,89,89,89,92,92,92],"card_choices":[{"not_picked":["Ghostly Armor","Flex"],"picked":"Shrug It Off","floor":1},{"not_picked":["Body Slam","Intimidate"],"picked":"Heavy Blade","floor":3},{"not_picked":["Iron Wave","Infernal Blade"],"picked":"Headbutt","floor":4},{"not_picked":["Seeing Red","Wild Strike"],"picked":"Entrench","floor":6},{"not_picked":["Havoc","Flex"],"picked":"Barricade","floor":10},{"not_picked":["Clothesline","Cleave"],"picked":"Offering","floor":11},{"not_picked":["Clash","Power Through"],"picked":"Metallicize","floor":14},{"not_picked":["Juggernaut","Immolate"],"picked":"Feed","floor":16},{"not_picked":["Fire Breathing","Perfected Strike+1","Sword Boomerang"],"picked":"SKIP","floor":18},{"not_picked":["Warcry","Havoc+1"],"picked":"Body Slam","floor":21},{"not_picked":["Searing Blow","Heavy Blade","Hemokinesis"],"picked":"SKIP","floor":24},{"not_picked":["Wild Strike","Twin Strike"],"picked":"Body Slam","floor":28},{"not_picked":["Cleave","Havoc"],"picked":"Warcry+1","floor":29}],"player_experience":158906,"relics_obtained":[{"floor":6,"key":"Meat on the Bone"},{"floor":9,"key":"Pantograph"},{"floor":11,"key":"Ice Cream"},{"floor":19,"key":"Bag of Marbles"},{"floor":24,"key":"Whetstone"},{"floor":26,"key":"The Courier"}],"event_choices":[{"damage_healed":0,"gold_gain":0,"player_choice":"Bought 1 Potion","damage_taken":0,"max_hp_gain":0,"max_hp_loss":0,"event_name":"The Woman in Blue","floor":2,"gold_loss":0},{"damage_healed":0,"gold_gain":0,"player_choice":"Grow","damage_taken":0,"max_hp_gain":0,"max_hp_loss":0,"event_name":"Living Wall","floor":5,"gold_loss":0,"cards_upgraded":["Bash"]},{"damage_healed":0,"gold_gain":0,"player_choice":"Take Damage","damage_taken":20,"relics_obtained":["Golden Idol"],"max_hp_gain":0,"max_hp_loss":0,"event_name":"Golden Idol","floor":8,"gold_loss":0},{"damage_healed":0,"gold_gain":0,"player_choice":"Ignored","damage_taken":0,"max_hp_gain":0,"max_hp_loss":0,"event_name":"Ghosts","floor":20,"gold_loss":0},{"damage_healed":0,"gold_gain":0,"player_choice":"Ignored","damage_taken":0,"max_hp_gain":0,"max_hp_loss":0,"event_name":"Vampires","floor":22,"gold_loss":0},{"damage_healed":0,"gold_gain":0,"player_choice":"Joined the Cult","damage_taken":6,"max_hp_gain":0,"max_hp_loss":0,"event_name":"Nest","floor":25,"gold_loss":0,"cards_obtained":["RitualDagger"]}],"is_beta":false,"boss_relics":[{"not_picked":["Black Star","Mark of Pain"],"picked":"Pandora\u0027s Box"}],"items_purged_floors":[27],"is_endless":false,"potions_floor_spawned":[1,6,10,14,24,28],"killed_by":"Book of Stabbing","ascension_level":4}