{"gold_per_floor":[109,128,143,218,237,267,267,267,291,291,310,310,310],"floor_reached":13,"playtime":402,"items_purged":[],"score":170,"play_id":"915820d4-3057-49f6-b6f8-d49a36b39229","local_time":"20181024171723","is_ascension_mode":true,"campfire_choices":[{"floor":7,"key":"REST"},{"data":"Loop","floor":10,"key":"SMITH"},{"data":"Zap","floor":12,"key":"SMITH"}],"neow_cost":"NONE","seed_source_timestamp":1212805763688821,"circlet_count":0,"master_deck":["Strike_B","Strike_B","Strike_B","Strike_B","Defend_B","Defend_B","Defend_B+1","Defend_B+1","Zap+1","Dualcast","AscendersBane","Finesse","Loop+1","Ball Lightning","Conserve Battery","Beam Cell","Cold Snap","Go for the Eyes"],"relics":["Cracked Core","War Paint","Lantern"],"potions_floor_usage":[13],"damage_taken":[{"damage":0,"enemies":"2 Louse","floor":1,"turns":1},{"damage":7,"enemies":"Small Slimes","floor":2,"turns":3},{"damage":5,"enemies":"Jaw Worm","floor":3,"turns":4},{"damage":4,"enemies":"3 Louse","floor":5,"turns":4},{"damage":33,"enemies":"3 Sentries","floor":6,"turns":7},{"damage":13,"enemies":"Exordium Wildlife","floor":11,"turns":4},{"damage":35,"enemies":"Gremlin Nob","floor":13,"turns":3}],"seed_played":"-8601760240258656938","potions_obtained":[{"floor":1,"key":"Energy Potion"},{"floor":11,"key":"Dexterity Potion"}],"is_trial":false,"path_per_floor":["M","M","M","?","M","E","R","?","T","R","M","R"],"character_chosen":"DEFECT","items_purchased":[],"campfire_rested":1,"item_purchase_floors":[],"current_hp_per_floor":[64,57,52,41,37,4,25,48,48,48,35,35,0],"gold":310,"neow_bonus":"RANDOM_COLORLESS","is_prod":false,"is_daily":false,"chose_seed":false,"campfire_upgraded":2,"win_rate":0,"timestamp":1540426643,"path_taken":["M","M","M","?","M","E","R","?","T","R","M","R","E"],"build_version":"2018-10-23","purchased_purges":0,"victory":false,"max_hp_per_floor":[71,71,71,71,71,71,71,71,71,71,71,71,71],"card_choices":[{"not_picked":["Hologram","Rebound"],"picked":"Loop","floor":1},{"not_picked":["Hologram","Self Repair"],"picked":"Ball Lightning","floor":2},{"not_picked":["Undo","Force Field"],"picked":"Conserve Battery","floor":3},{"not_picked":["Redo","Tempest"],"picked":"Beam Cell","floor":5},{"not_picked":["Ball Lightning","Stack"],"picked":"Cold Snap","floor":6},{"not_picked":["Sweeping Beam","Gash"],"picked":"Go for the Eyes","floor":11}],"player_experience":2589564,"relics_obtained":[{"floor":6,"key":"War Paint"},{"floor":9,"key":"Lantern"}],"event_choices":[{"damage_healed":0,"gold_gain":75,"player_choice":"Gather Gold","damage_taken":11,"max_hp_gain":0,"max_hp_loss":0,"event_name":"World of Goop","floor":4,"gold_loss":0},{"damage_healed":23,"gold_gain":0,"player_choice":"Banana","damage_taken":0,"max_hp_gain":0,"max_hp_loss":0,"event_name":"Big Fish","floor":8,"gold_loss":0}],"is_beta":true,"boss_relics":[],"items_purged_floors":[],"is_endless":false,"potions_floor_spawned":[1,11],"killed_by":"Gremlin Nob","ascension_level":20}