{"gold_per_floor":[114,132,132,146,146,146,178,178,178,197,212,224,224,224,224,224],"floor_reached":16,"playtime":536,"items_purged":[],"score":204,"play_id":"8179ab68-d140-49d8-b6f8-39475f7c07b6","local_time":"20190809231255","is_ascension_mode":true,"campfire_choices":[{"floor":6,"key":"REST"},{"data":"Zap","floor":8,"key":"SMITH"},{"data":"Creative AI","floor":13,"key":"SMITH"},{"data":"Hologram","floor":15,"key":"SMITH"}],"neow_cost":"TEN_PERCENT_HP_LOSS","seed_source_timestamp":675660665249214,"circlet_count":0,"master_deck":["AscendersBane","Strike_B+1","Strike_B","Strike_B","Defend_B","Defend_B","Defend_B","Defend_B","Zap+1","Dualcast+1","Ball Lightning","Chill","Ball Lightning","Gash","Creative AI+1","Hologram+1","Coolheaded"],"relics":["Cracked Core","Nunchaku","Gambling Chip","Dodecahedron"],"potions_floor_usage":[16,16],"damage_taken":[{"damage":9,"enemies":"2 Louse","floor":1,"turns":3},{"damage":2,"enemies":"Jaw Worm","floor":2,"turns":3},{"damage":0,"enemies":"Cultist","floor":4,"turns":2},{"damage":10,"enemies":"3 Sentries","floor":7,"turns":6},{"damage":0,"enemies":"Exordium Wildlife","floor":10,"turns":3},{"damage":0,"enemies":"Looter","floor":11,"turns":2},{"damage":4,"enemies":"3 Louse","floor":12,"turns":3},{"damage":21,"enemies":"Slime Boss","floor":16,"turns":5}],"seed_played":"-5512450266538756891","potions_obtained":[{"floor":1,"key":"Dexterity Potion"},{"floor":11,"key":"AttackPotion"}],"is_trial":false,"path_per_floor":["M","M","?","M","?","R","E","R","T","M","M","M","R","?","R","B"],"character_chosen":"DEFECT","items_purchased":[],"campfire_rested":1,"item_purchase_floors":[],"current_hp_per_floor":[55,53,35,35,35,54,44,44,44,44,44,40,40,21,21,0],"gold":224,"neow_bonus":"ONE_RARE_RELIC","is_prod":false,"is_daily":false,"chose_seed":false,"campfire_upgraded":3,"win_rate":0,"timestamp":1565417575,"path_taken":["M","M","?","M","?","R","E","R","T","M","?","M","R","?","R","BOSS"],"build_version":"2019-07-18","purchased_purges":0,"victory":false,"max_hp_per_floor":[64,64,64,64,64,64,64,64,64,64,64,64,64,64,64,64],"card_choices":[{"not_picked":["White Noise","Hologram"],"picked":"Ball Lightning","floor":1},{"not_picked":["Steam","FTL"],"picked":"Chill","floor":2},{"not_picked":["Self Repair","BootSequence"],"picked":"Ball Lightning","floor":4},{"not_picked":["Beam Cell","Streamline"],"picked":"Gash","floor":7},{"not_picked":["Compile Driver","Barrage"],"picked":"Creative AI","floor":10},{"not_picked":["Barrage","Recycle"],"picked":"Hologram","floor":11},{"not_picked":["Hologram","Conserve Battery"],"picked":"Coolheaded","floor":12}],"player_experience":2904818,"relics_obtained":[{"floor":7,"key":"Dodecahedron"}],"event_choices":[{"damage_healed":0,"gold_gain":0,"player_choice":"Success","damage_taken":18,"relics_obtained":["Gambling Chip"],"max_hp_gain":0,"max_hp_loss":0,"event_name":"Scrap Ooze","floor":3,"gold_loss":0},{"cards_removed":["Strike_B"],"damage_healed":0,"gold_gain":0,"player_choice":"Offered Basic","damage_taken":0,"max_hp_gain":0,"max_hp_loss":0,"event_name":"Bonfire Elementals","floor":5,"gold_loss":0},{"damage_healed":0,"gold_gain":0,"player_choice":"Entered Light","damage_taken":19,"max_hp_gain":0,"max_hp_loss":0,"event_name":"Shining Light","floor":14,"gold_loss":0,"cards_upgraded":["Strike_B","Dualcast"]}],"is_beta":true,"boss_relics":[],"items_purged_floors":[],"is_endless":false,"potions_floor_spawned":[1,11],"killed_by":"Slime Boss","ascension_level":20}