{"gold_per_floor":[111,111,129,140,65,65,95,95,95,125,125,142,166,198,210,222],"floor_reached":16,"playtime":554,"items_purged":["Defend_R"],"score":154,"play_id":"9cf047e3-e499-4edf-8309-6e91978626f8","local_time":"20190902154217","is_ascension_mode":true,"campfire_choices":[{"data":"Bash","floor":6,"key":"SMITH"},{"floor":8,"key":"REST"},{"floor":15,"key":"REST"}],"neow_cost":"NONE","seed_source_timestamp":664270919184,"circlet_count":0,"master_deck":["Strike_R","Strike_R","Strike_R","Defend_R","Defend_R","Defend_R","Bash+1","Shrug It Off","Iron Wave","Cleave"],"relics":["Burning Blood","Omamori","Sundial","Pen Nib","MawBank"],"potions_floor_usage":[7,16],"damage_taken":[{"damage":4,"enemies":"Small Slimes","floor":1,"turns":4},{"damage":1,"enemies":"2 Louse","floor":3,"turns":4},{"damage":6,"enemies":"Jaw Worm","floor":4,"turns":5},{"damage":68,"enemies":"Lagavulin","floor":7,"turns":7},{"damage":19,"enemies":"Gremlin Nob","floor":10,"turns":4},{"damage":10,"enemies":"Exordium Thugs","floor":12,"turns":5},{"damage":5,"enemies":"3 Louse","floor":14,"turns":3},{"damage":43,"enemies":"Hexaghost","floor":16,"turns":11}],"seed_played":"5162221626313069024","potions_obtained":[{"floor":1,"key":"Explosive Potion"},{"floor":3,"key":"Dexterity Potion"},{"floor":14,"key":"SmokeBomb"}],"is_trial":false,"path_per_floor":["M","?","M","M","$","R","E","R","T","E","?","M","T","M","R","B"],"character_chosen":"IRONCLAD","items_purchased":[],"campfire_rested":2,"item_purchase_floors":[],"current_hp_per_floor":[74,67,72,72,72,72,10,34,34,21,21,17,17,18,42,0],"gold":222,"neow_bonus":"RANDOM_COMMON_RELIC","is_prod":false,"is_daily":false,"chose_seed":false,"campfire_upgraded":1,"win_rate":0,"timestamp":1567431737,"path_taken":["M","?","M","M","$","R","E","R","T","E","?","M","?","M","R","BOSS"],"build_version":"2019-07-17","purchased_purges":1,"victory":false,"max_hp_per_floor":[80,80,80,80,80,80,80,80,80,80,80,80,80,80,80,80],"card_choices":[{"not_picked":["Bloodletting","Feel No Pain","Perfected Strike"],"picked":"SKIP","floor":1},{"not_picked":["Hemokinesis","Blood for Blood","Anger"],"picked":"SKIP","floor":3},{"not_picked":["Havoc","Body Slam"],"picked":"Shrug It Off","floor":4},{"not_picked":["Feel No Pain","Spot Weakness"],"picked":"Iron Wave","floor":7},{"not_picked":["Bloodletting","Offering","Headbutt"],"picked":"SKIP","floor":10},{"not_picked":["Wild Strike","Sword Boomerang"],"picked":"Cleave","floor":12},{"not_picked":["Warcry","Wild Strike","Immolate"],"picked":"SKIP","floor":14}],"player_experience":171515,"relics_obtained":[{"floor":7,"key":"Sundial"},{"floor":10,"key":"Pen Nib"},{"floor":13,"key":"MawBank"}],"event_choices":[{"cards_removed":["Strike_R"],"damage_healed":0,"gold_gain":0,"player_choice":"Card Removal","damage_taken":7,"max_hp_gain":0,"max_hp_loss":0,"event_name":"Golden Wing","floor":2,"gold_loss":0},{"cards_removed":["Strike_R"],"damage_healed":0,"gold_gain":0,"player_choice":"Forget","damage_taken":0,"max_hp_gain":0,"max_hp_loss":0,"event_name":"Living Wall","floor":11,"gold_loss":0}],"is_beta":false,"boss_relics":[],"items_purged_floors":[5],"is_endless":false,"potions_floor_spawned":[1,3,14],"killed_by":"Hexaghost","ascension_level":8}