{"gold_per_floor":[113,124,2,2,16,16,52,32,32,50,70,70,108,133,133,264,264,282,27,27,43,60,94,94,106,106,106,136,25,50,81,81,183,183,197,197,209,34,45,70,82,109,121,133,145,190,214,0,12,24],"floor_reached":51,"playtime":3637,"items_purged":["Pain","Writhe"],"score":963,"play_id":"4a03a4b4-c7f7-4025-ae7f-b6e6a9cdb425","local_time":"20190826232659","is_ascension_mode":true,"campfire_choices":[{"data":"Zap","floor":6,"key":"SMITH"},{"floor":12,"key":"REST"},{"data":"Creative AI","floor":15,"key":"SMITH"},{"data":"Buffer","floor":24,"key":"SMITH"},{"data":"Sunder","floor":32,"key":"SMITH"},{"data":"Recycle","floor":41,"key":"SMITH"},{"data":"Loop","floor":44,"key":"SMITH"},{"data":"Capacitor","floor":49,"key":"SMITH"}],"neow_cost":"NONE","seed_source_timestamp":17896497877945,"circlet_count":0,"master_deck":["Strike_B+1","Defend_B","Defend_B","Zap+1","Dualcast","Buffer+1","Rebound","Conserve Battery","Doom and Gloom+1","Glacier","Creative AI+1","Recycle+1","Stack","Hologram","Core Surge","Consume","Glacier","Heatsinks+1","Conserve Battery+1","Self Repair+1","Coolheaded","Genetic Algorithm","Pain","Sunder+1","Multi-Cast+1","Consume+1","Reinforced Body+1","Blizzard+1","Undo+1","Hologram+1","Ball Lightning+1","Loop+1","Parasite","Streamline+1","Steam Power+1","Hologram+1","Injury","Rainbow+1","Capacitor+1"],"relics":["Cracked Core","Bloody Idol","Dead Branch","Letter Opener","Whetstone","Cursed Key","Mummified Hand","FossilizedHelix","Sundial","Pen Nib","Du-Vu Doll","Strawberry","Toxic Egg 2","Astrolabe","MawBank","The Courier","Pantograph","Red Mask"],"potions_floor_usage":[10,13,18,18,23,31,40,50,50],"damage_taken":[{"damage":1,"enemies":"Cultist","floor":1,"turns":3},{"damage":4,"enemies":"Jaw Worm","floor":2,"turns":3},{"damage":0,"enemies":"Small Slimes","floor":5,"turns":4},{"damage":4,"enemies":"Lagavulin","floor":7,"turns":7},{"damage":22,"enemies":"Gremlin Gang","floor":10,"turns":4},{"damage":0,"enemies":"Large Slime","floor":11,"turns":5},{"damage":0,"enemies":"3 Sentries","floor":13,"turns":6},{"damage":0,"enemies":"3 Louse","floor":14,"turns":1},{"damage":29,"enemies":"The Guardian","floor":16,"turns":11},{"damage":4,"enemies":"Chosen","floor":18,"turns":4},{"damage":24,"enemies":"Shell Parasite","floor":21,"turns":7},{"damage":0,"enemies":"Snecko","floor":22,"turns":4},{"damage":26,"enemies":"Slavers","floor":23,"turns":5},{"damage":0,"enemies":"Snake Plant","floor":25,"turns":3},{"damage":23,"enemies":"Book of Stabbing","floor":28,"turns":8},{"damage":27,"enemies":"Gremlin Leader","floor":31,"turns":7},{"damage":30,"enemies":"Automaton","floor":33,"turns":13},{"damage":2,"enemies":"3 Shapes","floor":35,"turns":4},{"damage":13,"enemies":"3 Darklings","floor":37,"turns":5},{"damage":10,"enemies":"Writhing Mass","floor":39,"turns":6},{"damage":15,"enemies":"Giant Head","floor":40,"turns":10},{"damage":17,"enemies":"4 Shapes","floor":42,"turns":4},{"damage":19,"enemies":"Nemesis","floor":46,"turns":7},{"damage":1,"enemies":"Maw","floor":47,"turns":8},{"damage":35,"enemies":"Time Eater","floor":50,"turns":12}],"seed_played":"4388104055598200519","potions_obtained":[{"floor":7,"key":"SpeedPotion"},{"floor":8,"key":"SmokeBomb"},{"floor":10,"key":"FocusPotion"},{"floor":11,"key":"SpeedPotion"},{"floor":14,"key":"FocusPotion"},{"floor":28,"key":"Weak Potion"},{"floor":31,"key":"Poison Potion"},{"floor":33,"key":"Energy Potion"},{"floor":35,"key":"PowerPotion"},{"floor":42,"key":"Regen Potion"}],"is_trial":false,"path_per_floor":["M","M","$","?","M","R","E","?","T","M","M","R","E","M","R","B",null,"M","$","?","M","M","E","R","M","T","?","E","$","T","E","R","B",null,"M","?","M","$","M","E","R","M","T","R","?","E","M","?","R","B",null],"character_chosen":"DEFECT","items_purchased":["Doom and Gloom","Weak Potion","Mummified Hand","Genetic Algorithm","Loop"],"campfire_rested":1,"item_purchase_floors":[3,3,19,29,38],"current_hp_per_floor":[74,70,70,52,52,52,48,48,48,26,26,48,48,48,48,26,63,66,66,66,54,66,52,52,57,57,57,56,56,68,63,63,55,75,82,82,81,81,82,82,82,82,82,82,82,78,82,82,82,69],"gold":36,"neow_bonus":"TRANSFORM_CARD","is_prod":false,"is_daily":false,"chose_seed":false,"campfire_upgraded":7,"win_rate":0,"timestamp":1566829619,"path_taken":["M","?","$","?","M","R","E","?","T","M","?","R","E","M","R","BOSS","M","$","?","M","M","E","R","M","T","?","E","$","?","E","R","BOSS","M","?","?","$","M","E","R","M","T","R","?","E","M","?","R","BOSS"],"build_version":"2019-07-17","purchased_purges":2,"victory":true,"max_hp_per_floor":[75,75,75,75,75,75,75,75,75,75,75,75,75,75,75,75,75,75,75,75,75,75,75,75,75,75,75,75,75,82,82,82,82,82,82,82,82,82,82,82,82,82,82,82,82,82,82,82,82,82],"card_choices":[{"not_picked":["Heatsinks","Blizzard"],"picked":"Rebound","floor":1},{"not_picked":["Tempest","Go for the Eyes"],"picked":"Conserve Battery","floor":2},{"not_picked":["Multi-Cast","Stack"],"picked":"Glacier","floor":5},{"not_picked":["Cold Snap","White Noise"],"picked":"Creative AI","floor":7},{"not_picked":["Streamline","Go for the Eyes"],"picked":"Recycle","floor":10},{"not_picked":["Tempest","Leap"],"picked":"Stack","floor":11},{"not_picked":["Steam","White Noise"],"picked":"Self Repair","floor":13},{"not_picked":["Streamline","Compile Driver"],"picked":"Hologram","floor":14},{"not_picked":["Machine Learning","Buffer"],"picked":"Core Surge","floor":16},{"not_picked":["Turbo+1","Self Repair"],"picked":"Consume","floor":18},{"not_picked":["Go for the Eyes+1","Stack+1"],"picked":"Glacier","floor":21},{"not_picked":["Static Discharge","Undo"],"picked":"Heatsinks+1","floor":22},{"not_picked":["Electrodynamics","Gash"],"picked":"Conserve Battery+1","floor":23},{"not_picked":["Barrage","Auto Shields"],"picked":"Self Repair+1","floor":25},{"not_picked":["Machine Learning","Streamline"],"picked":"Coolheaded","floor":28},{"not_picked":["Undo","Reinforced Body"],"picked":"Sunder","floor":31},{"not_picked":["Hyperbeam","Core Surge"],"picked":"Multi-Cast+1","floor":33},{"not_picked":["Compile Driver","Streamline"],"picked":"Undo+1","floor":35},{"not_picked":["Reinforced Body+1","Blizzard+1"],"picked":"Ball Lightning+1","floor":37},{"not_picked":["Gash+1","Stack+1"],"picked":"Streamline+1","floor":39},{"not_picked":["Stack+1","Consume+1"],"picked":"Steam Power+1","floor":40},{"not_picked":["FTL+1","Barrage"],"picked":"Hologram+1","floor":42},{"not_picked":["Leap+1","Beam Cell+1"],"picked":"Rainbow+1","floor":46},{"not_picked":["Heatsinks","Steam Power+1"],"picked":"Capacitor","floor":47}],"player_experience":243925,"relics_obtained":[{"floor":7,"key":"Dead Branch"},{"floor":9,"key":"Letter Opener"},{"floor":13,"key":"Whetstone"},{"floor":23,"key":"FossilizedHelix"},{"floor":26,"key":"Sundial"},{"floor":28,"key":"Du-Vu Doll"},{"floor":30,"key":"Strawberry"},{"floor":31,"key":"Toxic Egg 2"},{"floor":40,"key":"MawBank"},{"floor":43,"key":"The Courier"},{"floor":46,"key":"Pantograph"}],"event_choices":[{"damage_healed":0,"gold_gain":0,"player_choice":"Take Damage","damage_taken":18,"relics_obtained":["Golden Idol"],"max_hp_gain":0,"max_hp_loss":0,"event_name":"Golden Idol","floor":4,"gold_loss":0},{"damage_healed":0,"gold_gain":0,"player_choice":"Bought 1 Potion","damage_taken":0,"max_hp_gain":0,"max_hp_loss":0,"event_name":"The Woman in Blue","floor":8,"gold_loss":0},{"damage_healed":0,"gold_gain":0,"player_choice":"Gave Idol","damage_taken":0,"relics_obtained":["Bloody Idol"],"max_hp_gain":0,"max_hp_loss":0,"event_name":"Forgotten Altar","floor":20,"relics_lost":["Golden Idol"],"gold_loss":0},{"damage_healed":0,"gold_gain":0,"player_choice":"Opened","damage_taken":0,"relics_obtained":["Pen Nib"],"max_hp_gain":0,"max_hp_loss":0,"event_name":"The Mausoleum","floor":27,"gold_loss":0,"cards_obtained":["Writhe"]},{"damage_healed":0,"gold_gain":0,"cards_transformed":["Defend_B"],"player_choice":"Transformed","damage_taken":0,"max_hp_gain":0,"max_hp_loss":0,"event_name":"Transmorgrifier","floor":36,"gold_loss":0,"cards_obtained":["Hologram"]},{"cards_removed":["Self Repair"],"damage_healed":0,"gold_gain":0,"player_choice":"Removed Power","damage_taken":0,"max_hp_gain":0,"max_hp_loss":0,"event_name":"Falling","floor":45,"gold_loss":0},{"damage_healed":0,"gold_gain":0,"player_choice":"Paid","damage_taken":0,"relics_obtained":["Red Mask"],"max_hp_gain":0,"max_hp_loss":0,"event_name":"Tomb of Lord Red Mask","floor":48,"gold_loss":226}],"is_beta":false,"boss_relics":[{"not_picked":["Ectoplasm","Pandora\u0027s Box"],"picked":"Cursed Key"},{"not_picked":["Eternal Feather","FrozenCore"],"picked":"Astrolabe"}],"items_purged_floors":[29,38],"is_endless":false,"potions_floor_spawned":[7,10,11,14,28,31,33,35,42,47],"ascension_level":5}