{"gold_per_floor":[114,3,153,1,1,1,44,44,44,84,107,126,139,174,174,267,267,287,287,308,75,75],"floor_reached":22,"playtime":544,"items_purged":["Doubt","Strike_G"],"score":504,"play_id":"334c2f59-0ad1-41da-8678-faa23bdcbfed","local_time":"20190714112528","is_ascension_mode":true,"campfire_choices":[{"data":"Poisoned Stab","floor":6,"key":"SMITH"},{"data":"Catalyst","floor":8,"key":"SMITH"},{"data":"Well Laid Plans","floor":15,"key":"SMITH"}],"neow_cost":"NONE","seed_source_timestamp":63634126133583,"circlet_count":0,"master_deck":["AscendersBane","Strike_G","Strike_G","Strike_G","Strike_G","Defend_G","Defend_G","Defend_G","Defend_G","Defend_G","Survivor","Neutralize","Poisoned Stab+1","Well Laid Plans+1","Deadly Poison","Bouncing Flask","Catalyst+1","Choke","Leg Sweep","Quick Slash","A Thousand Cuts","Corpse Explosion+1","Bane","Footwork","Cloak And Dagger"],"relics":["Ring of the Snake","NeowsBlessing","Golden Idol","Strawberry","Question Card","Pocketwatch","Pen Nib","Runic Pyramid"],"potions_floor_usage":[14],"damage_taken":[{"damage":0,"enemies":"Jaw Worm","floor":1,"turns":1},{"damage":0,"enemies":"Lagavulin","floor":7,"turns":1},{"damage":0,"enemies":"3 Sentries","floor":10,"turns":1},{"damage":12,"enemies":"2 Louse","floor":11,"turns":3},{"damage":6,"enemies":"Cultist","floor":12,"turns":3},{"damage":11,"enemies":"Looter","floor":13,"turns":3},{"damage":4,"enemies":"Lagavulin","floor":14,"turns":5},{"damage":27,"enemies":"The Guardian","floor":16,"turns":7},{"damage":12,"enemies":"Chosen","floor":18,"turns":5},{"damage":27,"enemies":"Shell Parasite","floor":20,"turns":4},{"damage":19,"enemies":"Shelled Parasite and Fungi","floor":22,"turns":3}],"seed_played":"3686475432895590501","potions_obtained":[{"floor":10,"key":"Fire Potion"},{"floor":12,"key":"Energy Potion"},{"floor":13,"key":"Dexterity Potion"},{"floor":14,"key":"Fruit Juice"},{"floor":16,"key":"Fire Potion"},{"floor":18,"key":"Fire Potion"}],"is_trial":false,"path_per_floor":["M","$","?","$","?","R","E","R","T","E","M","M","M","E","R","B",null,"M","?","M","$","M"],"character_chosen":"THE_SILENT","items_purchased":["Well Laid Plans","Deadly Poison","Bouncing Flask","Footwork","Cloak And Dagger"],"campfire_rested":0,"item_purchase_floors":[2,2,4,21,21],"current_hp_per_floor":[59,59,59,59,59,59,66,66,66,66,54,48,37,38,38,11,57,45,45,18,18,0],"gold":75,"neow_bonus":"THREE_ENEMY_KILL","is_prod":false,"is_daily":false,"chose_seed":false,"campfire_upgraded":3,"win_rate":0,"timestamp":1563117928,"path_taken":["M","$","?","$","?","R","E","R","T","E","M","M","M","E","R","BOSS","M","?","M","$","M"],"build_version":"2019-07-05","purchased_purges":2,"victory":false,"max_hp_per_floor":[66,66,66,66,60,60,67,67,67,67,67,67,67,72,72,72,72,72,72,72,72,72],"card_choices":[{"not_picked":["Dagger Throw","Setup"],"picked":"Poisoned Stab","floor":1},{"not_picked":["Tactician","Backflip"],"picked":"Catalyst","floor":7},{"not_picked":["Finisher","Dagger Throw","Eviscerate"],"picked":"Choke","floor":10},{"not_picked":["Cloak And Dagger","Infinite Blades","Prepared"],"picked":"Leg Sweep","floor":11},{"not_picked":["Poisoned Stab","Dagger Throw","Dodge and Roll"],"picked":"Quick Slash","floor":12},{"not_picked":["Infinite Blades","Flying Knee","Distraction"],"picked":"A Thousand Cuts","floor":13},{"not_picked":["Underhanded Strike","Slice","Dagger Throw","Heel Hook"],"picked":"SKIP","floor":14},{"not_picked":["Malaise","Tools of the Trade","Unload"],"picked":"Corpse Explosion","floor":16},{"not_picked":["Expertise+1","Well Laid Plans","Deadly Poison"],"picked":"Bane","floor":18},{"not_picked":["Heel Hook","Caltrops","Prepared","Infinite Blades"],"picked":"SKIP","floor":20}],"player_experience":521348,"relics_obtained":[{"floor":7,"key":"Strawberry"},{"floor":9,"key":"Question Card"},{"floor":10,"key":"Pocketwatch"},{"floor":14,"key":"Pen Nib"}],"event_choices":[{"damage_healed":0,"gold_gain":150,"player_choice":"AGREE","damage_taken":0,"max_hp_gain":0,"max_hp_loss":0,"event_name":"Liars Game","floor":3,"gold_loss":0,"cards_obtained":["Doubt"]},{"damage_healed":0,"gold_gain":0,"player_choice":"Lose Max HP","damage_taken":0,"relics_obtained":["Golden Idol"],"max_hp_gain":0,"max_hp_loss":6,"event_name":"Golden Idol","floor":5,"gold_loss":0},{"damage_healed":0,"gold_gain":0,"player_choice":"Upgraded","damage_taken":0,"max_hp_gain":0,"max_hp_loss":0,"event_name":"Upgrade Shrine","floor":19,"gold_loss":0,"cards_upgraded":["Corpse Explosion"]}],"is_beta":false,"boss_relics":[{"not_picked":["Fusion Hammer","Cursed Key"],"picked":"Runic Pyramid"}],"items_purged_floors":[4,21],"is_endless":false,"potions_floor_spawned":[10,12,13,14,16,18],"killed_by":"Shelled Parasite and Fungi","ascension_level":20}