{"gold_per_floor":[111,20,35,51,70,70,88,120,120,150,162,180,215,215,215,215],"floor_reached":16,"playtime":880,"items_purged":[],"score":155,"play_id":"34a3b02d-c035-4961-b87a-9a5c39481183","local_time":"20190826201644","is_ascension_mode":true,"campfire_choices":[{"data":"Iron Wave","floor":6,"key":"SMITH"},{"data":"Shockwave","floor":15,"key":"SMITH"}],"neow_cost":"NONE","seed_source_timestamp":9245635850254,"circlet_count":0,"master_deck":["Strike_R","Strike_R","Strike_R","Strike_R","Defend_R","Defend_R","Defend_R","Defend_R","Bash","Ghostly Armor","Cleave","Iron Wave+1","Entrench","Warcry","Shockwave+1","Sword Boomerang","Bludgeon+1","Corruption","Warcry"],"relics":["Burning Blood","Shovel","Darkstone Periapt","Shuriken","Ornamental Fan","Juzu Bracelet"],"potions_floor_usage":[10,11,12,13],"damage_taken":[{"damage":6,"enemies":"Jaw Worm","floor":1,"turns":5},{"damage":6,"enemies":"Cultist","floor":3,"turns":3},{"damage":2,"enemies":"Small Slimes","floor":4,"turns":4},{"damage":16,"enemies":"Looter","floor":5,"turns":4},{"damage":6,"enemies":"Blue Slaver","floor":7,"turns":6},{"damage":32,"enemies":"Lagavulin","floor":8,"turns":10},{"damage":35,"enemies":"3 Sentries","floor":10,"turns":11},{"damage":0,"enemies":"Gremlin Gang","floor":11,"turns":4},{"damage":0,"enemies":"Exordium Thugs","floor":12,"turns":4},{"damage":16,"enemies":"Gremlin Nob","floor":13,"turns":3},{"damage":42,"enemies":"Slime Boss","floor":16,"turns":9}],"seed_played":"2521904967369325436","potions_obtained":[{"floor":5,"key":"Energy Potion"},{"floor":7,"key":"FearPotion"},{"floor":8,"key":"BloodPotion"},{"floor":10,"key":"Block Potion"},{"floor":11,"key":"Ancient Potion"}],"is_trial":false,"path_per_floor":["M","?","M","M","M","R","M","E","T","E","M","M","E","?","R","B"],"character_chosen":"IRONCLAD","items_purchased":[],"campfire_rested":0,"item_purchase_floors":[],"current_hp_per_floor":[80,80,80,80,70,70,70,44,44,35,41,47,37,37,37,0],"gold":215,"neow_bonus":"TRANSFORM_CARD","is_prod":false,"is_daily":false,"chose_seed":false,"campfire_upgraded":2,"win_rate":0,"timestamp":1566818204,"path_taken":["M","?","M","?","M","R","M","E","T","E","?","M","E","?","R","BOSS"],"build_version":"2019-07-17","purchased_purges":0,"victory":false,"max_hp_per_floor":[80,80,80,80,80,80,80,80,80,80,80,80,80,80,80,80],"card_choices":[{"not_picked":["Anger","Perfected Strike"],"picked":"Cleave","floor":1},{"not_picked":["Second Wind","Cleave"],"picked":"Iron Wave","floor":3},{"not_picked":["Thunderclap","Battle Trance"],"picked":"Entrench","floor":4},{"not_picked":["Cleave","Clothesline"],"picked":"Warcry","floor":5},{"not_picked":["Shrug It Off","True Grit"],"picked":"Shockwave","floor":7},{"not_picked":["Second Wind","Warcry"],"picked":"Sword Boomerang","floor":8},{"not_picked":["Twin Strike","Clash","Rage"],"picked":"SKIP","floor":10},{"not_picked":["Heavy Blade","Fire Breathing"],"picked":"Bludgeon","floor":11},{"not_picked":["Perfected Strike","Flame Barrier"],"picked":"Corruption","floor":12},{"not_picked":["Dual Wield","Evolve"],"picked":"Warcry","floor":13}],"player_experience":235387,"relics_obtained":[{"floor":8,"key":"Darkstone Periapt"},{"floor":9,"key":"Shuriken"},{"floor":10,"key":"Ornamental Fan"},{"floor":13,"key":"Juzu Bracelet"}],"event_choices":[{"damage_healed":0,"gold_gain":0,"player_choice":"Paid Gold","damage_taken":0,"relics_obtained":["Shovel"],"max_hp_gain":0,"max_hp_loss":0,"event_name":"WeMeetAgain","floor":2,"gold_loss":91},{"damage_healed":0,"gold_gain":0,"player_choice":"Grow","damage_taken":0,"max_hp_gain":0,"max_hp_loss":0,"event_name":"Living Wall","floor":14,"gold_loss":0,"cards_upgraded":["Bludgeon"]}],"is_beta":false,"boss_relics":[],"items_purged_floors":[],"is_endless":false,"potions_floor_spawned":[5,7,8,10,11],"killed_by":"Slime Boss","ascension_level":5}