{"gold_per_floor":[113,129,141,159,174,174,188,188,188,207,235,235,595,630,630,731,731,744,423,439,132,144,173,173,204,228,263,263],"floor_reached":28,"playtime":1055,"items_purged":["Strike_R","Strike_R"],"score":412,"play_id":"3538c377-4927-4a1c-90a0-32a3a0fb521b","local_time":"20190902011810","is_ascension_mode":true,"campfire_choices":[{"data":"Whirlwind","floor":6.0,"key":"SMITH"},{"data":"Pommel Strike","floor":8.0,"key":"SMITH"},{"data":"Body Slam","floor":12.0,"key":"SMITH"},{"floor":15.0,"key":"REST"},{"floor":24.0,"key":"REST"}],"neow_cost":"NONE","seed_source_timestamp":525254105287088,"circlet_count":0,"master_deck":["Strike_R","Strike_R","Strike_R","Defend_R","Defend_R","Defend_R","Defend_R","Bash+1","Cleave","Body Slam","Whirlwind+1","Pommel Strike+1","Body Slam+1","Barricade"],"special_seed":0,"relics":["Burning Blood","Dodecahedron","Odd Mushroom","Old Coin","Anchor","Philosopher\u0027s Stone","Self Forming Clay","Sling","Calipers","Gremlin Horn","Dream Catcher","Blue Candle"],"potions_floor_usage":[],"damage_taken":[{"damage":6.0,"enemies":"Cultist","floor":1.0,"turns":3.0},{"damage":4.0,"enemies":"Jaw Worm","floor":2.0,"turns":4.0},{"damage":18.0,"enemies":"Small Slimes","floor":3.0,"turns":4.0},{"damage":12.0,"enemies":"Blue Slaver","floor":4.0,"turns":6.0},{"damage":21.0,"enemies":"Exordium Wildlife","floor":5.0,"turns":5.0},{"damage":8.0,"enemies":"Large Slime","floor":7.0,"turns":4.0},{"damage":11.0,"enemies":"Blue Slaver","floor":10.0,"turns":4.0},{"damage":2.0,"enemies":"The Mushroom Lair","floor":11.0,"turns":3.0},{"damage":0.0,"enemies":"Gremlin Nob","floor":13.0,"turns":2.0},{"damage":30.0,"enemies":"Lagavulin","floor":14.0,"turns":6.0},{"damage":38.0,"enemies":"The Guardian","floor":16.0,"turns":8.0},{"damage":4.0,"enemies":"Chosen","floor":18.0,"turns":4.0},{"damage":18.0,"enemies":"2 Thieves","floor":20.0,"turns":3.0},{"damage":33.0,"enemies":"Snake Plant","floor":22.0,"turns":3.0},{"damage":17.0,"enemies":"Slavers","floor":23.0,"turns":2.0},{"damage":36.0,"enemies":"Book of Stabbing","floor":25.0,"turns":4.0},{"damage":0.0,"enemies":"Gremlin Leader","floor":27.0,"turns":4.0},{"damage":31,"enemies":"Shelled Parasite and Fungi","floor":28,"turns":3}],"seed_played":"-5297739839043449680","potions_obtained":[{"floor":5.0,"key":"EntropicBrew"},{"floor":7.0,"key":"Poison Potion"},{"floor":13.0,"key":"Strength Potion"},{"floor":14.0,"key":"PowerPotion"},{"floor":22.0,"key":"Swift Potion"},{"floor":23.0,"key":"LiquidBronze"},{"floor":25.0,"key":"Fire Potion"}],"is_trial":false,"path_per_floor":["M","M","M","M","M","R","M","R","T","M","?","R","?","E","R","B",null,"M","$","M","$","M","E","R","E","T","E","M"],"character_chosen":"IRONCLAD","items_purchased":["Self Forming Clay","Sling"],"campfire_rested":2,"item_purchase_floors":[19,21],"current_hp_per_floor":[72,74,62,56,41,41,39,39,39,34,38,38,44,20,44,12,63,65,65,53,53,26,15,39,9,9,15,0],"gold":263,"neow_bonus":"UPGRADE_CARD","is_prod":false,"is_daily":false,"chose_seed":false,"campfire_upgraded":3,"win_rate":0,"timestamp":1567379890,"path_taken":["M","M","?","M","M","R","M","R","T","M","?","R","?","E","R","BOSS","M","$","M","$","M","E","R","E","T","E","M"],"build_version":"2019-07-17","purchased_purges":2,"victory":false,"max_hp_per_floor":[80,80,80,80,80,80,80,80,80,80,80,80,80,80,80,80,80,80,80,80,80,80,80,80,80,80,80,80],"card_choices":[{"not_picked":["Anger","Sword Boomerang"],"picked":"Cleave","floor":1.0},{"not_picked":["Sword Boomerang","Flex"],"picked":"Body Slam","floor":2.0},{"not_picked":["Clothesline","True Grit","Headbutt"],"picked":"SKIP","floor":3.0},{"not_picked":["Brutality","Clash"],"picked":"Whirlwind","floor":4.0},{"not_picked":["Sword Boomerang","Fire Breathing"],"picked":"Pommel Strike","floor":5.0},{"not_picked":["Rampage","Inflame"],"picked":"Body Slam","floor":7.0},{"not_picked":["Rampage","Clash","Warcry"],"picked":"SKIP","floor":10.0},{"not_picked":["Corruption","Dropkick","True Grit"],"picked":"SKIP","floor":14.0},{"not_picked":["Offering","Brutality"],"picked":"Barricade","floor":16.0},{"not_picked":["Flex","Perfected Strike","Iron Wave"],"picked":"SKIP","floor":18.0},{"not_picked":["Rampage","Blood for Blood","Cleave"],"picked":"SKIP","floor":20.0},{"not_picked":["Intimidate","Sword Boomerang","Wild Strike"],"picked":"SKIP","floor":22.0},{"not_picked":["Shockwave","Searing Blow","Clash"],"picked":"SKIP","floor":23.0},{"not_picked":["Blood for Blood","Heavy Blade","Whirlwind"],"picked":"SKIP","floor":25.0},{"not_picked":["Brutality","Rupture","Feel No Pain"],"picked":"SKIP","floor":27.0}],"player_experience":158519,"relics_obtained":[{"floor":9.0,"key":"Dodecahedron"},{"floor":11.0,"key":"Odd Mushroom"},{"floor":13.0,"key":"Old Coin"},{"floor":14.0,"key":"Anchor"},{"floor":23.0,"key":"Calipers"},{"floor":25.0,"key":"Gremlin Horn"},{"floor":26.0,"key":"Dream Catcher"},{"floor":27.0,"key":"Blue Candle"}],"event_choices":[{"damage_healed":0.0,"max_hp_gain":0.0,"max_hp_loss":0.0,"gold_gain":0.0,"event_name":"Mushrooms","player_choice":"Fought Mushrooms","floor":11.0,"gold_loss":0.0,"damage_taken":0.0},{"damage_healed":0.0,"max_hp_gain":0.0,"max_hp_loss":0.0,"gold_gain":30.0,"event_name":"Dead Adventurer","player_choice":"Searched \u00272\u0027 times","floor":13.0,"gold_loss":0.0,"damage_taken":0.0}],"is_beta":false,"boss_relics":[{"not_picked":["Mark of Pain","Runic Pyramid"],"picked":"Philosopher\u0027s Stone"}],"items_purged_floors":[19,21],"is_endless":false,"potions_floor_spawned":[5,7,11,13,14,22,23,25],"killed_by":"Shelled Parasite and Fungi","ascension_level":7}