{"gold_per_floor":[110,58,58,58,70,103,103,130,199,218,228,292,292,312,312,408,408,421,346,346,796,807,839,851,851,897,897,897,897,910,925,925,925],"floor_reached":33,"playtime":1930,"items_purged":[],"score":342,"play_id":"b3016ac5-5d61-44cf-9dc2-ea1700ac387c","local_time":"20190822205312","is_ascension_mode":true,"campfire_choices":[{"floor":7,"key":"REST"},{"floor":13,"key":"REST"},{"data":"Glacier","floor":15,"key":"SMITH"},{"floor":25,"key":"REST"},{"data":"Static Discharge","floor":27,"key":"SMITH"},{"data":"Buffer","floor":29,"key":"SMITH"},{"data":"Go for the Eyes","floor":32,"key":"SMITH"}],"neow_cost":"NONE","seed_source_timestamp":6725838878074,"circlet_count":0,"master_deck":["Zap","Dualcast","Biased Cognition+1","Coolheaded","Static Discharge","Conserve Battery","Aggregate","Glacier+1","Gash","Genetic Algorithm","Beam Cell","Core Surge","Buffer+1","Force Field","Static Discharge+1","Self Repair","Steam Power","Force Field","Recycle","Swift Strike","Cold Snap+1","Go for the Eyes+1","Gash+1","All For One"],"relics":["Cracked Core","Art of War","Boot","Cables","Tiny Chest","Pandora\u0027s Box","Blood Vial","Nloth\u0027s Gift"],"potions_floor_usage":[8,12,16,16,23,23,23,24],"damage_taken":[{"damage":9,"enemies":"Small Slimes","floor":1,"turns":4},{"damage":7,"enemies":"Jaw Worm","floor":5,"turns":2},{"damage":34,"enemies":"Gremlin Nob","floor":6,"turns":4},{"damage":20,"enemies":"3 Sentries","floor":8,"turns":7},{"damage":0,"enemies":"Cultist","floor":10,"turns":2},{"damage":1,"enemies":"3 Louse","floor":11,"turns":4},{"damage":5,"enemies":"Gremlin Nob","floor":12,"turns":4},{"damage":3,"enemies":"Blue Slaver","floor":14,"turns":3},{"damage":38,"enemies":"Slime Boss","floor":16,"turns":17},{"damage":0,"enemies":"Spheric Guardian","floor":18,"turns":9},{"damage":1,"enemies":"3 Byrds","floor":22,"turns":5},{"damage":14,"enemies":"Book of Stabbing","floor":23,"turns":7},{"damage":7,"enemies":"3 Cultists","floor":24,"turns":6},{"damage":0,"enemies":"Centurion and Healer","floor":30,"turns":14},{"damage":11,"enemies":"Shelled Parasite and Fungi","floor":31,"turns":6},{"damage":62,"enemies":"Champ","floor":33,"turns":12}],"seed_played":"1675106640480841440","potions_obtained":[{"floor":1,"key":"LiquidBronze"},{"floor":6,"key":"SkillPotion"},{"floor":8,"key":"FearPotion"},{"floor":14,"key":"Block Potion"},{"floor":16,"key":"Block Potion"},{"floor":18,"key":"EssenceOfSteel"},{"floor":23,"key":"Fire Potion"},{"floor":31,"key":"FearPotion"}],"is_trial":false,"path_per_floor":["M","$","?","?","M","E","R","E","T","M","M","E","R","M","R","B",null,"M","?","$","?","M","E","M","R","T","R","?","R","M","M","R","B"],"character_chosen":"DEFECT","items_purchased":["PowerPotion"],"campfire_rested":3,"item_purchase_floors":[2],"current_hp_per_floor":[66,66,66,66,59,25,47,27,27,27,26,21,43,40,40,2,75,75,75,75,26,32,25,25,47,47,47,47,47,56,54,54,0],"gold":925,"neow_bonus":"ONE_RANDOM_RARE_CARD","is_prod":false,"is_daily":false,"chose_seed":false,"campfire_upgraded":4,"win_rate":0,"timestamp":1566474792,"path_taken":["M","$","?","?","M","E","R","E","T","?","M","E","R","M","R","BOSS","M","?","$","?","?","E","?","R","T","R","?","R","?","M","R","BOSS"],"build_version":"2019-07-17","purchased_purges":0,"victory":false,"max_hp_per_floor":[75,75,75,75,75,75,75,75,75,75,75,75,75,75,75,75,75,75,75,75,75,75,75,75,75,75,75,75,75,75,75,75,75],"card_choices":[{"not_picked":["Auto Shields","Gash"],"picked":"Coolheaded","floor":1},{"not_picked":["Double Energy","Redo"],"picked":"Static Discharge","floor":5},{"not_picked":["Beam Cell","Scrape"],"picked":"Conserve Battery","floor":6},{"not_picked":["BootSequence","Rebound"],"picked":"Aggregate","floor":8},{"not_picked":["Chill","Scrape"],"picked":"Glacier","floor":10},{"not_picked":["Streamline","Auto Shields"],"picked":"Gash","floor":11},{"not_picked":["Streamline","Core Surge"],"picked":"Genetic Algorithm","floor":12},{"not_picked":["Conserve Battery","Force Field"],"picked":"Beam Cell","floor":14},{"not_picked":["Multi-Cast","Amplify"],"picked":"Core Surge","floor":16},{"not_picked":["Turbo","Cold Snap"],"picked":"Recycle","floor":18},{"not_picked":["Static Discharge","Go for the Eyes"],"picked":"Cold Snap+1","floor":22},{"not_picked":["Hologram","Beam Cell"],"picked":"Go for the Eyes","floor":23},{"not_picked":["Cold Snap","Redo"],"picked":"Gash+1","floor":24},{"not_picked":["Go for the Eyes+1","Melter"],"picked":"All For One","floor":30},{"not_picked":["Recycle","Auto Shields","Turbo"],"picked":"SKIP","floor":31}],"player_experience":218453,"relics_obtained":[{"floor":6,"key":"Art of War"},{"floor":8,"key":"Boot"},{"floor":9,"key":"Cables"},{"floor":12,"key":"Tiny Chest"},{"floor":23,"key":"Blue Candle"},{"floor":26,"key":"Blood Vial"}],"event_choices":[{"damage_healed":0,"gold_gain":0,"player_choice":"Grow","damage_taken":0,"max_hp_gain":0,"max_hp_loss":0,"event_name":"Living Wall","floor":3,"gold_loss":0,"cards_upgraded":["Biased Cognition"]},{"cards_removed":["Strike_B"],"damage_healed":0,"gold_gain":0,"player_choice":"Purged","damage_taken":0,"max_hp_gain":0,"max_hp_loss":0,"event_name":"Purifier","floor":4,"gold_loss":0},{"cards_removed":["Redo"],"damage_healed":0,"gold_gain":0,"player_choice":"Gave Gold","damage_taken":0,"max_hp_gain":0,"max_hp_loss":0,"event_name":"Beggar","floor":19,"gold_loss":75},{"damage_healed":0,"gold_gain":450,"player_choice":"CARD GOLD GOLD GOLD GOLD GOLD ","damage_taken":49,"max_hp_gain":0,"max_hp_loss":0,"event_name":"Knowing Skull","floor":21,"potions_obtained":[],"gold_loss":0,"cards_obtained":["Swift Strike"]},{"damage_healed":0,"gold_gain":450,"player_choice":"CARD GOLD GOLD GOLD GOLD GOLD ","damage_taken":49,"max_hp_gain":0,"max_hp_loss":0,"event_name":"Knowing Skull","floor":21,"potions_obtained":[],"gold_loss":0,"cards_obtained":["Swift Strike"]},{"damage_healed":0,"gold_gain":0,"player_choice":"Traded Relic","damage_taken":0,"relics_obtained":["Nloth\u0027s Gift"],"max_hp_gain":0,"max_hp_loss":0,"event_name":"N\u0027loth","floor":28,"relics_lost":["Blue Candle"],"gold_loss":0}],"is_beta":false,"boss_relics":[{"not_picked":["Velvet Choker","Runic Pyramid"],"picked":"Pandora\u0027s Box"}],"items_purged_floors":[],"is_endless":false,"potions_floor_spawned":[1,6,8,14,16,18,22,23,31],"killed_by":"Champ","ascension_level":4}