{"gold_per_floor":[109,24,24,44,8,8,8,8,31,31,31,48,80,7,7,105,105,125,50,66,77,89,117,117,146,146,146,159,159,186,198,198,301,301,311,311,311,329,354,387,387,407,407,419,442,482,512,524,536,548],"floor_reached":50,"playtime":2095,"items_purged":["Strike_B"],"score":862,"play_id":"d7be21a7-9eca-4a39-ac2b-70b53d78cef1","local_time":"20190301113436","is_ascension_mode":true,"campfire_choices":[{"data":"Sunder","floor":6,"key":"SMITH"},{"data":"Zap","floor":8,"key":"SMITH"},{"data":"Self Repair","floor":10,"key":"SMITH"},{"data":"Dualcast","floor":15,"key":"SMITH"},{"floor":24,"key":"REST"},{"data":"Buffer","floor":27,"key":"SMITH"},{"data":"Gash","floor":32,"key":"SMITH"},{"floor":41,"key":"REST"},{"floor":44,"key":"REST"},{"data":"Creative AI","floor":49,"key":"SMITH"}],"neow_cost":"NONE","seed_source_timestamp":888497543388240,"circlet_count":0,"master_deck":["AscendersBane","Strike_B","Strike_B","Defend_B","Defend_B","Defend_B","Defend_B","Zap+1","Dualcast+1","Darkness","Bandage Up","Sunder+1","Self Repair+1","Conserve Battery","FTL","All For One","Buffer+1","Ball Lightning+1","Coolheaded","Leap","Steam","Seek","Cold Snap+1","Gash+1","Conserve Battery","Go for the Eyes","Creative AI+1","Dramatic Entrance","Stack+1","Double Energy+1","Gash+1","Force Field","All For One","Recycle+1","Redo+1","Doubt"],"relics":["Lizard Tail","Vajra","Kunai","Sozu","Torii","Pocketwatch","Bottled Flame","Happy Flower","Nuclear Battery","Dream Catcher","Blue Candle","MawBank","Bag of Marbles"],"potions_floor_usage":[12,13,23],"damage_taken":[{"damage":8,"enemies":"Jaw Worm","floor":1,"turns":4},{"damage":6,"enemies":"Cultist","floor":4,"turns":4},{"damage":0,"enemies":"Small Slimes","floor":12,"turns":3},{"damage":27,"enemies":"Gremlin Nob","floor":13,"turns":4},{"damage":26,"enemies":"Slime Boss","floor":16,"turns":6},{"damage":22,"enemies":"Shell Parasite","floor":18,"turns":6},{"damage":35,"enemies":"2 Thieves","floor":20,"turns":4},{"damage":36,"enemies":"Centurion and Healer","floor":21,"turns":5},{"damage":11,"enemies":"Shelled Parasite and Fungi","floor":22,"turns":5},{"damage":47,"enemies":"Slavers","floor":23,"turns":7},{"damage":29,"enemies":"Book of Stabbing","floor":25,"turns":5},{"damage":15,"enemies":"Snake Plant","floor":28,"turns":5},{"damage":7,"enemies":"Gremlin Leader","floor":30,"turns":7},{"damage":1,"enemies":"Centurion and Healer","floor":31,"turns":7},{"damage":20,"enemies":"Champ","floor":33,"turns":15},{"damage":48,"enemies":"3 Darklings","floor":35,"turns":7},{"damage":10,"enemies":"3 Shapes","floor":38,"turns":6},{"damage":30,"enemies":"Nemesis","floor":40,"turns":11},{"damage":24,"enemies":"Jaw Worm Horde","floor":42,"turns":7},{"damage":20,"enemies":"3 Darklings","floor":45,"turns":10},{"damage":37,"enemies":"Giant Head","floor":46,"turns":11},{"damage":12,"enemies":"Spire Growth","floor":47,"turns":5},{"damage":88,"enemies":"Awakened One","floor":50,"turns":5}],"seed_played":"3030512680342935522","potions_obtained":[{"floor":3,"key":"Explosive Potion"},{"floor":3,"key":"Swift Potion"},{"floor":3,"key":"EssenceOfSteel"},{"floor":4,"key":"LiquidBronze"}],"is_trial":false,"path_per_floor":["M","$","?","M","$","R","$","R","T","R","?","M","E","$","R","B",null,"M","$","M","M","M","E","R","E","T","R","M","?","E","M","R","B",null,"M","?","?","M","T","E","R","M","T","R","M","E","M","?","R","B"],"character_chosen":"DEFECT","items_purchased":["Bandage Up","Self Repair","All For One"],"campfire_rested":3,"item_purchase_floors":[2,5,14],"current_hp_per_floor":[60,60,60,58,58,58,58,58,58,58,58,72,55,55,55,33,65,57,57,36,14,17,29,51,36,36,36,35,35,42,55,55,49,69,35,35,35,39,39,23,45,35,35,57,51,28,30,75,75,0],"gold":548,"neow_bonus":"BOSS_RELIC","is_prod":false,"is_daily":false,"chose_seed":false,"campfire_upgraded":7,"win_rate":0,"timestamp":1551458076,"path_taken":["M","$","?","M","?","R","$","R","T","R","?","?","E","$","R","BOSS","M","$","M","?","M","E","R","E","T","R","M","?","E","M","R","BOSS","M","?","?","?","?","E","R","M","T","R","M","E","M","?","R","BOSS"],"build_version":"2019-01-23","purchased_purges":1,"victory":false,"max_hp_per_floor":[75,75,75,75,75,75,75,75,75,75,75,75,75,75,75,75,75,75,75,75,75,75,75,75,75,75,75,75,75,75,75,75,75,75,75,75,75,75,75,75,75,75,75,75,75,75,75,75,75,75],"card_choices":[{"not_picked":["Barrage","Redo"],"picked":"Darkness","floor":1},{"not_picked":["Darkness","Streamline"],"picked":"Sunder","floor":4},{"not_picked":["Steam","Redo"],"picked":"Conserve Battery","floor":12},{"not_picked":["Double Energy","Go for the Eyes"],"picked":"FTL","floor":13},{"not_picked":["Hyperbeam","Biased Cognition"],"picked":"Buffer","floor":16},{"not_picked":["Auto Shields","Conserve Battery+1"],"picked":"Ball Lightning+1","floor":18},{"not_picked":["Scrape","Steam"],"picked":"Coolheaded","floor":20},{"not_picked":["Fusion","Skim+1"],"picked":"Leap","floor":21},{"not_picked":["Double Energy","Sweeping Beam"],"picked":"Steam","floor":22},{"not_picked":["Storm","Auto Shields"],"picked":"Seek","floor":23},{"not_picked":["Coolheaded","Rainbow"],"picked":"Cold Snap+1","floor":25},{"not_picked":["Go for the Eyes","Rebound"],"picked":"Gash","floor":28},{"not_picked":["Auto Shields","Melter"],"picked":"Conserve Battery","floor":30},{"not_picked":["Lockon","Steam"],"picked":"Go for the Eyes","floor":31},{"not_picked":["Thunder Strike","Rainbow"],"picked":"Creative AI","floor":33},{"not_picked":["Redo","Steam Power","Cold Snap+1"],"picked":"SKIP","floor":35},{"not_picked":["Secret Weapon","Jack Of All Trades"],"picked":"Dramatic Entrance","floor":36},{"not_picked":["Coolheaded","Rebound+1"],"picked":"Stack+1","floor":38},{"not_picked":["Storm+1","Coolheaded"],"picked":"Double Energy+1","floor":40},{"not_picked":["Leap+1","Reinforced Body+1"],"picked":"Gash+1","floor":42},{"not_picked":["Cold Snap","Redo"],"picked":"Force Field","floor":44},{"not_picked":["Stack+1","Beam Cell+1"],"picked":"All For One","floor":45},{"not_picked":["Undo","Ball Lightning"],"picked":"Recycle+1","floor":46},{"not_picked":["Barrage+1","Rebound"],"picked":"Redo+1","floor":47}],"player_experience":159264,"relics_obtained":[{"floor":9,"key":"Vajra"},{"floor":13,"key":"Kunai"},{"floor":23,"key":"Torii"},{"floor":25,"key":"Pocketwatch"},{"floor":26,"key":"Bottled Flame"},{"floor":30,"key":"Happy Flower"},{"floor":39,"key":"Dream Catcher"},{"floor":40,"key":"Blue Candle"},{"floor":43,"key":"MawBank"},{"floor":46,"key":"Bag of Marbles"}],"event_choices":[{"damage_healed":0,"gold_gain":0,"player_choice":"Got Potions","damage_taken":0,"max_hp_gain":0,"max_hp_loss":0,"event_name":"Lab","floor":3,"gold_loss":0},{"cards_removed":["Strike_B"],"damage_healed":0,"gold_gain":0,"player_choice":"Purged","damage_taken":0,"max_hp_gain":0,"max_hp_loss":0,"event_name":"Purifier","floor":11,"gold_loss":0},{"damage_healed":0,"gold_gain":0,"player_choice":"Ignored","damage_taken":0,"max_hp_gain":0,"max_hp_loss":0,"event_name":"Vampires","floor":29,"gold_loss":0},{"damage_healed":0,"gold_gain":0,"player_choice":"Memory 1","damage_taken":0,"max_hp_gain":0,"max_hp_loss":0,"event_name":"SensoryStone","floor":36,"gold_loss":0},{"damage_healed":0,"gold_gain":0,"player_choice":"Ignored","damage_taken":0,"max_hp_gain":0,"max_hp_loss":0,"event_name":"SecretPortal","floor":37,"gold_loss":0},{"damage_healed":45,"gold_gain":0,"player_choice":"Heal","damage_taken":0,"max_hp_gain":0,"max_hp_loss":0,"event_name":"MindBloom","floor":48,"gold_loss":0,"cards_obtained":["Doubt"]}],"is_beta":false,"boss_relics":[{"not_picked":["Orrery","Ectoplasm"],"picked":"Sozu"},{"not_picked":["Snecko Eye","Calling Bell"],"picked":"Nuclear Battery"}],"items_purged_floors":[19],"is_endless":false,"potions_floor_spawned":[4,18,22,31,38,40,46,47],"killed_by":"Awakened One","ascension_level":10}