{"gold_per_floor":[118,137,151,151,62,62,90,90,90,90,114,114,133,151,151,151],"floor_reached":16,"playtime":1874,"items_purged":[],"score":200,"play_id":"7675af25-a640-4ec4-9288-60652adff107","local_time":"20190810003116","is_ascension_mode":true,"campfire_choices":[{"data":"Loop","floor":6.0,"key":"SMITH"},{"data":"Buffer","floor":8.0,"key":"SMITH"},{"data":"Go for the Eyes","floor":10.0,"key":"SMITH"},{"data":"Hologram","floor":15,"key":"SMITH"}],"neow_cost":"NONE","seed_source_timestamp":678992360885042,"circlet_count":0,"master_deck":["AscendersBane","Strike_B","Strike_B","Strike_B","Defend_B","Defend_B","Defend_B","Defend_B","Zap+1","Dualcast","Chill","Go for the Eyes+1","Stack","Loop+1","Buffer+1","Force Field","Sunder","Hologram+1"],"special_seed":0,"relics":["Cracked Core","Kunai","Anchor"],"potions_floor_usage":[16],"damage_taken":[{"damage":0.0,"enemies":"Small Slimes","floor":1.0,"turns":2.0},{"damage":0.0,"enemies":"Jaw Worm","floor":2.0,"turns":3.0},{"damage":1.0,"enemies":"2 Louse","floor":3.0,"turns":2.0},{"damage":16.0,"enemies":"Lagavulin","floor":7.0,"turns":6.0},{"damage":0.0,"enemies":"Gremlin Gang","floor":13.0,"turns":7.0},{"damage":0,"enemies":"2 Fungi Beasts","floor":14,"turns":4},{"damage":54,"enemies":"Slime Boss","floor":16,"turns":13}],"seed_played":"2254001303310998810","potions_obtained":[{"floor":3.0,"key":"Poison Potion"},{"floor":7.0,"key":"Fire Potion"},{"floor":14,"key":"SkillPotion"}],"is_trial":false,"path_per_floor":["M","M","M","?","$","R","E","R","T","R","T","?","M","M","R","B"],"character_chosen":"DEFECT","items_purchased":["Loop"],"campfire_rested":0,"item_purchase_floors":[5],"current_hp_per_floor":[64,64,63,68,68,68,52,52,52,52,52,52,52,52,52,0],"gold":151,"neow_bonus":"UPGRADE_CARD","is_prod":false,"is_daily":false,"chose_seed":false,"campfire_upgraded":4,"win_rate":0,"timestamp":1565422276,"path_taken":["M","M","M","?","$","R","E","R","T","R","?","?","M","?","R","BOSS"],"build_version":"2019-07-18","purchased_purges":0,"victory":false,"max_hp_per_floor":[71,71,71,76,76,76,76,76,76,76,76,76,76,76,76,76],"card_choices":[{"not_picked":["Conserve Battery","Compile Driver"],"picked":"Chill","floor":1.0},{"not_picked":["Redo","Turbo"],"picked":"Go for the Eyes","floor":2.0},{"not_picked":["Turbo","Steam"],"picked":"Stack","floor":3.0},{"not_picked":["Capacitor","Streamline"],"picked":"Buffer","floor":7.0},{"not_picked":["Conserve Battery","Steam Power"],"picked":"Sunder","floor":13.0},{"not_picked":["Self Repair","Rebound"],"picked":"Hologram","floor":14}],"player_experience":2907464,"relics_obtained":[{"floor":7.0,"key":"Kunai"},{"floor":11.0,"key":"Anchor"}],"event_choices":[{"damage_healed":0.0,"max_hp_gain":5.0,"max_hp_loss":0.0,"gold_gain":0.0,"event_name":"Big Fish","player_choice":"Donut","floor":4.0,"gold_loss":0.0,"damage_taken":0.0},{"damage_healed":0.0,"max_hp_gain":0.0,"max_hp_loss":0.0,"gold_gain":0.0,"cards_transformed":["Strike_B"],"event_name":"Transmorgrifier","player_choice":"Transformed","floor":12.0,"gold_loss":0.0,"damage_taken":0.0,"cards_obtained":["Force Field"]}],"is_beta":true,"boss_relics":[],"items_purged_floors":[],"is_endless":false,"potions_floor_spawned":[3,7,14],"killed_by":"Slime Boss","ascension_level":20}