{"gold_per_floor":[111,31,31,31,51,51,76,76,76,76,76,105,105,31,31,31],"floor_reached":16,"playtime":498,"items_purged":[],"score":194,"play_id":"7ca64363-904e-48a3-9d5e-97205584de6b","local_time":"20190301105000","is_ascension_mode":true,"campfire_choices":[{"data":"Zap","floor":6,"key":"SMITH"},{"data":"Loop","floor":8,"key":"SMITH"},{"data":"Machine Learning","floor":10,"key":"SMITH"},{"data":"Self Repair","floor":15,"key":"SMITH"}],"neow_cost":"NONE","seed_source_timestamp":887978573638295,"circlet_count":0,"master_deck":["AscendersBane","Strike_B+1","Strike_B","Strike_B","Defend_B","Defend_B","Defend_B+1","Defend_B","Zap+1","Dualcast","Conserve Battery","Loop+1","Machine Learning+1","Cold Snap","Glacier","Self Repair+1"],"relics":["Cracked Core","NeowsBlessing","Orichalcum","PreservedInsect","Symbiotic Virus"],"potions_floor_usage":[16],"damage_taken":[{"damage":0,"enemies":"Cultist","floor":1,"turns":1},{"damage":0,"enemies":"Small Slimes","floor":5,"turns":1},{"damage":0,"enemies":"Gremlin Nob","floor":7,"turns":1},{"damage":12,"enemies":"3 Sentries","floor":12,"turns":7},{"damage":36,"enemies":"The Guardian","floor":16,"turns":13}],"seed_played":"8519895628530288328","potions_obtained":[{"floor":12,"key":"Swift Potion"}],"is_trial":false,"path_per_floor":["M","$","$","?","M","R","E","R","T","R","?","E","?","$","R","B"],"character_chosen":"DEFECT","items_purchased":["Loop","Self Repair"],"campfire_rested":0,"item_purchase_floors":[2,14],"current_hp_per_floor":[68,68,68,68,68,68,68,68,68,68,61,49,34,34,34,0],"gold":31,"neow_bonus":"THREE_ENEMY_KILL","is_prod":false,"is_daily":false,"chose_seed":false,"campfire_upgraded":4,"win_rate":0,"timestamp":1551455400,"path_taken":["M","?","$","?","?","R","E","R","T","R","?","E","?","?","R","BOSS"],"build_version":"2019-01-23","purchased_purges":0,"victory":false,"max_hp_per_floor":[75,75,75,75,75,75,75,75,75,75,75,75,75,75,75,75],"card_choices":[{"not_picked":["Turbo","Steam"],"picked":"Conserve Battery","floor":1},{"not_picked":["Rebound","Sweeping Beam","Fusion"],"picked":"SKIP","floor":5},{"not_picked":["Barrage","Creative AI"],"picked":"Cold Snap","floor":7},{"not_picked":["Capacitor","Hologram"],"picked":"Glacier","floor":12}],"player_experience":158766,"relics_obtained":[{"floor":7,"key":"Orichalcum"},{"floor":9,"key":"PreservedInsect"},{"floor":12,"key":"Symbiotic Virus"}],"event_choices":[{"damage_healed":0,"gold_gain":0,"player_choice":"1 cards matched","damage_taken":0,"max_hp_gain":0,"max_hp_loss":0,"event_name":"Match and Keep!","floor":4,"gold_loss":0,"cards_obtained":["Machine Learning"]},{"cards_removed":["Strike_B"],"damage_healed":0,"gold_gain":0,"player_choice":"Card Removal","damage_taken":7,"max_hp_gain":0,"max_hp_loss":0,"event_name":"Golden Wing","floor":11,"gold_loss":0},{"damage_healed":0,"gold_gain":0,"player_choice":"Entered Light","damage_taken":15,"max_hp_gain":0,"max_hp_loss":0,"event_name":"Shining Light","floor":13,"gold_loss":0,"cards_upgraded":["Defend_B","Strike_B"]}],"is_beta":false,"boss_relics":[],"items_purged_floors":[],"is_endless":false,"potions_floor_spawned":[12],"killed_by":"The Guardian","ascension_level":10}