{"gold_per_floor":[118,128,128,203,203,214,226,241,241,241,241,266,281,281],"floor_reached":14,"playtime":354,"items_purged":[],"score":184,"play_id":"ddf5e3aa-7a07-4817-b3d8-eb12bd896695","local_time":"20190613192230","is_ascension_mode":true,"campfire_choices":[{"floor":10.0,"key":"REST"}],"neow_cost":"CURSE","seed_source_timestamp":2937615234960715,"circlet_count":0,"master_deck":["AscendersBane","Strike_B","Strike_B","Strike_B","Defend_B","Defend_B","Defend_B","Zap+1","Dualcast","Decay","Turbo","Conserve Battery","Ball Lightning","Cold Snap","Machine Learning","Sweeping Beam","Coolheaded","Amplify","Go for the Eyes"],"special_seed":0,"relics":["Cracked Core","Ornamental Fan","Shuriken","Bag of Preparation"],"potions_floor_usage":[],"damage_taken":[{"damage":0.0,"enemies":"Cultist","floor":1.0,"turns":4.0},{"damage":7.0,"enemies":"Small Slimes","floor":2.0,"turns":3.0},{"damage":3.0,"enemies":"2 Louse","floor":6.0,"turns":3.0},{"damage":15.0,"enemies":"Large Slime","floor":7.0,"turns":4.0},{"damage":18.0,"enemies":"Exordium Thugs","floor":8.0,"turns":4.0},{"damage":13,"enemies":"Lagavulin","floor":12,"turns":6},{"damage":0,"enemies":"2 Fungi Beasts","floor":13,"turns":3},{"damage":20,"enemies":"3 Sentries","floor":14,"turns":6}],"seed_played":"-2401031775728205067","potions_obtained":[{"floor":6.0,"key":"Ancient Potion"},{"floor":7.0,"key":"Energy Potion"}],"is_trial":false,"path_per_floor":["M","M","T","?","?","M","M","M","T","R","?","E","M","E"],"character_chosen":"DEFECT","items_purchased":[],"campfire_rested":1,"item_purchase_floors":[],"current_hp_per_floor":[64,57,57,46,46,43,28,10,10,31,31,18,18,0],"gold":281,"neow_bonus":"TRANSFORM_TWO_CARDS","is_prod":false,"is_daily":false,"chose_seed":false,"campfire_upgraded":0,"win_rate":0,"timestamp":1560468150,"path_taken":["M","M","?","?","?","M","M","?","T","R","?","E","M","E"],"build_version":"2019-01-23","purchased_purges":0,"victory":false,"max_hp_per_floor":[71,71,71,71,71,71,71,71,71,71,71,71,71,71],"card_choices":[{"not_picked":["Stack","Force Field"],"picked":"Ball Lightning","floor":1.0},{"not_picked":["Stack","Steam"],"picked":"Cold Snap","floor":2.0},{"not_picked":["Stack","Turbo"],"picked":"Machine Learning","floor":6.0},{"not_picked":["Stack","Go for the Eyes"],"picked":"Sweeping Beam","floor":7.0},{"not_picked":["Streamline","Redo"],"picked":"Coolheaded","floor":8.0},{"not_picked":["Leap","Force Field"],"picked":"Amplify","floor":12},{"not_picked":["Compile Driver","Rebound"],"picked":"Go for the Eyes","floor":13}],"player_experience":428623,"relics_obtained":[{"floor":3.0,"key":"Ornamental Fan"},{"floor":9.0,"key":"Shuriken"},{"floor":12,"key":"Bag of Preparation"}],"event_choices":[{"damage_healed":0.0,"max_hp_gain":0.0,"max_hp_loss":0.0,"gold_gain":75.0,"event_name":"World of Goop","player_choice":"Gather Gold","floor":4.0,"gold_loss":0.0,"damage_taken":11.0},{"damage_healed":0.0,"max_hp_gain":0.0,"max_hp_loss":0.0,"gold_gain":0.0,"event_name":"Upgrade Shrine","player_choice":"Upgraded","floor":5.0,"gold_loss":0.0,"damage_taken":0.0,"cards_upgraded":["Zap"]},{"damage_healed":0,"gold_gain":0,"player_choice":"Searched \u00270\u0027 times","damage_taken":0,"max_hp_gain":0,"max_hp_loss":0,"event_name":"Dead Adventurer","floor":11,"gold_loss":0}],"is_beta":false,"boss_relics":[],"items_purged_floors":[],"is_endless":false,"potions_floor_spawned":[6,7],"killed_by":"3 Sentries","ascension_level":20}