{"gold_per_floor":[118,138,63,63,73,73,103,103,127,146,146,146,163,175,175,277,277,295,394,375,395,395,395,425,455,529,543,560,560,572,588,588,692,742,760,771,783,883,66,100,100,100],"floor_reached":42,"playtime":8406,"items_purged":["Strike_B"],"score":477,"play_id":"1a3f44b9-fea4-4fda-afe3-fc3d8d274125","local_time":"20190830002102","is_ascension_mode":false,"campfire_choices":[{"data":"Hologram","floor":6,"key":"SMITH"},{"floor":12,"key":"REST"},{"data":"Coolheaded","floor":15,"key":"SMITH"},{"data":"Hologram","floor":23,"key":"SMITH"},{"floor":29,"key":"REST"},{"data":"Chill","floor":32,"key":"SMITH"}],"neow_cost":"NONE","seed_source_timestamp":525875457284106,"circlet_count":0,"master_deck":["Strike_B+1","Strike_B+1","Defend_B+1","Defend_B+1","Defend_B+1","Defend_B+1","Zap+1","Dualcast","Streamline","Gash","Hologram+1","Blizzard","Heatsinks","Coolheaded+1","Cold Snap","Hologram+1","Chill+1","Consume","Defragment+1","Machine Learning","Gash","Scrape","Scrape","All For One","Cold Snap","Cold Snap+1","Turbo+1","Go for the Eyes","Conserve Battery+1","Skim","The Bomb","Reinforced Body"],"relics":["FrozenCore","Vajra","Regal Pillow","Art of War","StoneCalendar","Torii","Red Mask","Bottled Tornado","Tiny House","Peace Pipe","Lee\u0027s Waffle","Prayer Wheel","Turnip"],"potions_floor_usage":[7,16,16,20,24,33,35,37,37,37,40],"damage_taken":[{"damage":2,"enemies":"Jaw Worm","floor":1,"turns":5},{"damage":7,"enemies":"Small Slimes","floor":2,"turns":3},{"damage":3,"enemies":"2 Louse","floor":5,"turns":2},{"damage":26,"enemies":"3 Sentries","floor":7,"turns":8},{"damage":8,"enemies":"Exordium Thugs","floor":10,"turns":4},{"damage":0,"enemies":"Exordium Wildlife","floor":13,"turns":2},{"damage":9,"enemies":"Large Slime","floor":14,"turns":6},{"damage":20,"enemies":"Hexaghost","floor":16,"turns":9},{"damage":12,"enemies":"Spheric Guardian","floor":18,"turns":6},{"damage":9,"enemies":"2 Thieves","floor":20,"turns":4},{"damage":12,"enemies":"Snecko","floor":21,"turns":7},{"damage":7,"enemies":"Book of Stabbing","floor":24,"turns":9},{"damage":26,"enemies":"Masked Bandits","floor":25,"turns":7},{"damage":0,"enemies":"Snake Plant","floor":27,"turns":7},{"damage":0,"enemies":"Cultist and Chosen","floor":28,"turns":6},{"damage":1,"enemies":"Shelled Parasite and Fungi","floor":30,"turns":7},{"damage":1,"enemies":"Snake Plant","floor":31,"turns":7},{"damage":11,"enemies":"Collector","floor":33,"turns":13},{"damage":27,"enemies":"3 Shapes","floor":35,"turns":5},{"damage":1,"enemies":"3 Darklings","floor":36,"turns":7},{"damage":0,"enemies":"Jaw Worm Horde","floor":37,"turns":6},{"damage":1,"enemies":"Mind Bloom Boss Battle","floor":38,"turns":8},{"damage":26,"enemies":"Nemesis","floor":40,"turns":11},{"damage":104,"enemies":"Giant Head","floor":42,"turns":12}],"seed_played":"1358069860509867964","potions_obtained":[{"floor":2,"key":"FearPotion"},{"floor":5,"key":"SpeedPotion"},{"floor":10,"key":"FocusPotion"},{"floor":14,"key":"GamblersBrew"},{"floor":18,"key":"AttackPotion"},{"floor":21,"key":"SpeedPotion"},{"floor":31,"key":"EssenceOfSteel"},{"floor":33,"key":"Poison Potion"},{"floor":34,"key":"Regen Potion"},{"floor":36,"key":"Explosive Potion"},{"floor":38,"key":"LiquidBronze"},{"floor":40,"key":"SmokeBomb"}],"is_trial":false,"path_per_floor":["M","M","$","?","M","R","E","?","T","M","T","R","M","M","R","B",null,"M","?","M","M","?","R","E","?","T","M","M","R","M","M","R","B",null,"M","M","M","?","$","E","?","E"],"character_chosen":"DEFECT","items_purchased":["Lee\u0027s Waffle","Prayer Wheel","Skim","SkillPotion","The Bomb"],"campfire_rested":2,"item_purchase_floors":[39,39,39,39,39],"current_hp_per_floor":[80,73,73,66,63,63,37,37,37,29,29,68,68,59,59,39,82,70,70,61,49,49,49,42,16,16,16,16,55,54,53,53,42,87,60,59,74,73,94,68,68,0],"gold":100,"neow_bonus":"TEN_PERCENT_HP_BONUS","is_prod":false,"is_daily":false,"chose_seed":false,"campfire_upgraded":4,"win_rate":0,"timestamp":1567117262,"path_taken":["M","M","$","?","M","R","E","?","T","M","?","R","M","M","R","BOSS","M","?","M","M","?","R","E","?","T","M","M","R","?","M","R","BOSS","M","M","M","?","$","E","?","E"],"build_version":"2019-06-28","purchased_purges":1,"victory":false,"max_hp_per_floor":[82,82,82,82,82,82,82,82,82,82,82,82,82,82,82,82,82,82,82,82,82,82,82,82,82,82,82,82,82,82,82,82,82,87,87,87,87,87,94,94,94,94],"card_choices":[{"not_picked":["Rebound","Aggregate"],"picked":"Streamline","floor":1},{"not_picked":["Barrage","Stack"],"picked":"Gash","floor":2},{"not_picked":["Chaos","Sunder"],"picked":"Hologram","floor":5},{"not_picked":["Redo","Aggregate"],"picked":"Blizzard","floor":7},{"not_picked":["Beam Cell","Streamline"],"picked":"Heatsinks","floor":10},{"not_picked":["Conserve Battery","Amplify"],"picked":"Coolheaded","floor":13},{"not_picked":["Barrage","Sweeping Beam"],"picked":"Cold Snap","floor":14},{"not_picked":["Ball Lightning","Turbo"],"picked":"Hologram","floor":18},{"not_picked":["Beam Cell","Sweeping Beam+1"],"picked":"Chill","floor":20},{"not_picked":["Stack","Turbo"],"picked":"Consume","floor":21},{"not_picked":["Double Energy","Recycle"],"picked":"Defragment+1","floor":24},{"not_picked":["Streamline+1","Steam Power"],"picked":"Machine Learning","floor":25},{"not_picked":["Force Field","Hello World"],"picked":"Gash","floor":27},{"not_picked":["Leap+1","Hello World+1"],"picked":"Scrape","floor":28},{"not_picked":["Conserve Battery","Steam"],"picked":"Scrape","floor":30},{"not_picked":["Rebound+1","Aggregate","Hello World"],"picked":"SKIP","floor":31},{"not_picked":["Meteor Strike","Thunder Strike"],"picked":"All For One","floor":33},{"not_picked":["Ball Lightning","Fusion"],"picked":"Cold Snap","floor":34},{"not_picked":["Recycle","Steam+1"],"picked":"Cold Snap+1","floor":35},{"not_picked":["Double Energy+1","Conserve Battery"],"picked":"Turbo+1","floor":36},{"not_picked":["Darkness+1","Leap"],"picked":"Go for the Eyes","floor":37},{"not_picked":["Sweeping Beam","Double Energy"],"picked":"Conserve Battery+1","floor":38},{"not_picked":["Compile Driver+1","Steam"],"picked":"Reinforced Body","floor":40}],"player_experience":152418,"relics_obtained":[{"floor":7,"key":"Vajra"},{"floor":9,"key":"Art of War"},{"floor":11,"key":"StoneCalendar"},{"floor":24,"key":"Torii"},{"floor":25,"key":"Red Mask"},{"floor":26,"key":"Bottled Tornado"},{"floor":38,"key":"Peace Pipe"},{"floor":40,"key":"Turnip"}],"event_choices":[{"cards_removed":["Strike_B"],"damage_healed":0,"gold_gain":0,"player_choice":"Card Removal","damage_taken":7,"max_hp_gain":0,"max_hp_loss":0,"event_name":"Golden Wing","floor":4,"gold_loss":0},{"damage_healed":0,"gold_gain":0,"player_choice":"Searched \u00271\u0027 times","damage_taken":0,"relics_obtained":["Regal Pillow"],"max_hp_gain":0,"max_hp_loss":0,"event_name":"Dead Adventurer","floor":8,"gold_loss":0},{"damage_healed":0,"gold_gain":99,"player_choice":"Stole From Cult","damage_taken":0,"max_hp_gain":0,"max_hp_loss":0,"event_name":"Nest","floor":19,"gold_loss":0},{"damage_healed":0,"gold_gain":0,"player_choice":"Simplicity","damage_taken":0,"max_hp_gain":0,"max_hp_loss":0,"event_name":"Back to Basics","floor":22,"gold_loss":0,"cards_upgraded":["Strike_B","Strike_B","Defend_B","Defend_B","Defend_B","Defend_B"]},{"damage_healed":0,"gold_gain":0,"player_choice":"Fought Bandits","damage_taken":0,"max_hp_gain":0,"max_hp_loss":0,"event_name":"Masked Bandits","floor":25,"gold_loss":0},{"damage_healed":0,"gold_gain":0,"player_choice":"Fight","damage_taken":0,"max_hp_gain":0,"max_hp_loss":0,"event_name":"MindBloom","floor":38,"gold_loss":0},{"damage_healed":0,"gold_gain":0,"player_choice":"Ignored","damage_taken":0,"max_hp_gain":0,"max_hp_loss":0,"event_name":"Tomb of Lord Red Mask","floor":41,"gold_loss":0}],"is_beta":true,"boss_relics":[{"not_picked":["Black Star","Snecko Eye"],"picked":"FrozenCore"},{"not_picked":["White Beast Statue","Astrolabe"],"picked":"Tiny House"}],"items_purged_floors":[3],"is_endless":false,"potions_floor_spawned":[2,5,10,14,18,21,31,33,36,38,40],"killed_by":"Giant Head","ascension_level":0}