{"gold_per_floor":[119,119,138,157,2,36,36,62,62,95,110,126,13,40,40,40],"floor_reached":16,"playtime":533,"items_purged":["Strike_B"],"score":240,"play_id":"ff8f303a-d7fe-42f1-a4b1-f1a5857e9c00","local_time":"20190826142533","is_ascension_mode":true,"campfire_choices":[{"data":"Sunder","floor":7,"key":"SMITH"},{"data":"Blizzard","floor":15,"key":"SMITH"}],"neow_cost":"NONE","seed_source_timestamp":835992951200100,"circlet_count":0,"master_deck":["AscendersBane","Strike_B","Strike_B","Defend_B+1","Defend_B","Defend_B+1","Defend_B","Zap","Dualcast","Sunder+1","Melter","Cold Snap","Coolheaded","Cold Snap","Darkness","Chill","Glacier","Self Repair","Hologram","Blizzard+1"],"relics":["Cracked Core","NeowsBlessing","War Paint","Dream Catcher","Vajra","Peace Pipe","Ancient Tea Set"],"potions_floor_usage":[6,11,14,16],"damage_taken":[{"damage":0,"enemies":"2 Louse","floor":1,"turns":1},{"damage":0,"enemies":"Cultist","floor":3,"turns":1},{"damage":0,"enemies":"Jaw Worm","floor":4,"turns":1},{"damage":26,"enemies":"Lagavulin","floor":6,"turns":9},{"damage":4,"enemies":"3 Sentries","floor":10,"turns":8},{"damage":5,"enemies":"Large Slime","floor":11,"turns":5},{"damage":0,"enemies":"2 Fungi Beasts","floor":12,"turns":3},{"damage":24,"enemies":"Gremlin Nob","floor":14,"turns":4},{"damage":1,"enemies":"Hexaghost","floor":16,"turns":9}],"seed_played":"-1180278777936665609","potions_obtained":[{"floor":1,"key":"Weak Potion"},{"floor":4,"key":"SteroidPotion"},{"floor":10,"key":"AttackPotion"},{"floor":14,"key":"AttackPotion"}],"is_trial":false,"path_per_floor":["M","?","M","M","$","E","R","T","T","E","M","M","$","E","R","B"],"character_chosen":"DEFECT","items_purchased":["Coolheaded","Cold Snap","Self Repair","Hologram"],"campfire_rested":0,"item_purchase_floors":[5,5,13,13],"current_hp_per_floor":[64,64,64,64,64,38,38,38,38,34,29,29,29,12,12,11],"gold":40,"neow_bonus":"THREE_ENEMY_KILL","is_prod":false,"is_daily":false,"chose_seed":false,"campfire_upgraded":2,"win_rate":0,"timestamp":1566843933,"path_taken":["M","?","M","?","$","E","R","?","T","E","M","M","$","E","R","BOSS"],"build_version":"2019-07-17","purchased_purges":1,"victory":false,"max_hp_per_floor":[71,71,71,71,71,71,71,71,71,71,71,71,71,71,71,71],"card_choices":[{"not_picked":["Gash","Fusion"],"picked":"Sunder","floor":1},{"not_picked":["Redo","Gash"],"picked":"Melter","floor":3},{"not_picked":["Chaos","Lockon"],"picked":"Cold Snap","floor":4},{"not_picked":["Scrape","Barrage","Lockon"],"picked":"SKIP","floor":6},{"not_picked":["Compile Driver","Aggregate"],"picked":"Darkness","floor":10},{"not_picked":["Skim","Recycle"],"picked":"Chill","floor":11},{"not_picked":["Rebound","Redo"],"picked":"Glacier","floor":12},{"not_picked":["Go for the Eyes","Fusion"],"picked":"Blizzard","floor":14}],"player_experience":603293,"relics_obtained":[{"floor":6,"key":"War Paint"},{"floor":8,"key":"Dream Catcher"},{"floor":9,"key":"Vajra"},{"floor":10,"key":"Peace Pipe"},{"floor":14,"key":"Ancient Tea Set"}],"event_choices":[{"cards_removed":["Strike_B"],"damage_healed":0,"gold_gain":0,"player_choice":"Offered Basic","damage_taken":0,"max_hp_gain":0,"max_hp_loss":0,"event_name":"Bonfire Elementals","floor":2,"gold_loss":0}],"is_beta":false,"boss_relics":[],"items_purged_floors":[5],"is_endless":false,"potions_floor_spawned":[1,4,10,14],"killed_by":"Hexaghost","ascension_level":20}