{"gold_per_floor":[113,12,24,39,54,54,81,81,81,81,156,156,176,193,193,267,267,282,301,13,25,43,43,43],"floor_reached":24,"playtime":778,"items_purged":["Doubt"],"score":340,"play_id":"31373b1d-93ba-4560-ab5d-426bf74ea145","local_time":"20190409130534","is_ascension_mode":true,"campfire_choices":[{"data":"Noxious Fumes","floor":6,"key":"SMITH"},{"data":"Mayhem","floor":8,"key":"SMITH"},{"data":"Neutralize","floor":10,"key":"SMITH"},{"data":"Blade Dance","floor":15,"key":"SMITH"},{"floor":23,"key":"REST"}],"neow_cost":"CURSE","seed_source_timestamp":218875844968719,"circlet_count":0,"master_deck":["AscendersBane","Defend_G","Defend_G","Defend_G","Defend_G","Defend_G","Strike_G","Strike_G","Strike_G","Strike_G","Strike_G","Survivor","Neutralize+1","Mayhem+1","Dark Shackles","Footwork","Blade Dance+1","Noxious Fumes+1","Bane","Bouncing Flask","Blur","Dash","Die Die Die","Well Laid Plans","Noxious Fumes","Noxious Fumes","Skewer","PiercingWail","Infinite Blades"],"relics":["Ring of the Snake","Bottled Flame","Kunai","Sozu","Bag of Marbles"],"potions_floor_usage":[7,14,22,24],"damage_taken":[{"damage":4,"enemies":"Cultist","floor":1,"turns":6},{"damage":6,"enemies":"2 Louse","floor":3,"turns":4},{"damage":0,"enemies":"Small Slimes","floor":4,"turns":5},{"damage":2,"enemies":"Exordium Wildlife","floor":5,"turns":5},{"damage":4,"enemies":"Lagavulin","floor":7,"turns":7},{"damage":0,"enemies":"Blue Slaver","floor":13,"turns":5},{"damage":0,"enemies":"3 Louse","floor":14,"turns":3},{"damage":18,"enemies":"Slime Boss","floor":16,"turns":11},{"damage":11,"enemies":"Spheric Guardian","floor":18,"turns":6},{"damage":7,"enemies":"3 Byrds","floor":19,"turns":6},{"damage":29,"enemies":"Shelled Parasite and Fungi","floor":21,"turns":5},{"damage":0,"enemies":"Centurion and Healer","floor":22,"turns":6},{"damage":25,"enemies":"Slavers","floor":24,"turns":3}],"seed_played":"4614764656696182207","potions_obtained":[{"floor":3,"key":"Strength Potion"},{"floor":5,"key":"Energy Potion"},{"floor":13,"key":"Fire Potion"},{"floor":14,"key":"LiquidBronze"}],"is_trial":false,"path_per_floor":["M","$","M","M","M","R","E","R","T","R","?","?","M","M","R","B",null,"M","M","$","M","M","R","E"],"character_chosen":"THE_SILENT","items_purchased":["Blade Dance","Bag of Marbles","Noxious Fumes","Skewer"],"campfire_rested":1,"item_purchase_floors":[2,20,20,20],"current_hp_per_floor":[55,55,49,49,47,47,43,43,43,43,32,32,32,32,32,14,53,42,35,35,6,6,25,0],"gold":43,"neow_bonus":"RANDOM_COLORLESS_2","is_prod":false,"is_daily":false,"chose_seed":false,"campfire_upgraded":4,"win_rate":0,"timestamp":1554829534,"path_taken":["M","$","M","M","?","R","E","R","T","R","?","?","M","M","R","BOSS","M","M","$","M","M","R","E"],"build_version":"2019-01-23","purchased_purges":1,"victory":false,"max_hp_per_floor":[66,66,66,66,66,66,66,66,66,66,66,66,66,66,66,66,66,66,66,66,66,66,66,66],"card_choices":[{"not_picked":["Cloak And Dagger","Reflex"],"picked":"Footwork","floor":1},{"not_picked":["Bane","Deflect"],"picked":"Noxious Fumes","floor":3},{"not_picked":["Setup","Acrobatics"],"picked":"Bane","floor":4},{"not_picked":["All Out Attack","Outmaneuver"],"picked":"Bouncing Flask","floor":5},{"not_picked":["Concentrate","Eviscerate"],"picked":"Blur","floor":7},{"not_picked":["Underhanded Strike","Eviscerate"],"picked":"Dash","floor":13},{"not_picked":["All Out Attack","Deflect","Blur"],"picked":"SKIP","floor":14},{"not_picked":["A Thousand Cuts","Venomology"],"picked":"Die Die Die","floor":16},{"not_picked":["Underhanded Strike","Cloak And Dagger"],"picked":"Well Laid Plans","floor":18},{"not_picked":["Dodge and Roll","Setup"],"picked":"Noxious Fumes","floor":19},{"not_picked":["Riddle With Holes","Acrobatics"],"picked":"PiercingWail","floor":21},{"not_picked":["Dagger Spray","Doppelganger"],"picked":"Infinite Blades","floor":22}],"player_experience":247925,"relics_obtained":[{"floor":7,"key":"Bottled Flame"},{"floor":9,"key":"Kunai"}],"event_choices":[{"damage_healed":0,"gold_gain":75,"player_choice":"Gather Gold","damage_taken":11,"max_hp_gain":0,"max_hp_loss":0,"event_name":"World of Goop","floor":11,"gold_loss":0},{"damage_healed":0,"gold_gain":0,"player_choice":"Ignored","damage_taken":0,"max_hp_gain":0,"max_hp_loss":0,"event_name":"Liars Game","floor":12,"gold_loss":0}],"is_beta":false,"boss_relics":[{"not_picked":["Cursed Key","Empty Cage"],"picked":"Sozu"}],"items_purged_floors":[2],"is_endless":false,"potions_floor_spawned":[3,5,13,14,19,21],"killed_by":"Slavers","ascension_level":14}