{"gold_per_floor":[11,29,46,1,13,40,40,59,59,86,97,56,76,95,95,193,193,206,121,121,18,32,67,67,67,144,158,158,258,258,272,272,272],"floor_reached":33,"playtime":2804,"items_purged":[],"score":279,"play_id":"b52cba4a-0513-44c2-9f42-481f08199f2d","local_time":"20190810023818","is_ascension_mode":false,"campfire_choices":[{"data":"Rage","floor":15,"key":"SMITH"},{"floor":25,"key":"REST"},{"floor":28,"key":"REST"},{"floor":32,"key":"REST"}],"neow_cost":"NO_GOLD","seed_source_timestamp":30262823109987,"circlet_count":0,"master_deck":["Strike_R","Strike_R","Defend_R","Defend_R","Defend_R","Bash","Bloodletting","Headbutt","Iron Wave","Anger","Rage+1","Power Through","Cleave","Dual Wield","Headbutt","Feel No Pain","Flame Barrier","Battle Trance","Fiend Fire","Armaments","Shrug It Off","Flex","Reckless Charge+1","Fire Breathing","Battle Trance","Blood for Blood","Intimidate","Shockwave+1","Seeing Red","Feel No Pain+1"],"relics":["Burning Blood","Red Skull","Anchor","Bag of Preparation","Empty Cage","Self Forming Clay","Dream Catcher","Sundial","Frozen Egg 2","Calipers","Mummified Hand"],"potions_floor_usage":[6,16,16,16,33],"damage_taken":[{"damage":10,"enemies":"Cultist","floor":1,"turns":4},{"damage":5,"enemies":"Jaw Worm","floor":2,"turns":5},{"damage":6,"enemies":"2 Louse","floor":3,"turns":3},{"damage":0,"enemies":"Looter","floor":5,"turns":3},{"damage":12,"enemies":"Gremlin Nob","floor":6,"turns":5},{"damage":1,"enemies":"2 Fungi Beasts","floor":8,"turns":4},{"damage":19,"enemies":"3 Sentries","floor":10,"turns":8},{"damage":6,"enemies":"Exordium Thugs","floor":11,"turns":6},{"damage":3,"enemies":"Exordium Wildlife","floor":13,"turns":4},{"damage":0,"enemies":"Blue Slaver","floor":14,"turns":2},{"damage":50,"enemies":"Slime Boss","floor":16,"turns":15},{"damage":10,"enemies":"3 Byrds","floor":18,"turns":4},{"damage":4,"enemies":"2 Thieves","floor":22,"turns":5},{"damage":88,"enemies":"Book of Stabbing","floor":23,"turns":10},{"damage":27,"enemies":"Centurion and Healer","floor":27,"turns":12},{"damage":12,"enemies":"Colosseum Slavers","floor":29,"turns":5},{"damage":12,"enemies":"Colosseum Nobs","floor":29,"turns":7},{"damage":8,"enemies":"Shelled Parasite and Fungi","floor":31,"turns":6},{"damage":57,"enemies":"Collector","floor":33,"turns":6}],"seed_played":"-7539698230454299172","potions_obtained":[{"floor":1,"key":"FearPotion"},{"floor":3,"key":"Weak Potion"},{"floor":8,"key":"Swift Potion"},{"floor":10,"key":"Weak Potion"},{"floor":18,"key":"FairyPotion"},{"floor":31,"key":"Poison Potion"}],"is_trial":false,"path_per_floor":["M","M","M","$","M","E","$","M","T","E","M","$","M","M","R","B",null,"M","?","?","$","M","E","$","R","T","M","R","?","?","M","R","B"],"character_chosen":"IRONCLAD","items_purchased":["Anger","Feel No Pain","Shrug It Off","Flex"],"campfire_rested":3,"item_purchase_floors":[4,12,21,21],"current_hp_per_floor":[76,77,77,77,80,74,74,79,79,66,66,66,69,75,75,31,80,76,76,76,76,78,8,8,32,32,11,35,23,23,21,45,0],"gold":272,"neow_bonus":"REMOVE_TWO","is_prod":false,"is_daily":false,"chose_seed":false,"campfire_upgraded":1,"win_rate":0.0,"timestamp":1565372298,"path_taken":["M","M","M","$","M","E","$","?","T","E","M","?","M","M","R","BOSS","M","?","?","?","M","E","$","R","T","?","R","?","?","M","R","BOSS"],"build_version":"2019-07-17","purchased_purges":0,"victory":false,"max_hp_per_floor":[80,80,80,80,80,80,80,80,80,80,80,80,80,80,80,80,80,80,80,80,80,80,80,80,80,80,80,80,80,80,80,80,80],"card_choices":[{"not_picked":["Carnage","True Grit"],"picked":"Bloodletting","floor":1},{"not_picked":["Heavy Blade","Warcry"],"picked":"Headbutt","floor":2},{"not_picked":["Perfected Strike","Clothesline"],"picked":"Iron Wave","floor":3},{"not_picked":["Intimidate","Anger"],"picked":"Rage","floor":5},{"not_picked":["Carnage","Rampage"],"picked":"Power Through","floor":6},{"not_picked":["Sever Soul","Anger"],"picked":"Cleave","floor":8},{"not_picked":["Anger","Armaments"],"picked":"Dual Wield","floor":10},{"not_picked":["Clothesline","Body Slam"],"picked":"Headbutt","floor":11},{"not_picked":["Sword Boomerang","Warcry"],"picked":"Flame Barrier","floor":13},{"not_picked":["Spot Weakness","Headbutt"],"picked":"Battle Trance","floor":14},{"not_picked":["Limit Break","Bludgeon"],"picked":"Fiend Fire","floor":16},{"not_picked":["Pommel Strike","Searing Blow"],"picked":"Armaments","floor":18},{"not_picked":["Clothesline+1","Heavy Blade"],"picked":"Reckless Charge+1","floor":22},{"not_picked":["Pommel Strike","Clash"],"picked":"Fire Breathing","floor":23},{"not_picked":["Armaments","Flex"],"picked":"Battle Trance","floor":25},{"not_picked":["Shrug It Off","Whirlwind"],"picked":"Blood for Blood","floor":27},{"not_picked":["Sword Boomerang","Twin Strike"],"picked":"Intimidate","floor":28},{"not_picked":["Dual Wield","Power Through"],"picked":"Shockwave+1","floor":29},{"not_picked":["Perfected Strike","Shockwave+1"],"picked":"Seeing Red","floor":31},{"not_picked":["Perfected Strike","Twin Strike"],"picked":"Feel No Pain+1","floor":32}],"player_experience":16001,"relics_obtained":[{"floor":6,"key":"Red Skull"},{"floor":9,"key":"Anchor"},{"floor":10,"key":"Bag of Preparation"},{"floor":23,"key":"Sundial"},{"floor":26,"key":"Frozen Egg 2"},{"floor":29,"key":"Calipers"},{"floor":29,"key":"Mummified Hand"}],"event_choices":[{"damage_healed":0,"gold_gain":0,"player_choice":"Obtained Relic","damage_taken":0,"relics_obtained":["Self Forming Clay"],"max_hp_gain":0,"max_hp_loss":0,"event_name":"Addict","floor":19,"gold_loss":85},{"damage_healed":0,"gold_gain":0,"player_choice":"Opened","damage_taken":0,"relics_obtained":["Dream Catcher"],"max_hp_gain":0,"max_hp_loss":0,"event_name":"The Mausoleum","floor":20,"gold_loss":0},{"damage_healed":0,"gold_gain":0,"player_choice":"Fight","damage_taken":0,"max_hp_gain":0,"max_hp_loss":0,"event_name":"Colosseum","floor":29,"gold_loss":0},{"damage_healed":0,"gold_gain":0,"player_choice":"Fought Nobs","damage_taken":0,"max_hp_gain":0,"max_hp_loss":0,"event_name":"Colosseum","floor":29,"gold_loss":0},{"damage_healed":0,"gold_gain":0,"player_choice":"Ignored","damage_taken":0,"max_hp_gain":0,"max_hp_loss":0,"event_name":"Vampires","floor":30,"gold_loss":0}],"is_beta":false,"boss_relics":[{"not_picked":["Cursed Key","Fusion Hammer"],"picked":"Empty Cage"}],"items_purged_floors":[],"is_endless":false,"potions_floor_spawned":[1,3,8,10,11,18,31],"killed_by":"Collector","ascension_level":0}