{"gold_per_floor":[20,20,45,60,23,23,41,41,41,85,85,110,134,114,114,203,203,222,195,72,88,102,102,116,116,116,30,30,61,61],"floor_reached":30,"playtime":1177,"items_purged":[],"score":504,"play_id":"e7678309-fafe-4d10-acc5-11181ee00d90","local_time":"20190812230354","is_ascension_mode":true,"campfire_choices":[{"data":"Ball Lightning","floor":6,"key":"SMITH"},{"floor":8,"key":"REST"},{"data":"Zap","floor":11,"key":"SMITH"},{"floor":15,"key":"RECALL"},{"floor":23,"key":"REST"},{"data":"Buffer","floor":25,"key":"SMITH"},{"floor":28,"key":"REST"}],"neow_cost":"NO_GOLD","seed_source_timestamp":933677383616702,"circlet_count":0,"master_deck":["AscendersBane","Strike_B","Strike_B","Strike_B","Strike_B","Defend_B","Defend_B","Defend_B","Defend_B","Zap+1","Dualcast","Ball Lightning+1","Ball Lightning+1","Coolheaded","Glacier","Rip and Tear+1","Chill","Capacitor","Ball Lightning","Buffer+1","Leap","Sweeping Beam","Biased Cognition","Capacitor","Barrage","Stack+1","Core Surge","Discovery","Barrage+1"],"relics":["Cracked Core","Golden Idol","Bag of Preparation","The Courier","Sozu","Pocketwatch","Whetstone"],"potions_floor_usage":[16,16],"damage_taken":[{"damage":2,"enemies":"Cultist","floor":1,"turns":4},{"damage":1,"enemies":"Small Slimes","floor":3,"turns":3},{"damage":0,"enemies":"2 Louse","floor":4,"turns":2},{"damage":5,"enemies":"Exordium Thugs","floor":7,"turns":7},{"damage":26,"enemies":"Lagavulin","floor":10,"turns":7},{"damage":0,"enemies":"Large Slime","floor":12,"turns":3},{"damage":0,"enemies":"3 Louse","floor":13,"turns":3},{"damage":24,"enemies":"Hexaghost","floor":16,"turns":8},{"damage":5,"enemies":"Shell Parasite","floor":18,"turns":5},{"damage":7,"enemies":"2 Thieves","floor":19,"turns":4},{"damage":27,"enemies":"Snake Plant","floor":21,"turns":4},{"damage":18,"enemies":"Centurion and Healer","floor":22,"turns":7},{"damage":0,"enemies":"Cultist and Chosen","floor":24,"turns":6},{"damage":50,"enemies":"Slavers","floor":29,"turns":5},{"damage":11,"enemies":"Snake Plant","floor":30,"turns":1}],"seed_played":"-4704072676225100295","potions_obtained":[{"floor":4,"key":"SpeedPotion"},{"floor":13,"key":"Block Potion"},{"floor":14,"key":"Explosive Potion"}],"is_trial":false,"path_per_floor":["M","?","M","M","$","R","M","R","T","E","R","M","M","?","R","B",null,"M","M","$","M","M","R","M","R","T","$","R","E","M"],"character_chosen":"DEFECT","items_purchased":["Glacier","Biased Cognition","Capacitor","Discovery"],"campfire_rested":3,"item_purchase_floors":[5,20,20,27],"current_hp_per_floor":[76,47,46,46,46,46,41,66,66,40,40,40,40,40,40,16,68,63,56,56,29,11,36,36,36,36,36,61,11,0],"gold":61,"neow_bonus":"TWENTY_PERCENT_HP_BONUS","is_prod":false,"is_daily":false,"chose_seed":false,"campfire_upgraded":3,"win_rate":0,"timestamp":1565676234,"path_taken":["M","?","M","M","$","R","M","R","T","E","R","M","M","?","R","BOSS","M","M","$","M","?","R","M","R","T","?","R","E","M"],"build_version":"2019-07-18","purchased_purges":0,"victory":false,"max_hp_per_floor":[85,85,85,85,85,85,85,85,85,85,85,85,85,85,85,85,85,85,85,85,85,85,85,85,85,85,85,85,85,85],"card_choices":[{"not_picked":["Barrage","Genetic Algorithm"],"picked":"Ball Lightning","floor":1},{"not_picked":["Storm","Beam Cell"],"picked":"Ball Lightning","floor":3},{"not_picked":["Blizzard","Heatsinks"],"picked":"Coolheaded","floor":4},{"not_picked":["Barrage","Turbo"],"picked":"Rip and Tear","floor":7},{"not_picked":["Hyperbeam","Self Repair"],"picked":"Chill","floor":10},{"not_picked":["Hello World","Darkness"],"picked":"Capacitor","floor":12},{"not_picked":["Coolheaded","Sweeping Beam"],"picked":"Ball Lightning","floor":13},{"not_picked":["Meteor Strike","Reboot"],"picked":"Buffer","floor":16},{"not_picked":["Streamline","Beam Cell"],"picked":"Leap","floor":18},{"not_picked":["Rebound","Redo"],"picked":"Sweeping Beam","floor":19},{"not_picked":["Redo","Gash"],"picked":"Barrage","floor":21},{"not_picked":["Streamline+1","Compile Driver"],"picked":"Stack+1","floor":22},{"not_picked":["Hello World","Gash"],"picked":"Core Surge","floor":24},{"not_picked":["FTL","Streamline"],"picked":"Barrage+1","floor":29}],"player_experience":2921079,"relics_obtained":[{"floor":9,"key":"Bag of Preparation"},{"floor":10,"key":"The Courier"},{"floor":26,"key":"Pocketwatch"},{"floor":29,"key":"Whetstone"}],"event_choices":[{"damage_healed":0,"gold_gain":0,"player_choice":"Take Damage","damage_taken":29,"relics_obtained":["Golden Idol"],"max_hp_gain":0,"max_hp_loss":0,"event_name":"Golden Idol","floor":2,"gold_loss":0},{"damage_healed":0,"gold_gain":0,"player_choice":"Bought 1 Potion","damage_taken":0,"max_hp_gain":0,"max_hp_loss":0,"event_name":"The Woman in Blue","floor":14,"gold_loss":0}],"is_beta":true,"boss_relics":[{"not_picked":["Velvet Choker","Empty Cage"],"picked":"Sozu"}],"items_purged_floors":[],"is_endless":false,"potions_floor_spawned":[4,13,18,21,24],"killed_by":"Snake Plant","ascension_level":20}