{"gold_per_floor":[110,129,54,54,71,104,104,104,104,124,154,33,46,75,75,149,149,166,166],"floor_reached":19,"playtime":455,"items_purged":[],"score":511,"play_id":"b427deb1-e2ed-4243-8ddc-c6470df4c680","local_time":"20190520223652","is_ascension_mode":true,"campfire_choices":[{"data":"Heavy Blade","floor":8.0,"key":"SMITH"},{"data":"Discovery","floor":15.0,"key":"SMITH"}],"neow_cost":"NONE","seed_source_timestamp":876263483775578,"circlet_count":0,"master_deck":["AscendersBane","Defend_R","Defend_R","Defend_R","Defend_R","Bash","Headbutt","Heavy Blade+1","Shrug It Off","Thunderclap","Battle Trance","Shrug It Off","Discovery+1","Sword Boomerang","Demon Form","Reckless Charge+1","Demon Form+1","Berserk+1"],"special_seed":0,"relics":["Burning Blood","Red Skull","Singing Bowl","Bottled Flame","Ancient Tea Set","Art of War","Astrolabe"],"potions_floor_usage":[],"damage_taken":[{"damage":6.0,"enemies":"Cultist","floor":1.0,"turns":3.0},{"damage":4.0,"enemies":"2 Louse","floor":2.0,"turns":3.0},{"damage":19.0,"enemies":"Jaw Worm","floor":5.0,"turns":4.0},{"damage":32.0,"enemies":"Gremlin Nob","floor":6.0,"turns":4.0},{"damage":6.0,"enemies":"Blue Slaver","floor":10.0,"turns":3.0},{"damage":20.0,"enemies":"Lagavulin","floor":11.0,"turns":3.0},{"damage":0.0,"enemies":"Exordium Wildlife","floor":13.0,"turns":3.0},{"damage":0.0,"enemies":"Gremlin Nob","floor":14.0,"turns":3.0},{"damage":0.0,"enemies":"Slime Boss","floor":16.0,"turns":6.0},{"damage":31.0,"enemies":"2 Thieves","floor":18.0,"turns":3.0},{"damage":44,"enemies":"3 Byrds","floor":19,"turns":5}],"seed_played":"-3683268756693818628","potions_obtained":[{"floor":1.0,"key":"Swift Potion"},{"floor":2.0,"key":"Swift Potion"},{"floor":10.0,"key":"AttackPotion"},{"floor":11.0,"key":"FearPotion"}],"is_trial":false,"path_per_floor":["M","M","?","?","M","E","$","R","T","M","E","$","M","E","R","B",null,"M","M"],"character_chosen":"IRONCLAD","items_purchased":["Shrug It Off","Discovery"],"campfire_rested":0,"item_purchase_floors":[12,12],"current_hp_per_floor":[68,70,70,63,50,26,26,26,26,26,12,12,18,26,26,32,67,44,0],"gold":166,"neow_bonus":"RANDOM_COMMON_RELIC","is_prod":false,"is_daily":false,"chose_seed":false,"campfire_upgraded":2,"win_rate":0,"timestamp":1558406212,"path_taken":["M","M","?","?","M","E","?","R","T","M","E","?","?","E","R","BOSS","M","M"],"build_version":"2019-01-23","purchased_purges":0,"victory":false,"max_hp_per_floor":[75,75,75,75,75,77,77,77,77,77,77,77,77,79,79,79,79,81,81],"card_choices":[{"not_picked":["True Grit","Warcry"],"picked":"Headbutt","floor":1.0},{"not_picked":["Body Slam","Bloodletting"],"picked":"Heavy Blade","floor":2.0},{"not_picked":["Feel No Pain","Brutality"],"picked":"Shrug It Off","floor":5.0},{"not_picked":["Sentinel","Iron Wave","Cleave"],"picked":"Singing Bowl","floor":6.0},{"not_picked":["Wild Strike","Iron Wave"],"picked":"Thunderclap","floor":10.0},{"not_picked":["Intimidate","Fiend Fire"],"picked":"Battle Trance","floor":11.0},{"not_picked":["Shrug It Off","Disarm"],"picked":"Sword Boomerang","floor":13.0},{"not_picked":["Havoc","Clothesline","Berserk"],"picked":"Singing Bowl","floor":14.0},{"not_picked":["Berserk","Juggernaut"],"picked":"Demon Form","floor":16.0},{"not_picked":["Twin Strike","True Grit","Perfected Strike"],"picked":"Singing Bowl","floor":18.0}],"player_experience":389406,"relics_obtained":[{"floor":6.0,"key":"Singing Bowl"},{"floor":9.0,"key":"Bottled Flame"},{"floor":11.0,"key":"Ancient Tea Set"},{"floor":14.0,"key":"Art of War"}],"event_choices":[{"cards_removed":["Strike_R"],"damage_healed":0.0,"max_hp_gain":0.0,"max_hp_loss":0.0,"gold_gain":0.0,"event_name":"The Cleric","player_choice":"Card Removal","floor":3.0,"gold_loss":75.0,"damage_taken":0.0},{"cards_removed":["Strike_R"],"damage_healed":0.0,"max_hp_gain":0.0,"max_hp_loss":0.0,"gold_gain":0.0,"event_name":"Golden Wing","player_choice":"Card Removal","floor":4.0,"gold_loss":0.0,"damage_taken":7.0}],"is_beta":false,"boss_relics":[{"not_picked":["Velvet Choker","Mark of Pain"],"picked":"Astrolabe"}],"items_purged_floors":[],"is_endless":false,"potions_floor_spawned":[1,2,10,11],"killed_by":"3 Byrds","ascension_level":19}