{"gold_per_floor":[109,34,44,144,155,155,172,192,192,192,217,217,233,246,246,346,346,364,274,286,320,330,330,358,273,344,344,371,371,391,117,117,117],"floor_reached":33,"playtime":1503,"items_purged":["Strike_R","Strike_R"],"score":489,"play_id":"0fef1107-71e9-4e47-8008-56d218198362","local_time":"20190902174409","is_ascension_mode":true,"campfire_choices":[{"data":"Entrench","floor":6.0,"key":"SMITH"},{"data":"Body Slam","floor":10.0,"key":"SMITH"},{"data":"Body Slam","floor":12.0,"key":"SMITH"},{"data":"Entrench","floor":15.0,"key":"SMITH"},{"data":"Shrug It Off","floor":23,"key":"SMITH"},{"data":"Metallicize","floor":27,"key":"SMITH"},{"data":"Defend_R","floor":32,"key":"PURGE"}],"neow_cost":"NONE","seed_source_timestamp":6760125241581,"circlet_count":0,"master_deck":["Strike_R+1","Strike_R+1","Defend_R+1","Defend_R+1","Defend_R","Bash","Iron Wave+1","Entrench+1","Body Slam+1","Body Slam+1","Entrench+1","Battle Trance","Shrug It Off+1","Metallicize+1","Body Slam+1"],"special_seed":0,"relics":["Burning Blood","Dodecahedron","War Paint","Runic Dome","Red Mask","Gambling Chip","Peace Pipe","Molten Egg 2","Whetstone","Lantern"],"potions_floor_usage":[28,33,33],"damage_taken":[{"damage":3.0,"enemies":"2 Louse","floor":1.0,"turns":4.0},{"damage":10.0,"enemies":"Cultist","floor":3.0,"turns":5.0},{"damage":0.0,"enemies":"Small Slimes","floor":5.0,"turns":3.0},{"damage":34.0,"enemies":"Gremlin Gang","floor":7.0,"turns":7.0},{"damage":8.0,"enemies":"Exordium Thugs","floor":8.0,"turns":8.0},{"damage":27.0,"enemies":"Gremlin Nob","floor":11.0,"turns":4.0},{"damage":1.0,"enemies":"Looter","floor":13.0,"turns":3.0},{"damage":0.0,"enemies":"3 Louse","floor":14.0,"turns":4.0},{"damage":0,"enemies":"Hexaghost","floor":16,"turns":1},{"damage":7,"enemies":"Chosen","floor":18,"turns":6},{"damage":10,"enemies":"3 Byrds","floor":20,"turns":7},{"damage":24,"enemies":"Masked Bandits","floor":21,"turns":6},{"damage":12,"enemies":"Snake Plant","floor":22,"turns":4},{"damage":24,"enemies":"Gremlin Leader","floor":24,"turns":3},{"damage":10,"enemies":"Book of Stabbing","floor":28,"turns":4},{"damage":9,"enemies":"Shelled Parasite and Fungi","floor":30,"turns":6},{"damage":51,"enemies":"Collector","floor":33,"turns":5}],"seed_played":"5484417069256606946","potions_obtained":[{"floor":7.0,"key":"SkillPotion"},{"floor":8.0,"key":"Energy Potion"},{"floor":11.0,"key":"SteroidPotion"},{"floor":21,"key":"BloodPotion"},{"floor":28,"key":"LiquidBronze"}],"is_trial":false,"path_per_floor":["M","$","M","?","M","R","M","M","T","R","E","R","M","M","R","B",null,"M","?","M","?","M","R","E","?","T","R","E","?","M","$","R","B"],"character_chosen":"IRONCLAD","items_purchased":["Body Slam+1","Lantern"],"campfire_rested":0,"item_purchase_floors":[31,31],"current_hp_per_floor":[75,75,71,71,77,77,49,47,47,47,26,26,31,37,37,43,71,70,70,66,48,42,42,24,24,24,24,40,40,37,37,37,0],"gold":117,"neow_bonus":"THREE_CARDS","is_prod":false,"is_daily":false,"chose_seed":false,"campfire_upgraded":6,"win_rate":0,"timestamp":1567439049,"path_taken":["M","$","M","?","M","R","?","M","T","R","E","R","M","M","R","BOSS","M","?","?","?","M","R","E","?","T","R","E","?","M","$","R","BOSS"],"build_version":"2019-07-17","purchased_purges":2,"victory":false,"max_hp_per_floor":[80,80,80,80,80,80,80,80,80,80,80,80,80,80,80,80,80,80,80,80,80,80,80,80,80,80,80,80,80,80,80,80,80],"card_choices":[{"not_picked":["Flex","Heavy Blade"],"picked":"Iron Wave","floor":0.0},{"not_picked":["Heavy Blade","Headbutt"],"picked":"Entrench","floor":1.0},{"not_picked":["Reckless Charge","Wild Strike","Ghostly Armor"],"picked":"SKIP","floor":3.0},{"not_picked":["Carnage","Dropkick","Combust"],"picked":"SKIP","floor":5.0},{"not_picked":["Flex","Sword Boomerang"],"picked":"Body Slam","floor":7.0},{"not_picked":["Pommel Strike","Anger"],"picked":"Body Slam","floor":8.0},{"not_picked":["Heavy Blade","Anger","Juggernaut"],"picked":"SKIP","floor":11.0},{"not_picked":["Headbutt","Body Slam","Perfected Strike"],"picked":"SKIP","floor":13.0},{"not_picked":["Flame Barrier","Flex"],"picked":"Entrench","floor":14.0},{"not_picked":["Cleave","Headbutt","Evolve+1"],"picked":"SKIP","floor":18},{"not_picked":["Bloodletting","Headbutt"],"picked":"Battle Trance","floor":20},{"not_picked":["Havoc","Flame Barrier"],"picked":"Shrug It Off","floor":22},{"not_picked":["Entrench+1","Flex"],"picked":"Metallicize","floor":24},{"not_picked":["Clash+1","Flame Barrier+1","Whirlwind+1"],"picked":"SKIP","floor":28},{"not_picked":["Second Wind+1","Bludgeon+1","Infernal Blade"],"picked":"SKIP","floor":30}],"player_experience":174960,"relics_obtained":[{"floor":9.0,"key":"Dodecahedron"},{"floor":11.0,"key":"War Paint"},{"floor":21,"key":"Red Mask"},{"floor":24,"key":"Gambling Chip"},{"floor":26,"key":"Molten Egg 2"},{"floor":28,"key":"Whetstone"}],"event_choices":[{"damage_healed":0.0,"max_hp_gain":0.0,"max_hp_loss":0.0,"gold_gain":100.0,"event_name":"Golden Shrine","player_choice":"Pray","floor":4.0,"gold_loss":0.0,"damage_taken":0.0},{"cards_removed":["Strike_R"],"damage_healed":0,"gold_gain":0,"player_choice":"Upgrade and Remove","damage_taken":0,"max_hp_gain":0,"max_hp_loss":0,"event_name":"Designer","floor":19,"gold_loss":90,"cards_upgraded":["Strike_R"]},{"damage_healed":0,"gold_gain":0,"player_choice":"Fought Bandits","damage_taken":0,"max_hp_gain":0,"max_hp_loss":0,"event_name":"Masked Bandits","floor":21,"gold_loss":0},{"damage_healed":0,"gold_gain":0,"player_choice":"Obtained Relic","damage_taken":0,"relics_obtained":["Peace Pipe"],"max_hp_gain":0,"max_hp_loss":0,"event_name":"Addict","floor":25,"gold_loss":85},{"damage_healed":0,"gold_gain":0,"player_choice":"Ignored","damage_taken":0,"max_hp_gain":0,"max_hp_loss":0,"event_name":"Ghosts","floor":29,"gold_loss":0}],"is_beta":false,"boss_relics":[{"not_picked":["Mark of Pain","Calling Bell"],"picked":"Runic Dome"}],"items_purged_floors":[2,31],"is_endless":false,"potions_floor_spawned":[7,8,11,21,28],"killed_by":"Collector","ascension_level":9}