{"gold_per_floor":[111,111,67,84,84,84,111,111,134,160,160,183,183,222,222,222],"floor_reached":16,"playtime":331,"items_purged":[],"score":282,"play_id":"93d732b5-a174-431e-a155-2a45e723b23e","local_time":"20190818144118","is_ascension_mode":true,"campfire_choices":[{"data":"Coolheaded","floor":6,"key":"SMITH"},{"data":"Genetic Algorithm","floor":8,"key":"SMITH"},{"floor":13,"key":"REST"},{"data":"Zap","floor":15,"key":"SMITH"}],"neow_cost":"NONE","seed_source_timestamp":145886977002078,"circlet_count":0,"master_deck":["AscendersBane","Strike_B","Strike_B","Strike_B","Defend_B","Defend_B","Defend_B","Defend_B","Zap+1","Dualcast","Cold Snap","Consume+1","Coolheaded+1","Genetic Algorithm+1","Sweeping Beam"],"relics":["Cracked Core","NeowsBlessing","Ancient Tea Set","Bag of Preparation","Regal Pillow","Golden Idol","Oddly Smooth Stone"],"potions_floor_usage":[10],"damage_taken":[{"damage":0,"enemies":"Cultist","floor":1,"turns":1},{"damage":0,"enemies":"Jaw Worm","floor":4,"turns":1},{"damage":0,"enemies":"3 Sentries","floor":7,"turns":1},{"damage":34,"enemies":"Gremlin Nob","floor":10,"turns":4},{"damage":2,"enemies":"Small Slimes","floor":12,"turns":3},{"damage":25,"enemies":"3 Sentries","floor":14,"turns":10},{"damage":33,"enemies":"Hexaghost","floor":16,"turns":9}],"seed_played":"-505903233109923260","potions_obtained":[{"floor":1,"key":"AttackPotion"},{"floor":10,"key":"Ancient Potion"},{"floor":14,"key":"SteroidPotion"}],"is_trial":false,"path_per_floor":["M","?","$","M","?","R","E","R","T","E","?","M","R","E","R","B"],"character_chosen":"DEFECT","items_purchased":["Consume"],"campfire_rested":1,"item_purchase_floors":[3],"current_hp_per_floor":[64,57,57,57,57,57,57,57,57,23,23,21,55,30,30,0],"gold":222,"neow_bonus":"THREE_ENEMY_KILL","is_prod":false,"is_daily":false,"chose_seed":false,"campfire_upgraded":3,"win_rate":0,"timestamp":1566153678,"path_taken":["M","?","$","M","?","R","E","R","T","E","?","M","R","E","R","BOSS"],"build_version":"2019-07-17","purchased_purges":0,"victory":false,"max_hp_per_floor":[71,71,71,71,71,71,71,71,71,71,64,64,64,64,64,64],"card_choices":[{"not_picked":["Storm","Steam"],"picked":"Cold Snap","floor":1},{"not_picked":["Go for the Eyes","Rebound"],"picked":"Coolheaded","floor":4},{"not_picked":["Melter","Thunder Strike"],"picked":"Genetic Algorithm","floor":7},{"not_picked":["Compile Driver","Aggregate"],"picked":"Sweeping Beam","floor":10},{"not_picked":["Barrage","Doom and Gloom","Reinforced Body"],"picked":"SKIP","floor":12},{"not_picked":["Beam Cell","Streamline","Recycle"],"picked":"SKIP","floor":14}],"player_experience":583660,"relics_obtained":[{"floor":7,"key":"Ancient Tea Set"},{"floor":9,"key":"Bag of Preparation"},{"floor":10,"key":"Regal Pillow"},{"floor":14,"key":"Oddly Smooth Stone"}],"event_choices":[{"cards_removed":["Strike_B"],"damage_healed":0,"gold_gain":0,"player_choice":"Card Removal","damage_taken":7,"max_hp_gain":0,"max_hp_loss":0,"event_name":"Golden Wing","floor":2,"gold_loss":0},{"damage_healed":0,"gold_gain":0,"player_choice":"Grow","damage_taken":0,"max_hp_gain":0,"max_hp_loss":0,"event_name":"Living Wall","floor":5,"gold_loss":0,"cards_upgraded":["Consume"]},{"damage_healed":0,"gold_gain":0,"player_choice":"Lose Max HP","damage_taken":0,"relics_obtained":["Golden Idol"],"max_hp_gain":0,"max_hp_loss":7,"event_name":"Golden Idol","floor":11,"gold_loss":0}],"is_beta":false,"boss_relics":[],"items_purged_floors":[],"is_endless":false,"potions_floor_spawned":[1,10,14],"killed_by":"Hexaghost","ascension_level":20}