{"gold_per_floor":[111,261,275,275,289,289,307,330,330,330,341,367,367,381,381,454,454,471,471,482,482,499,499,511,543,543,543,543,559,559,584,596,608],"floor_reached":33,"playtime":2642,"items_purged":[],"score":699,"play_id":"acc2814d-4237-4ba7-b878-1d45e7bc4191","local_time":"20190828023812","is_ascension_mode":true,"campfire_choices":[{"data":"Streamline","floor":6.0,"key":"SMITH"},{"data":"Zap","floor":10.0,"key":"SMITH"},{"data":"Buffer","floor":15.0,"key":"SMITH"},{"data":"Electrodynamics","floor":23.0,"key":"SMITH"},{"floor":28.0,"key":"REST"},{"floor":30.0,"key":"REST"},{"floor":32,"key":"REST"}],"neow_cost":"NONE","seed_source_timestamp":332610525711996,"circlet_count":0,"master_deck":["AscendersBane","Strike_B+1","Strike_B+1","Defend_B+1","Defend_B+1","Defend_B+1","Defend_B+1","Zap+1","Dualcast","Sweeping Beam","Streamline+1","Conserve Battery","Hologram","Buffer+1","Cold Snap","Coolheaded","Electrodynamics+1","Conserve Battery","Ball Lightning","Force Field","BootSequence","Capacitor","Undo","Blizzard","Machine Learning","Hologram"],"special_seed":0,"relics":["Cracked Core","FaceOfCleric","PreservedInsect","Matryoshka","Blood Vial","Black Star","Symbiotic Virus","Kunai","Strawberry","Du-Vu Doll","Anchor","MawBank"],"potions_floor_usage":[31,33],"damage_taken":[{"damage":0.0,"enemies":"Small Slimes","floor":1.0,"turns":3.0},{"damage":2.0,"enemies":"Cultist","floor":3.0,"turns":4.0},{"damage":7.0,"enemies":"2 Louse","floor":5.0,"turns":2.0},{"damage":30.0,"enemies":"Exordium Wildlife","floor":7.0,"turns":5.0},{"damage":0.0,"enemies":"Large Slime","floor":11.0,"turns":5.0},{"damage":12.0,"enemies":"Lagavulin","floor":12.0,"turns":7.0},{"damage":11.0,"enemies":"Lots of Slimes","floor":14.0,"turns":4.0},{"damage":0.0,"enemies":"Slime Boss","floor":16.0,"turns":9.0},{"damage":18.0,"enemies":"Spheric Guardian","floor":18.0,"turns":7.0},{"damage":3.0,"enemies":"Chosen","floor":20.0,"turns":5.0},{"damage":14.0,"enemies":"Centurion and Healer","floor":22.0,"turns":8.0},{"damage":31.0,"enemies":"Snake Plant","floor":24.0,"turns":6.0},{"damage":19.0,"enemies":"Slavers","floor":25.0,"turns":4.0},{"damage":34.0,"enemies":"Shelled Parasite and Fungi","floor":29.0,"turns":6.0},{"damage":33,"enemies":"Book of Stabbing","floor":31,"turns":5},{"damage":63,"enemies":"Collector","floor":33,"turns":6}],"seed_played":"3695488725027084223","potions_obtained":[{"floor":3.0,"key":"Fire Potion"},{"floor":5.0,"key":"Regen Potion"},{"floor":11.0,"key":"Regen Potion"},{"floor":14.0,"key":"Regen Potion"},{"floor":16.0,"key":"Fire Potion"},{"floor":22.0,"key":"SkillPotion"},{"floor":25.0,"key":"Strength Potion"},{"floor":31,"key":"Energy Potion"}],"is_trial":false,"path_per_floor":["M","?","M","?","M","R","M","T","T","R","M","E","?","M","R","B",null,"M","$","M","?","M","R","M","E","T","?","R","M","R","E","R","B"],"character_chosen":"DEFECT","items_purchased":[],"campfire_rested":3,"item_purchase_floors":[],"current_hp_per_floor":[71,71,69,69,63,63,48,48,48,48,49,53,53,45,45,48,75,60,60,74,74,63,63,35,19,26,26,54,23,52,22,51,0],"gold":608,"neow_bonus":"TEN_PERCENT_HP_BONUS","is_prod":false,"is_daily":false,"chose_seed":false,"campfire_upgraded":4,"win_rate":0,"timestamp":1566985092,"path_taken":["M","?","M","?","M","R","?","?","T","R","?","E","?","?","R","BOSS","M","$","M","?","M","R","M","E","T","?","R","M","R","E","R","BOSS"],"build_version":"2019-08-26","purchased_purges":0,"victory":false,"max_hp_per_floor":[78,78,78,78,79,79,80,80,80,80,81,82,82,83,83,84,84,85,85,86,86,87,87,88,89,96,96,96,97,97,98,98,98],"card_choices":[{"not_picked":["Undo","Turbo"],"picked":"Sweeping Beam","floor":1.0},{"not_picked":["Hologram","Stack"],"picked":"Streamline","floor":3.0},{"not_picked":["Recycle","Rebound"],"picked":"Conserve Battery","floor":5.0},{"not_picked":["Go for the Eyes","Redo"],"picked":"Hologram","floor":7.0},{"not_picked":["Barrage","Rebound"],"picked":"Buffer","floor":11.0},{"not_picked":["Beam Cell","Leap"],"picked":"Cold Snap","floor":12.0},{"not_picked":["Beam Cell","Static Discharge"],"picked":"Coolheaded","floor":14.0},{"not_picked":["Thunder Strike","Amplify"],"picked":"Electrodynamics","floor":16.0},{"not_picked":["Stack","Static Discharge"],"picked":"Conserve Battery","floor":18.0},{"not_picked":["Aggregate","Compile Driver"],"picked":"Ball Lightning","floor":20.0},{"not_picked":["Sweeping Beam","Coolheaded"],"picked":"Capacitor","floor":22.0},{"not_picked":["Redo","Streamline"],"picked":"Undo","floor":24.0},{"not_picked":["Go for the Eyes","Barrage"],"picked":"Blizzard","floor":25.0},{"not_picked":["Go for the Eyes","Blizzard"],"picked":"Machine Learning","floor":29.0},{"not_picked":["Redo","Undo"],"picked":"Hologram","floor":31}],"player_experience":3056435,"relics_obtained":[{"floor":8.0,"key":"PreservedInsect"},{"floor":9.0,"key":"Matryoshka"},{"floor":12.0,"key":"Blood Vial"},{"floor":25.0,"key":"Symbiotic Virus"},{"floor":25.0,"key":"Kunai"},{"floor":26.0,"key":"Strawberry"},{"floor":26.0,"key":"Du-Vu Doll"},{"floor":31,"key":"Anchor"},{"floor":31,"key":"MawBank"}],"event_choices":[{"damage_healed":0.0,"max_hp_gain":0.0,"max_hp_loss":0.0,"gold_gain":150.0,"event_name":"Liars Game","player_choice":"AGREE","floor":2.0,"gold_loss":0.0,"damage_taken":0.0,"cards_obtained":["Doubt"]},{"damage_healed":0.0,"max_hp_gain":0.0,"max_hp_loss":0.0,"gold_gain":0.0,"event_name":"FaceTrader","player_choice":"Trade","floor":4.0,"gold_loss":0.0,"damage_taken":0.0,"relics_obtained":["FaceOfCleric"]},{"cards_removed":["Doubt"],"damage_healed":0.0,"max_hp_gain":0.0,"max_hp_loss":0.0,"gold_gain":0.0,"event_name":"Purifier","player_choice":"Purged","floor":13.0,"gold_loss":0.0,"damage_taken":0.0},{"damage_healed":0.0,"max_hp_gain":0.0,"max_hp_loss":0.0,"gold_gain":0.0,"cards_transformed":["Strike_B","Strike_B"],"event_name":"Drug Dealer","player_choice":"Became Test Subject","floor":21.0,"gold_loss":0.0,"damage_taken":0.0,"cards_obtained":["Force Field","BootSequence"]},{"damage_healed":0.0,"max_hp_gain":0.0,"max_hp_loss":0.0,"gold_gain":0.0,"event_name":"Back to Basics","player_choice":"Simplicity","floor":27.0,"gold_loss":0.0,"damage_taken":0.0,"cards_upgraded":["Strike_B","Strike_B","Defend_B","Defend_B","Defend_B","Defend_B"]}],"is_beta":true,"boss_relics":[{"not_picked":["Eternal Feather","Fusion Hammer"],"picked":"Black Star"}],"items_purged_floors":[],"is_endless":false,"potions_floor_spawned":[3,5,11,14,16,18,22,25,31],"killed_by":"Collector","ascension_level":20}