{"gold_per_floor":[115,127,144,144,157,157,200,200,200,239,21,21],"floor_reached":12,"playtime":581,"items_purged":["Strike_R"],"score":123,"play_id":"a667efdc-54b6-485b-8021-2b36ad21cbd4","local_time":"20190902025341","is_ascension_mode":true,"campfire_choices":[{"data":"Thunderclap","floor":6.0,"key":"SMITH"},{"floor":8.0,"key":"REST"}],"neow_cost":"NONE","seed_source_timestamp":531624789053763,"circlet_count":0,"master_deck":["Strike_R","Strike_R","Strike_R","Strike_R","Defend_R","Defend_R","Defend_R","Defend_R","Bash","Thunderclap+1","Shrug It Off","Shockwave","Shrug It Off","Apotheosis"],"special_seed":0,"relics":["Burning Blood","Golden Idol","The Courier","Bottled Flame"],"potions_floor_usage":[12],"damage_taken":[{"damage":6.0,"enemies":"Cultist","floor":1.0,"turns":3.0},{"damage":13.0,"enemies":"Jaw Worm","floor":2.0,"turns":7.0},{"damage":0.0,"enemies":"Small Slimes","floor":3.0,"turns":3.0},{"damage":8.0,"enemies":"2 Fungi Beasts","floor":5.0,"turns":4.0},{"damage":40.0,"enemies":"Lagavulin","floor":7.0,"turns":7.0},{"damage":34.0,"enemies":"Gremlin Nob","floor":10.0,"turns":5.0},{"damage":37,"enemies":"3 Sentries","floor":12,"turns":10}],"seed_played":"-668187507541336384","potions_obtained":[{"floor":1.0,"key":"Energy Potion"},{"floor":2.0,"key":"EssenceOfSteel"},{"floor":3.0,"key":"Explosive Potion"},{"floor":7.0,"key":"BloodPotion"}],"is_trial":false,"path_per_floor":["M","M","M","?","M","R","E","R","T","E","$","E"],"character_chosen":"IRONCLAD","items_purchased":["Apotheosis"],"campfire_rested":1,"item_purchase_floors":[11],"current_hp_per_floor":[72,65,71,51,49,49,15,39,39,11,11,0],"gold":21,"neow_bonus":"THREE_CARDS","is_prod":false,"is_daily":false,"chose_seed":false,"campfire_upgraded":1,"win_rate":0,"timestamp":1567385621,"path_taken":["M","M","M","?","M","R","E","R","T","E","?","E"],"build_version":"2019-07-17","purchased_purges":1,"victory":false,"max_hp_per_floor":[80,80,80,80,80,80,80,80,80,80,80,80],"card_choices":[{"not_picked":["Heavy Blade","Twin Strike"],"picked":"Thunderclap","floor":0.0},{"not_picked":["Entrench","Iron Wave"],"picked":"Shrug It Off","floor":1.0},{"not_picked":["Thunderclap","Heavy Blade"],"picked":"Shockwave","floor":2.0},{"not_picked":["Feel No Pain","Sword Boomerang","Twin Strike"],"picked":"SKIP","floor":3.0},{"not_picked":["Warcry","Searing Blow"],"picked":"Shrug It Off","floor":5.0},{"not_picked":["Twin Strike","Ghostly Armor","Perfected Strike"],"picked":"SKIP","floor":7.0},{"not_picked":["Warcry","Brutality","Clash"],"picked":"SKIP","floor":10.0}],"player_experience":164168,"relics_obtained":[{"floor":7.0,"key":"The Courier"},{"floor":10.0,"key":"Bottled Flame"}],"event_choices":[{"damage_healed":0.0,"max_hp_gain":0.0,"max_hp_loss":0.0,"gold_gain":0.0,"event_name":"Golden Idol","player_choice":"Take Damage","floor":4.0,"gold_loss":0.0,"damage_taken":20.0,"relics_obtained":["Golden Idol"]}],"is_beta":false,"boss_relics":[],"items_purged_floors":[11],"is_endless":false,"potions_floor_spawned":[1,2,3,7],"killed_by":"3 Sentries","ascension_level":8}