{"gold_per_floor":[119,133,29,29,40,68,68,96,169,169,169,180,180,221,221,350,350,371,371,371,371,395,395],"floor_reached":23,"playtime":530,"items_purged":[],"score":315,"play_id":"d0f02d45-c11d-4954-9208-d98544c4156e","local_time":"20190323000906","is_ascension_mode":true,"campfire_choices":[{"data":"Body Slam","floor":7.0,"key":"SMITH"},{"floor":10,"key":"REST"},{"data":"Uppercut","floor":15,"key":"SMITH"}],"neow_cost":"NONE","seed_source_timestamp":0,"circlet_count":0,"master_deck":["AscendersBane","Strike_R","Strike_R+1","Strike_R","Strike_R+1","Defend_R","Defend_R","Defend_R","Defend_R","Bash","Clothesline","Feel No Pain","Uppercut+1","Body Slam+1","Spot Weakness","Shrug It Off","Dark Embrace","Feel No Pain","Battle Trance","Limit Break","RitualDagger","Pain"],"special_seed":0,"relics":["Burning Blood","NeowsBlessing","Whetstone","Odd Mushroom","Mummified Hand","Golden Idol","Singing Bowl","Runic Pyramid","Du-Vu Doll","WarpedTongs"],"potions_floor_usage":[16,16,23],"damage_taken":[{"damage":0.0,"enemies":"Cultist","floor":1.0,"turns":1.0},{"damage":0.0,"enemies":"Jaw Worm","floor":2.0,"turns":1.0},{"damage":0.0,"enemies":"Small Slimes","floor":5.0,"turns":1.0},{"damage":38.0,"enemies":"Gremlin Nob","floor":6.0,"turns":5.0},{"damage":40,"enemies":"The Mushroom Lair","floor":8,"turns":4},{"damage":13,"enemies":"Exordium Thugs","floor":12,"turns":5},{"damage":15,"enemies":"3 Sentries","floor":14,"turns":7},{"damage":25,"enemies":"Hexaghost","floor":16,"turns":8},{"damage":7,"enemies":"Chosen","floor":18,"turns":7},{"damage":34,"enemies":"Shell Parasite","floor":22,"turns":4},{"damage":31,"enemies":"Book of Stabbing","floor":23,"turns":4}],"seed_played":"3907874068529180625","potions_obtained":[{"floor":1.0,"key":"Explosive Potion"},{"floor":5.0,"key":"LiquidBronze"},{"floor":14,"key":"AttackPotion"},{"floor":18,"key":"Fire Potion"}],"is_trial":false,"path_per_floor":["M","M","$","?","M","E","R","?","T","R","?","M","?","E","R","B",null,"M","?","?","?","M","E"],"character_chosen":"IRONCLAD","items_purchased":["Feel No Pain","Uppercut"],"campfire_rested":1,"item_purchase_floors":[3,3],"current_hp_per_floor":[78,80,80,85,85,53,53,19,19,44,44,37,37,28,28,9,62,63,57,57,57,31,0],"gold":395,"neow_bonus":"THREE_ENEMY_KILL","is_prod":false,"is_daily":false,"chose_seed":false,"campfire_upgraded":2,"win_rate":0,"timestamp":1553314146,"path_taken":["M","M","?","?","M","E","R","?","T","R","?","?","?","E","R","BOSS","M","?","?","?","M","E"],"build_version":"2019-01-23","purchased_purges":0,"victory":false,"max_hp_per_floor":[80,80,80,85,85,85,85,85,85,85,85,85,79,79,79,79,79,81,81,81,81,83,83],"card_choices":[{"not_picked":["Bloodletting","Seeing Red","Warcry"],"picked":"SKIP","floor":1.0},{"not_picked":["Pommel Strike","Thunderclap"],"picked":"Clothesline","floor":2.0},{"not_picked":["Flex","Clothesline"],"picked":"Body Slam","floor":5.0},{"not_picked":["Dark Embrace","Sever Soul"],"picked":"Spot Weakness","floor":6.0},{"not_picked":["Iron Wave","Perfected Strike"],"picked":"Shrug It Off","floor":8},{"not_picked":["Shockwave","Wild Strike"],"picked":"Feel No Pain","floor":12},{"not_picked":["Body Slam","Rupture"],"picked":"Battle Trance","floor":14},{"not_picked":["Fiend Fire","Exhume"],"picked":"Limit Break","floor":16},{"not_picked":["Anger","Armaments","Clash"],"picked":"Singing Bowl","floor":18},{"not_picked":["True Grit+1","Cleave","Rage"],"picked":"Singing Bowl","floor":22}],"player_experience":204283,"relics_obtained":[{"floor":6.0,"key":"Whetstone"},{"floor":8,"key":"Odd Mushroom"},{"floor":9,"key":"Mummified Hand"},{"floor":14,"key":"Singing Bowl"}],"event_choices":[{"damage_healed":0.0,"max_hp_gain":5.0,"max_hp_loss":0.0,"gold_gain":0.0,"event_name":"Big Fish","player_choice":"Donut","floor":4.0,"gold_loss":0.0,"damage_taken":0.0},{"damage_healed":0,"gold_gain":0,"player_choice":"Fought Mushrooms","damage_taken":0,"max_hp_gain":0,"max_hp_loss":0,"event_name":"Mushrooms","floor":8,"gold_loss":0},{"damage_healed":0,"gold_gain":0,"cards_transformed":["Strike_R"],"player_choice":"Transformed","damage_taken":0,"max_hp_gain":0,"max_hp_loss":0,"event_name":"Transmorgrifier","floor":11,"gold_loss":0,"cards_obtained":["Dark Embrace"]},{"damage_healed":0,"gold_gain":0,"player_choice":"Lose Max HP","damage_taken":0,"relics_obtained":["Golden Idol"],"max_hp_gain":0,"max_hp_loss":6,"event_name":"Golden Idol","floor":13,"gold_loss":0},{"damage_healed":0,"gold_gain":0,"player_choice":"Joined the Cult","damage_taken":6,"max_hp_gain":0,"max_hp_loss":0,"event_name":"Nest","floor":19,"gold_loss":0,"cards_obtained":["RitualDagger"]},{"damage_healed":0,"gold_gain":0,"player_choice":"Opened","damage_taken":0,"relics_obtained":["Du-Vu Doll"],"max_hp_gain":0,"max_hp_loss":0,"event_name":"The Mausoleum","floor":20,"gold_loss":0},{"damage_healed":0,"gold_gain":0,"player_choice":"Rummage","damage_taken":0,"relics_obtained":["WarpedTongs"],"max_hp_gain":0,"max_hp_loss":0,"event_name":"Accursed Blacksmith","floor":21,"gold_loss":0,"cards_obtained":["Pain"]}],"is_beta":false,"boss_relics":[{"not_picked":["Pandora\u0027s Box","Mark of Pain"],"picked":"Runic Pyramid"}],"items_purged_floors":[],"is_endless":false,"potions_floor_spawned":[1,5,14,18],"killed_by":"Book of Stabbing","ascension_level":12}