{"gold_per_floor":[366,541,30,44,319,319,332,343,343,361,19,35,58,78,78,152,152,172,187,200,200,216,216,4,4,4,4,16,16,16,43,43,141,141,151,169,27,27,39,39,51,51,51,70,99,99,115,150,150,150],"floor_reached":51,"playtime":2060,"items_purged":["Doubt","Regret"],"score":1241,"play_id":"47be1098-8d9a-424c-9f65-7a5e264fdc3e","local_time":"20190406002317","is_ascension_mode":true,"campfire_choices":[{"data":"Magnetism","floor":6.0,"key":"SMITH"},{"floor":15.0,"key":"REST"},{"floor":23.0,"key":"REST"},{"floor":27,"key":"REST"},{"data":"Discovery","floor":30,"key":"SMITH"},{"floor":32,"key":"REST"},{"floor":40,"key":"REST"},{"floor":42,"key":"REST"},{"data":"Machine Learning","floor":49,"key":"SMITH"}],"neow_cost":"PERCENT_DAMAGE","seed_source_timestamp":2009170294951570,"circlet_count":0,"master_deck":["AscendersBane","Strike_B","Defend_B","Defend_B","Defend_B","Defend_B","Zap","Dualcast","Self Repair","Magnetism+1","Heatsinks","Ball Lightning","FTL","Heatsinks","Static Discharge","Rainbow","Skim+1","Tempest+1","Buffer+1","Leap","Undo","White Noise","Storm","Discovery+1","Recycle","Cold Snap","Cold Snap+1","Gash","Machine Learning+1","Coolheaded","Hologram+1","Self Repair","Capacitor","Force Field","Stack+1","Self Repair","Thunder Strike","BootSequence+1","Conserve Battery+1","Coolheaded+1","Beam Cell+1","Reinforced Body","Thunder Strike"],"special_seed":0,"relics":["Cracked Core","Chemical X","Boot","Mummified Hand","Happy Flower","Astrolabe","Letter Opener","Nilry\u0027s Codex","Bottled Flame","Orrery","Orichalcum","Lantern","The Courier"],"potions_floor_usage":[33,33,45,50],"damage_taken":[{"damage":1.0,"enemies":"Cultist","floor":1.0,"turns":4.0},{"damage":7.0,"enemies":"Jaw Worm","floor":4.0,"turns":6.0},{"damage":4.0,"enemies":"2 Louse","floor":7.0,"turns":3.0},{"damage":36.0,"enemies":"Exordium Wildlife","floor":8.0,"turns":6.0},{"damage":9.0,"enemies":"Looter","floor":10.0,"turns":3.0},{"damage":4.0,"enemies":"Lots of Slimes","floor":12.0,"turns":2.0},{"damage":11.0,"enemies":"Gremlin Gang","floor":14.0,"turns":4.0},{"damage":34.0,"enemies":"Hexaghost","floor":16.0,"turns":9.0},{"damage":18.0,"enemies":"2 Thieves","floor":18.0,"turns":3.0},{"damage":0.0,"enemies":"Spheric Guardian","floor":19.0,"turns":3.0},{"damage":17.0,"enemies":"Centurion and Healer","floor":20.0,"turns":5.0},{"damage":18.0,"enemies":"Shelled Parasite and Fungi","floor":22.0,"turns":6.0},{"damage":0,"enemies":"Sentry and Sphere","floor":28,"turns":3},{"damage":26,"enemies":"Book of Stabbing","floor":31,"turns":4},{"damage":33,"enemies":"Champ","floor":33,"turns":8},{"damage":50,"enemies":"3 Shapes","floor":35,"turns":4},{"damage":22,"enemies":"Orb Walker","floor":36,"turns":4},{"damage":8,"enemies":"4 Shapes","floor":39,"turns":3},{"damage":25,"enemies":"Jaw Worm Horde","floor":41,"turns":5},{"damage":22,"enemies":"Sphere and 2 Shapes","floor":44,"turns":5},{"damage":17,"enemies":"Nemesis","floor":45,"turns":5},{"damage":0,"enemies":"Maw","floor":47,"turns":7},{"damage":27,"enemies":"Giant Head","floor":48,"turns":11},{"damage":13,"enemies":"Donu and Deca","floor":50,"turns":9}],"seed_played":"8027796425923788650","potions_obtained":[{"floor":7.0,"key":"FocusPotion"},{"floor":10.0,"key":"Explosive Potion"},{"floor":14.0,"key":"SpeedPotion"},{"floor":16.0,"key":"Explosive Potion"},{"floor":18.0,"key":"Strength Potion"},{"floor":20.0,"key":"GamblersBrew"},{"floor":31,"key":"Regen Potion"},{"floor":33,"key":"Dexterity Potion"},{"floor":36,"key":"SpeedPotion"},{"floor":48,"key":"GamblersBrew"}],"is_trial":false,"path_per_floor":["M","?","$","M","?","R","M","M","T","M","$","M","T","M","R","B",null,"M","M","M","?","M","R","$","?","T","R","M","?","R","E","R","B",null,"M","M","$","?","M","R","M","R","T","M","E","?","M","E","R","B",null],"character_chosen":"DEFECT","items_purchased":["Chemical X","Magnetism","Heatsinks","Mummified Hand","Discovery","Recycle","Cold Snap","Self Repair","Thunder Strike"],"campfire_rested":6,"item_purchase_floors":[3,3,3,11,24,24,24,37,37],"current_hp_per_floor":[45,45,45,45,45,45,48,19,19,17,17,20,20,16,37,10,56,45,52,42,29,18,40,40,40,40,62,69,53,53,34,56,45,68,32,17,17,17,16,38,34,56,56,48,52,52,73,67,67,75],"gold":150,"neow_bonus":"TWO_FIFTY_GOLD","is_prod":false,"is_daily":false,"chose_seed":false,"campfire_upgraded":3,"win_rate":0,"timestamp":1554524597,"path_taken":["M","?","$","M","?","R","?","M","T","M","$","M","?","M","R","BOSS","M","M","?","?","M","R","$","?","T","R","M","?","R","E","R","BOSS","M","M","$","?","?","R","?","R","T","M","E","?","M","E","R","BOSS"],"build_version":"2019-01-23","purchased_purges":2,"victory":true,"max_hp_per_floor":[71,71,71,71,71,71,71,71,71,71,71,71,71,71,71,71,71,71,71,71,76,76,76,76,76,76,76,76,76,76,76,76,76,76,76,76,76,76,76,76,76,76,76,76,76,76,76,76,76,76],"card_choices":[{"not_picked":["Compile Driver","Beam Cell"],"picked":"Self Repair","floor":1.0},{"not_picked":["Rebound","Go for the Eyes","Stack"],"picked":"SKIP","floor":4.0},{"not_picked":["Redo","Skim"],"picked":"Ball Lightning","floor":7.0},{"not_picked":["Leap","Meteor Strike"],"picked":"FTL","floor":8.0},{"not_picked":["Double Energy","Streamline","Go for the Eyes"],"picked":"SKIP","floor":10.0},{"not_picked":["Go for the Eyes","Streamline"],"picked":"Heatsinks","floor":12.0},{"not_picked":["Turbo","BootSequence"],"picked":"Static Discharge","floor":14.0},{"not_picked":["Creative AI","Thunder Strike"],"picked":"Rainbow","floor":16.0},{"not_picked":["Steam","Beam Cell"],"picked":"Leap","floor":18.0},{"not_picked":["Compile Driver","Stack"],"picked":"Undo","floor":19.0},{"not_picked":["Cold Snap","Steam+1"],"picked":"White Noise","floor":20.0},{"not_picked":["Redo","Steam"],"picked":"Storm","floor":22.0},{"not_picked":["Ball Lightning+1","Beam Cell"],"picked":"Cold Snap+1","floor":28},{"not_picked":["Sweeping Beam","Scrape"],"picked":"Gash","floor":31},{"not_picked":["Seek","Fission"],"picked":"Machine Learning","floor":33},{"not_picked":["Beam Cell","Sunder"],"picked":"Recycle","floor":34},{"not_picked":["Redo","Streamline"],"picked":"Coolheaded","floor":34},{"not_picked":["Rip and Tear","Sweeping Beam+1"],"picked":"Hologram+1","floor":34},{"not_picked":["Capacitor","Sweeping Beam"],"picked":"Self Repair","floor":34},{"not_picked":["Sweeping Beam","Auto Shields+1"],"picked":"Capacitor","floor":34},{"not_picked":["Go for the Eyes","Sunder"],"picked":"Force Field","floor":35},{"not_picked":["Coolheaded","Darkness"],"picked":"Stack+1","floor":36},{"not_picked":["Double Energy","Sweeping Beam"],"picked":"BootSequence+1","floor":39},{"not_picked":["Hello World","Cold Snap"],"picked":"Conserve Battery+1","floor":41},{"not_picked":["Streamline","Core Surge"],"picked":"Coolheaded+1","floor":44},{"not_picked":["Melter+1","Redo"],"picked":"Beam Cell+1","floor":45},{"not_picked":["Barrage+1","Redo+1"],"picked":"Reinforced Body","floor":47},{"not_picked":["Rip and Tear+1","Gash"],"picked":"Thunder Strike","floor":48}],"player_experience":241960,"relics_obtained":[{"floor":9.0,"key":"Boot"},{"floor":13.0,"key":"Happy Flower"},{"floor":26,"key":"Letter Opener"},{"floor":29,"key":"Nilry\u0027s Codex"},{"floor":31,"key":"Bottled Flame"},{"floor":43,"key":"Orichalcum"},{"floor":45,"key":"Lantern"},{"floor":48,"key":"The Courier"}],"event_choices":[{"damage_healed":0.0,"max_hp_gain":0.0,"max_hp_loss":0.0,"gold_gain":175.0,"event_name":"Liars Game","player_choice":"AGREE","floor":2.0,"gold_loss":0.0,"damage_taken":0.0,"cards_obtained":["Doubt"]},{"damage_healed":0.0,"max_hp_gain":0.0,"max_hp_loss":0.0,"gold_gain":275.0,"event_name":"Golden Shrine","player_choice":"Desecrate","floor":5.0,"gold_loss":0.0,"damage_taken":0.0,"cards_obtained":["Regret"]},{"damage_healed":0.0,"max_hp_gain":5.0,"max_hp_loss":0.0,"gold_gain":0.0,"event_name":"Forgotten Altar","player_choice":"Shed Blood","floor":21.0,"gold_loss":0.0,"damage_taken":18.0},{"damage_healed":0.0,"max_hp_gain":0.0,"max_hp_loss":0.0,"gold_gain":0.0,"event_name":"Ghosts","player_choice":"Ignored","floor":25.0,"gold_loss":0.0,"damage_taken":0.0},{"damage_healed":0,"gold_gain":0,"player_choice":"Obtained Book","damage_taken":16,"max_hp_gain":0,"max_hp_loss":0,"event_name":"Cursed Tome","floor":29,"gold_loss":0},{"damage_healed":0,"gold_gain":0,"cards_transformed":["Recycle"],"player_choice":"Transformed","damage_taken":0,"max_hp_gain":0,"max_hp_loss":0,"event_name":"Transmorgrifier","floor":38,"gold_loss":0,"cards_obtained":["Doom and Gloom"]},{"cards_removed":["Doom and Gloom"],"damage_healed":0,"gold_gain":0,"player_choice":"Removed Attack","damage_taken":0,"max_hp_gain":0,"max_hp_loss":0,"event_name":"Falling","floor":46,"gold_loss":0}],"is_beta":false,"boss_relics":[{"not_picked":["Eternal Feather","Empty Cage"],"picked":"Astrolabe"},{"not_picked":["Calling Bell","Coffee Dripper"],"picked":"Orrery"}],"items_purged_floors":[3,11],"is_endless":false,"potions_floor_spawned":[7,10,14,16,18,20,31,33,36,39,48],"ascension_level":14}