{"gold_per_floor":[114,114,39,59,73,107,126,126,200,200,213,46,75,75,75,148,148,166,166,182,82,101,136,136,136,211,211],"floor_reached":27,"playtime":625,"items_purged":["Pain","Strike_B"],"score":434,"play_id":"a08aef26-010c-4044-8055-bbc648554af0","local_time":"20190415133308","is_ascension_mode":true,"campfire_choices":[{"data":"Zap","floor":8,"key":"SMITH"},{"floor":10,"key":"REST"},{"data":"Blizzard","floor":15,"key":"SMITH"},{"data":"Seek","floor":24,"key":"SMITH"}],"neow_cost":"NONE","seed_source_timestamp":416193137969091,"circlet_count":0,"master_deck":["AscendersBane","Strike_B","Strike_B","Strike_B","Defend_B","Defend_B","Defend_B","Defend_B","Zap+1","Dualcast","Compile Driver","Loop+1","Conserve Battery","Blizzard+1","Glacier","Self Repair","Echo Form","Sunder+1","BootSequence","Recycle","Seek+1"],"relics":["Cracked Core","NeowsBlessing","WarpedTongs","Nunchaku","Cables","Bag of Preparation","Strawberry","Philosopher\u0027s Stone","Thread and Needle","Enchiridion","Frozen Egg 2"],"potions_floor_usage":[6,13,27,27],"damage_taken":[{"damage":0,"enemies":"2 Louse","floor":1,"turns":1},{"damage":0,"enemies":"Cultist","floor":4,"turns":1},{"damage":0,"enemies":"Small Slimes","floor":5,"turns":1},{"damage":27,"enemies":"Gremlin Nob","floor":6,"turns":4},{"damage":6,"enemies":"Looter","floor":7,"turns":3},{"damage":3,"enemies":"Blue Slaver","floor":11,"turns":3},{"damage":6,"enemies":"Lagavulin","floor":13,"turns":6},{"damage":30,"enemies":"The Guardian","floor":16,"turns":12},{"damage":17,"enemies":"Spheric Guardian","floor":18,"turns":5},{"damage":0,"enemies":"Chosen","floor":20,"turns":5},{"damage":13,"enemies":"Snecko","floor":22,"turns":4},{"damage":32,"enemies":"Gremlin Leader","floor":23,"turns":8},{"damage":18,"enemies":"Slavers","floor":27,"turns":3}],"seed_played":"-7457256585741249144","potions_obtained":[{"floor":1,"key":"Strength Potion"},{"floor":7,"key":"EssenceOfSteel"},{"floor":11,"key":"Poison Potion"},{"floor":13,"key":"SteroidPotion"},{"floor":23,"key":"EssenceOfSteel"}],"is_trial":false,"path_per_floor":["M","?","$","M","M","E","M","R","T","R","M","$","E","?","R","B",null,"M","?","M","$","M","E","R","?","T","E"],"character_chosen":"DEFECT","items_purchased":["Bag of Preparation"],"campfire_rested":1,"item_purchase_floors":[12],"current_hp_per_floor":[64,64,64,64,64,37,31,31,31,52,49,49,50,50,50,27,65,55,55,65,65,62,37,37,16,16,0],"gold":211,"neow_bonus":"THREE_ENEMY_KILL","is_prod":false,"is_daily":false,"chose_seed":false,"campfire_upgraded":3,"win_rate":0,"timestamp":1555349588,"path_taken":["M","?","$","?","?","E","M","R","T","R","M","$","E","?","R","BOSS","M","?","M","$","M","E","R","?","T","E"],"build_version":"2019-01-23","purchased_purges":2,"victory":false,"max_hp_per_floor":[71,71,71,71,71,71,71,71,71,71,71,71,78,78,78,78,78,78,78,78,78,78,78,78,78,78,78],"card_choices":[{"not_picked":["Rebound","Sweeping Beam"],"picked":"Compile Driver","floor":1},{"not_picked":["Steam Power","Redo"],"picked":"Loop","floor":4},{"not_picked":["Hello World","Melter","Steam"],"picked":"SKIP","floor":5},{"not_picked":["Gash","Steam"],"picked":"Conserve Battery","floor":6},{"not_picked":["Rebound","Sweeping Beam","Blizzard"],"picked":"SKIP","floor":7},{"not_picked":["Rebound","Sweeping Beam"],"picked":"Blizzard","floor":7},{"not_picked":["Beam Cell","Coolheaded"],"picked":"Glacier","floor":11},{"not_picked":["Biased Cognition","Sweeping Beam"],"picked":"Self Repair","floor":13},{"not_picked":["Seek","Core Surge"],"picked":"Echo Form","floor":16},{"not_picked":["Go for the Eyes","Lockon"],"picked":"Sunder+1","floor":18},{"not_picked":["Steam Power","Rebound+1"],"picked":"BootSequence","floor":20},{"not_picked":["Steam","Heatsinks"],"picked":"Recycle","floor":22},{"not_picked":["Conserve Battery","Rebound"],"picked":"Seek","floor":23}],"player_experience":285055,"relics_obtained":[{"floor":6,"key":"Nunchaku"},{"floor":9,"key":"Cables"},{"floor":13,"key":"Strawberry"},{"floor":23,"key":"Thread and Needle"},{"floor":25,"key":"Enchiridion"},{"floor":26,"key":"Frozen Egg 2"}],"event_choices":[{"damage_healed":0,"gold_gain":0,"player_choice":"Rummage","damage_taken":0,"relics_obtained":["WarpedTongs"],"max_hp_gain":0,"max_hp_loss":0,"event_name":"Accursed Blacksmith","floor":2,"gold_loss":0,"cards_obtained":["Pain"]},{"damage_healed":0,"gold_gain":0,"player_choice":"Grow","damage_taken":0,"max_hp_gain":0,"max_hp_loss":0,"event_name":"Living Wall","floor":14,"gold_loss":0,"cards_upgraded":["Loop"]},{"damage_healed":0,"gold_gain":0,"player_choice":"Ignored","damage_taken":0,"max_hp_gain":0,"max_hp_loss":0,"event_name":"Ghosts","floor":19,"gold_loss":0},{"damage_healed":0,"gold_gain":0,"player_choice":"Obtained Book","damage_taken":21,"max_hp_gain":0,"max_hp_loss":0,"event_name":"Cursed Tome","floor":25,"gold_loss":0}],"is_beta":false,"boss_relics":[{"not_picked":["Eternal Feather","White Beast Statue"],"picked":"Philosopher\u0027s Stone"}],"items_purged_floors":[3,21],"is_endless":false,"potions_floor_spawned":[1,7,11,13,16,22,23],"killed_by":"Slavers","ascension_level":16}