{"gold_per_floor":[110,126,144,170,31,66,66,93,93,103,103],"floor_reached":11,"playtime":857,"items_purged":[],"score":83,"play_id":"ac6090a5-6c1a-41f7-b14e-ed511754478c","local_time":"20190824145821","is_ascension_mode":false,"campfire_choices":[],"neow_cost":"NONE","seed_source_timestamp":65349083826188,"circlet_count":0,"master_deck":["Strike_B","Strike_B","Strike_B","Strike_B+1","Defend_B","Defend_B","Defend_B","Defend_B","Zap","Dualcast","Darkness","Doom and Gloom","Ball Lightning","Thunder Strike+1","Heatsinks+1","Capacitor+1","Sweeping Beam"],"relics":["Cracked Core","Blood Vial","Frozen Egg 2","Darkstone Periapt","Bottled Lightning"],"potions_floor_usage":[],"damage_taken":[{"damage":1,"enemies":"Cultist","floor":1,"turns":3},{"damage":1,"enemies":"2 Louse","floor":2,"turns":2},{"damage":1,"enemies":"Small Slimes","floor":3,"turns":3},{"damage":13,"enemies":"Gremlin Nob","floor":6,"turns":4},{"damage":31,"enemies":"Lagavulin","floor":8,"turns":7},{"damage":18,"enemies":"2 Fungi Beasts","floor":10,"turns":4},{"damage":11,"enemies":"3 Louse","floor":11,"turns":2}],"seed_played":"7980338708798173613","potions_obtained":[{"floor":3,"key":"SteroidPotion"}],"is_trial":false,"path_per_floor":["M","M","M","T","$","E","?","E","T","M","M"],"character_chosen":"DEFECT","items_purchased":["Thunder Strike"],"campfire_rested":0,"item_purchase_floors":[5],"current_hp_per_floor":[81,80,79,79,79,68,52,23,23,7,0],"gold":103,"neow_bonus":"TEN_PERCENT_HP_BONUS","is_prod":false,"is_daily":false,"chose_seed":false,"campfire_upgraded":0,"win_rate":0.0,"timestamp":1566651501,"path_taken":["M","M","M","?","$","E","?","E","T","M","M"],"build_version":"2019-06-28","purchased_purges":0,"victory":false,"max_hp_per_floor":[82,82,82,82,82,82,82,82,82,82,82],"card_choices":[{"not_picked":["Hologram","Gash"],"picked":"Darkness","floor":1},{"not_picked":["Hologram","Coolheaded"],"picked":"Doom and Gloom","floor":2},{"not_picked":["Darkness","Redo"],"picked":"Ball Lightning","floor":3},{"not_picked":["Auto Shields","Thunder Strike"],"picked":"Heatsinks","floor":6},{"not_picked":["Compile Driver","Sweeping Beam"],"picked":"Capacitor+1","floor":8},{"not_picked":["Barrage","Leap"],"picked":"Sweeping Beam","floor":10}],"player_experience":34047,"relics_obtained":[{"floor":4,"key":"Blood Vial"},{"floor":6,"key":"Frozen Egg 2"},{"floor":8,"key":"Darkstone Periapt"},{"floor":9,"key":"Bottled Lightning"}],"event_choices":[{"damage_healed":0,"gold_gain":0,"player_choice":"Entered Light","damage_taken":16,"max_hp_gain":0,"max_hp_loss":0,"event_name":"Shining Light","floor":7,"gold_loss":0,"cards_upgraded":["Strike_B","Thunder Strike"]}],"is_beta":true,"boss_relics":[],"items_purged_floors":[],"is_endless":false,"potions_floor_spawned":[3],"killed_by":"3 Louse","ascension_level":0}