{"gold_per_floor":[117,117,130,149,149,149,149,160,205,237,14,42,42,42,42,142,142,154,215,275,325,34,34,64,80,80,90,140,156,156,170,170,266,266,284,353,403,728,10,41,41,51,103,103,114,114,183,233,233,233],"floor_reached":51,"playtime":1266,"items_purged":["Regret"],"score":1157,"play_id":"64351ec9-1ba5-4499-8532-063e30af6570","local_time":"20190312004732","is_ascension_mode":true,"campfire_choices":[{"data":"Shockwave","floor":6,"key":"SMITH"},{"floor":13,"key":"REST"},{"data":"Spot Weakness","floor":15,"key":"SMITH"},{"data":"Limit Break","floor":23,"key":"SMITH"},{"data":"Offering","floor":30,"key":"SMITH"},{"floor":32,"key":"REST"},{"data":"Limit Break","floor":41,"key":"SMITH"},{"data":"Disarm","floor":44,"key":"SMITH"},{"data":"Transmutation","floor":46,"key":"SMITH"},{"floor":49,"key":"REST"}],"neow_cost":"NONE","seed_source_timestamp":1797934272063897,"circlet_count":0,"master_deck":["AscendersBane","Strike_R+1","Strike_R+1","Strike_R+1","Strike_R+1","Defend_R+1","Defend_R+1","Defend_R+1","Defend_R+1","Bash+1","Anger+1","Shockwave+1","True Grit","Spot Weakness+1","Feed+1","Flame Barrier","Limit Break+1","Body Slam+1","Heavy Blade","Headbutt+1","Shrug It Off","Armaments+1","Sword Boomerang","Offering+1","Heavy Blade","Limit Break+1","Shrug It Off+1","Corruption","Transmutation+1","Havoc","Flame Barrier+1","Disarm+1","Armaments+1","Ghostly Armor+1","Panache"],"relics":["Black Blood","Pen Nib","Bronze Scales","PreservedInsect","Red Skull","SsserpentHead","Velvet Choker","Anchor","Centennial Puzzle","Vajra","Incense Burner","Medical Kit","Bag of Marbles","Nunchaku","Art of War"],"potions_floor_usage":[10,12,16,18,20,27,33,50,50],"damage_taken":[{"damage":15,"enemies":"Small Slimes","floor":1,"turns":4},{"damage":1,"enemies":"2 Louse","floor":3,"turns":3},{"damage":9,"enemies":"Jaw Worm","floor":4,"turns":3},{"damage":19,"enemies":"Large Slime","floor":8,"turns":7},{"damage":22,"enemies":"3 Sentries","floor":10,"turns":7},{"damage":23,"enemies":"Gremlin Nob","floor":12,"turns":5},{"damage":2,"enemies":"The Guardian","floor":16,"turns":9},{"damage":17,"enemies":"2 Thieves","floor":18,"turns":3},{"damage":21,"enemies":"Spheric Guardian","floor":19,"turns":5},{"damage":7,"enemies":"Snecko","floor":20,"turns":4},{"damage":31,"enemies":"Gremlin Leader","floor":24,"turns":5},{"damage":0,"enemies":"Centurion and Healer","floor":25,"turns":3},{"damage":0,"enemies":"Snake Plant","floor":27,"turns":2},{"damage":0,"enemies":"Cultist and Chosen","floor":29,"turns":4},{"damage":6,"enemies":"3 Cultists","floor":31,"turns":3},{"damage":48,"enemies":"Collector","floor":33,"turns":6},{"damage":6,"enemies":"Orb Walker","floor":35,"turns":2},{"damage":8,"enemies":"3 Shapes","floor":36,"turns":3},{"damage":8,"enemies":"Reptomancer","floor":40,"turns":2},{"damage":6,"enemies":"3 Darklings","floor":42,"turns":5},{"damage":6,"enemies":"Spire Growth","floor":45,"turns":4},{"damage":41,"enemies":"Transient","floor":47,"turns":5},{"damage":76,"enemies":"Donu and Deca","floor":50,"turns":7}],"seed_played":"6854249162994568907","potions_obtained":[{"floor":3,"key":"Energy Potion"},{"floor":8,"key":"Regen Potion"},{"floor":10,"key":"SpeedPotion"},{"floor":12,"key":"Explosive Potion"},{"floor":19,"key":"Strength Potion"},{"floor":25,"key":"Fire Potion"},{"floor":27,"key":"Ancient Potion"},{"floor":31,"key":"GamblersBrew"},{"floor":35,"key":"BloodPotion"},{"floor":45,"key":"Block Potion"},{"floor":47,"key":"Strength Potion"}],"is_trial":false,"path_per_floor":["M","?","M","M","?","R","?","M","T","E","$","E","R","?","R","B",null,"M","M","M","?","$","R","E","M","T","M","?","M","R","M","R","B",null,"M","M","?","?","$","E","R","M","T","R","M","R","M","?","R","B",null],"character_chosen":"IRONCLAD","items_purchased":["PreservedInsect","Flame Barrier","Anchor","Centennial Puzzle","Medical Kit","Corruption","Bag of Marbles","Transmutation","Havoc"],"campfire_rested":3,"item_purchase_floors":[11,11,22,22,39,39,39,39,39],"current_hp_per_floor":[63,63,68,65,49,49,42,29,29,28,28,11,35,35,35,39,70,59,44,43,43,43,43,18,27,27,33,33,39,39,39,63,21,68,72,74,74,74,74,76,76,80,80,80,87,87,56,56,82,16],"gold":233,"neow_bonus":"UPGRADE_CARD","is_prod":false,"is_daily":false,"chose_seed":false,"campfire_upgraded":7,"win_rate":0,"timestamp":1552366052,"path_taken":["M","?","M","M","?","R","?","M","T","E","?","E","R","?","R","BOSS","M","?","?","?","$","R","E","M","T","M","?","M","R","M","R","BOSS","M","?","?","?","$","E","R","M","T","R","M","R","?","?","R","BOSS"],"build_version":"2019-01-23","purchased_purges":1,"victory":true,"max_hp_per_floor":[80,80,80,80,80,80,80,80,80,80,80,80,80,80,80,80,80,80,80,80,80,80,80,80,83,83,83,83,83,83,83,83,83,83,83,83,83,83,83,83,83,83,83,83,87,87,87,87,87,87],"card_choices":[{"not_picked":["Sword Boomerang","Twin Strike"],"picked":"Anger","floor":1},{"not_picked":["Wild Strike","Sentinel"],"picked":"Shockwave","floor":3},{"not_picked":["Pommel Strike","Twin Strike"],"picked":"True Grit","floor":4},{"not_picked":["Entrench","Cleave"],"picked":"Spot Weakness","floor":8},{"not_picked":["Heavy Blade","Headbutt"],"picked":"Feed","floor":10},{"not_picked":["Thunderclap","Cleave","Dropkick"],"picked":"SKIP","floor":12},{"not_picked":["Feed","Fiend Fire"],"picked":"Limit Break","floor":16},{"not_picked":["Pummel","Power Through"],"picked":"Body Slam+1","floor":18},{"not_picked":["Headbutt","Metallicize"],"picked":"Heavy Blade","floor":19},{"not_picked":["Power Through","Reckless Charge"],"picked":"Headbutt+1","floor":20},{"not_picked":["Clothesline","Iron Wave"],"picked":"Shrug It Off","floor":24},{"not_picked":["Fiend Fire","Havoc"],"picked":"Armaments+1","floor":25},{"not_picked":["Havoc","Thunderclap"],"picked":"Sword Boomerang","floor":27},{"not_picked":["Clash+1","Body Slam"],"picked":"Offering","floor":29},{"not_picked":["Headbutt","Havoc"],"picked":"Heavy Blade","floor":31},{"not_picked":["Bludgeon","Juggernaut"],"picked":"Limit Break","floor":33},{"not_picked":["Second Wind+1","Thunderclap"],"picked":"Uppercut+1","floor":35},{"not_picked":["Headbutt","Cleave+1"],"picked":"Shrug It Off+1","floor":36},{"not_picked":["Pummel","Body Slam+1"],"picked":"Flame Barrier+1","floor":40},{"not_picked":["Hemokinesis+1","Warcry+1"],"picked":"Disarm","floor":42},{"not_picked":["Pummel+1","Wild Strike+1"],"picked":"Armaments+1","floor":45},{"not_picked":["Shrug It Off","Uppercut+1"],"picked":"Ghostly Armor+1","floor":47},{"not_picked":["Good Instincts","Madness"],"picked":"Panache","floor":48}],"player_experience":184521,"relics_obtained":[{"floor":9,"key":"Pen Nib"},{"floor":10,"key":"Bronze Scales"},{"floor":12,"key":"Red Skull"},{"floor":24,"key":"Vajra"},{"floor":26,"key":"Incense Burner"},{"floor":40,"key":"Nunchaku"},{"floor":43,"key":"Art of War"}],"event_choices":[{"damage_healed":0,"gold_gain":0,"player_choice":"Ignored","damage_taken":0,"max_hp_gain":0,"max_hp_loss":0,"event_name":"Liars Game","floor":2,"gold_loss":0},{"damage_healed":0,"gold_gain":0,"player_choice":"Entered Light","damage_taken":16,"max_hp_gain":0,"max_hp_loss":0,"event_name":"Shining Light","floor":5,"gold_loss":0,"cards_upgraded":["Anger","Defend_R"]},{"cards_removed":["Strike_R"],"damage_healed":0,"gold_gain":0,"player_choice":"Card Removal","damage_taken":7,"max_hp_gain":0,"max_hp_loss":0,"event_name":"Golden Wing","floor":7,"gold_loss":0},{"damage_healed":0,"gold_gain":0,"player_choice":"Trade","damage_taken":0,"relics_obtained":["SsserpentHead"],"max_hp_gain":0,"max_hp_loss":0,"event_name":"FaceTrader","floor":14,"gold_loss":0},{"damage_healed":0,"gold_gain":0,"player_choice":"Simplicity","damage_taken":0,"max_hp_gain":0,"max_hp_loss":0,"event_name":"Back to Basics","floor":21,"gold_loss":0,"cards_upgraded":["Strike_R","Strike_R","Strike_R","Strike_R","Defend_R","Defend_R","Defend_R"]},{"damage_healed":0,"gold_gain":0,"player_choice":"Forge","damage_taken":0,"max_hp_gain":0,"max_hp_loss":0,"event_name":"Accursed Blacksmith","floor":28,"gold_loss":0,"cards_upgraded":["Feed"]},{"cards_removed":["Uppercut"],"damage_healed":0,"gold_gain":0,"player_choice":"Removed Attack","damage_taken":0,"max_hp_gain":0,"max_hp_loss":0,"event_name":"Falling","floor":37,"gold_loss":0},{"damage_healed":0,"gold_gain":275,"player_choice":"Desecrate","damage_taken":0,"max_hp_gain":0,"max_hp_loss":0,"event_name":"Golden Shrine","floor":38,"gold_loss":0,"cards_obtained":["Regret"]},{"damage_healed":0,"gold_gain":0,"player_choice":"Memory 1","damage_taken":0,"max_hp_gain":0,"max_hp_loss":0,"event_name":"SensoryStone","floor":48,"gold_loss":0}],"is_beta":false,"boss_relics":[{"not_picked":["Fusion Hammer","Pandora\u0027s Box"],"picked":"Velvet Choker"},{"not_picked":["Orrery","Black Star"],"picked":"Black Blood"}],"items_purged_floors":[39],"is_endless":false,"potions_floor_spawned":[3,8,10,12,19,25,27,31,35,45,47],"ascension_level":11}