{"gold_per_floor":[112,112,112,122,122,122,155,174,201,201,219,235,246,266,266,266],"floor_reached":16,"playtime":451,"items_purged":[],"score":258,"play_id":"d0cddf5b-daef-4626-986a-3576f2bf56c7","local_time":"20190717234254","is_ascension_mode":true,"campfire_choices":[{"floor":6,"key":"RECALL"},{"data":"Loop","floor":10,"key":"SMITH"},{"data":"Hologram","floor":15,"key":"SMITH"}],"neow_cost":"NONE","seed_source_timestamp":399902562792687,"circlet_count":0,"master_deck":["AscendersBane","Strike_B","Strike_B","Strike_B+1","Strike_B","Defend_B","Defend_B+1","Defend_B","Defend_B","Zap","Dualcast","Go for the Eyes","Rebound","Hello World","Loop+1","Gash","Hologram+1","Genetic Algorithm","Gash"],"relics":["Cracked Core","NeowsBlessing","CultistMask","Centennial Puzzle"],"potions_floor_usage":[],"damage_taken":[{"damage":0,"enemies":"Small Slimes","floor":1,"turns":1},{"damage":0,"enemies":"Cultist","floor":4,"turns":1},{"damage":0,"enemies":"Lagavulin","floor":7,"turns":1},{"damage":8,"enemies":"2 Louse","floor":8,"turns":2},{"damage":1,"enemies":"Looter","floor":11,"turns":2},{"damage":3,"enemies":"Exordium Wildlife","floor":12,"turns":3},{"damage":11,"enemies":"2 Fungi Beasts","floor":13,"turns":5},{"damage":1,"enemies":"Red Slaver","floor":14,"turns":4},{"damage":24,"enemies":"Hexaghost","floor":16,"turns":7}],"seed_played":"-3006467987232549966","potions_obtained":[{"floor":4,"key":"Explosive Potion"},{"floor":7,"key":"Energy Potion"}],"is_trial":false,"path_per_floor":["M","?","$","M","?","R","E","M","T","R","M","M","M","M","R","B"],"character_chosen":"DEFECT","items_purchased":[],"campfire_rested":0,"item_purchase_floors":[],"current_hp_per_floor":[64,64,64,64,43,43,43,35,35,35,34,31,20,19,19,0],"gold":266,"neow_bonus":"THREE_ENEMY_KILL","is_prod":false,"is_daily":false,"chose_seed":false,"campfire_upgraded":2,"win_rate":0,"timestamp":1563432174,"path_taken":["M","?","?","?","?","R","E","M","T","R","M","M","M","M","R","BOSS"],"build_version":"2019-07-10","purchased_purges":0,"victory":false,"max_hp_per_floor":[71,71,71,71,71,71,71,71,71,71,71,71,71,71,71,71],"card_choices":[{"not_picked":["Conserve Battery","Auto Shields"],"picked":"Go for the Eyes","floor":1},{"not_picked":["Turbo","Rip and Tear"],"picked":"Rebound","floor":4},{"not_picked":["Redo","Barrage"],"picked":"Hello World","floor":7},{"not_picked":["Tempest","Darkness"],"picked":"Loop","floor":8},{"not_picked":["Double Energy","Multi-Cast"],"picked":"Gash","floor":11},{"not_picked":["Undo","Go for the Eyes"],"picked":"Hologram","floor":12},{"not_picked":["Blizzard","Sweeping Beam"],"picked":"Genetic Algorithm","floor":13},{"not_picked":["Go for the Eyes","Compile Driver"],"picked":"Gash","floor":14}],"player_experience":2808226,"relics_obtained":[{"floor":7,"key":"Centennial Puzzle"}],"event_choices":[{"damage_healed":0,"gold_gain":0,"player_choice":"Trade","damage_taken":0,"relics_obtained":["CultistMask"],"max_hp_gain":0,"max_hp_loss":0,"event_name":"FaceTrader","floor":2,"gold_loss":0},{"damage_healed":0,"gold_gain":0,"player_choice":"Entered Light","damage_taken":21,"max_hp_gain":0,"max_hp_loss":0,"event_name":"Shining Light","floor":5,"gold_loss":0,"cards_upgraded":["Defend_B","Strike_B"]}],"is_beta":true,"boss_relics":[],"items_purged_floors":[],"is_endless":false,"potions_floor_spawned":[4,7,12],"killed_by":"Hexaghost","ascension_level":20}