{"gold_per_floor":[118,137,156,168,93,93,111,111,161,161,161,189,53,72,72,148,148,162,162,162,178,178,178,212,212,263,0,0,0,0,29,29,29],"floor_reached":33,"playtime":1059,"items_purged":[],"score":587,"play_id":"11f3ac24-31dc-498d-9540-c5c4fa29fb5a","local_time":"20190821151510","is_ascension_mode":true,"campfire_choices":[{"data":"Zap","floor":6.0,"key":"SMITH"},{"data":"Go for the Eyes","floor":8.0,"key":"SMITH"},{"data":"Lockon","floor":11.0,"key":"SMITH"},{"data":"Flash of Steel","floor":15.0,"key":"SMITH"},{"floor":23.0,"key":"REST"},{"floor":30.0,"key":"REST"},{"floor":32.0,"key":"REST"}],"neow_cost":"NONE","seed_source_timestamp":519516820675672,"circlet_count":0,"master_deck":["AscendersBane","Strike_B+1","Strike_B","Strike_B","Defend_B","Defend_B","Defend_B","Defend_B","Zap+1","Dualcast","Ball Lightning+1","Gash","Chill","Go for the Eyes+1","Lockon+1","Hello World","Conserve Battery","Flash of Steel+1","Cold Snap","All For One","Beam Cell","Writhe","Go for the Eyes","Coolheaded","Defragment"],"special_seed":0,"relics":["Cracked Core","Blood Vial","Pantograph","Boot","Lizard Tail","Shuriken","Darkstone Periapt","Whetstone","Pear","SsserpentHead","Bronze Scales"],"potions_floor_usage":[],"damage_taken":[{"damage":0.0,"enemies":"Cultist","floor":1.0,"turns":4.0},{"damage":9.0,"enemies":"2 Louse","floor":2.0,"turns":3.0},{"damage":7.0,"enemies":"Small Slimes","floor":3.0,"turns":3.0},{"damage":7.0,"enemies":"2 Fungi Beasts","floor":4.0,"turns":3.0},{"damage":11.0,"enemies":"Large Slime","floor":7.0,"turns":4.0},{"damage":10.0,"enemies":"Lagavulin","floor":12.0,"turns":4.0},{"damage":10.0,"enemies":"3 Louse","floor":14.0,"turns":2.0},{"damage":26.0,"enemies":"Hexaghost","floor":16.0,"turns":8.0},{"damage":14.0,"enemies":"Shell Parasite","floor":18.0,"turns":4.0},{"damage":22.0,"enemies":"3 Byrds","floor":21.0,"turns":4.0},{"damage":37.0,"enemies":"Gremlin Leader","floor":24.0,"turns":7.0},{"damage":46.0,"enemies":"Book of Stabbing","floor":31.0,"turns":6.0},{"damage":118,"enemies":"Automaton","floor":33,"turns":10}],"seed_played":"-7545416149772365819","potions_obtained":[{"floor":1.0,"key":"PowerPotion"},{"floor":7.0,"key":"PowerPotion"},{"floor":12.0,"key":"Block Potion"},{"floor":18.0,"key":"SpeedPotion"},{"floor":21.0,"key":"SpeedPotion"}],"is_trial":false,"path_per_floor":["M","M","M","M","?","R","M","R","T","?","R","E","$","M","R","B",null,"M","?","?","M","?","R","E","T","T","$","?","$","R","E","R","B"],"character_chosen":"DEFECT","items_purchased":["Conserve Battery","Flash of Steel","Pear"],"campfire_rested":3,"item_purchase_floors":[13,13,27],"current_hp_per_floor":[71,62,55,48,48,48,37,37,37,37,37,29,29,21,21,22,64,52,52,30,10,27,51,16,16,16,26,26,26,53,9,36,0],"gold":29,"neow_bonus":"TEN_PERCENT_HP_BONUS","is_prod":false,"is_daily":false,"chose_seed":false,"campfire_upgraded":4,"win_rate":0,"timestamp":1566425710,"path_taken":["M","M","?","M","?","R","M","R","T","?","R","E","$","M","R","BOSS","M","?","?","M","?","R","E","?","T","$","?","$","R","E","R","BOSS"],"build_version":"2019-08-15","purchased_purges":0,"victory":false,"max_hp_per_floor":[78,78,78,78,78,78,78,78,78,78,78,78,78,78,78,78,78,78,78,83,83,83,83,83,83,83,93,93,93,93,93,93,93],"card_choices":[{"not_picked":["Reprogram","Turbo"],"picked":"Ball Lightning","floor":1.0},{"not_picked":["Heatsinks","Compile Driver"],"picked":"Gash","floor":2.0},{"not_picked":["Beam Cell","Heatsinks"],"picked":"Chill","floor":3.0},{"not_picked":["Recycle","Beam Cell"],"picked":"Go for the Eyes","floor":4.0},{"not_picked":["Reinforced Body","Doom and Gloom"],"picked":"Lockon","floor":7.0},{"not_picked":["Go for the Eyes","Sweeping Beam"],"picked":"Hello World","floor":12.0},{"not_picked":["Redo","Coolheaded"],"picked":"Cold Snap","floor":14.0},{"not_picked":["Seek","Rainbow"],"picked":"All For One","floor":16.0},{"not_picked":["Redo","Compile Driver"],"picked":"Beam Cell","floor":18.0},{"not_picked":["Scrape","Barrage"],"picked":"Go for the Eyes","floor":21.0},{"not_picked":["Doom and Gloom","Go for the Eyes"],"picked":"Coolheaded","floor":24.0},{"not_picked":["Coolheaded","Aggregate"],"picked":"Defragment","floor":31.0}],"player_experience":3027619,"relics_obtained":[{"floor":9.0,"key":"Blood Vial"},{"floor":12.0,"key":"Boot"},{"floor":24.0,"key":"Darkstone Periapt"},{"floor":26.0,"key":"Whetstone"},{"floor":31.0,"key":"Bronze Scales"}],"event_choices":[{"cards_removed":["Strike_B"],"damage_healed":0.0,"max_hp_gain":0.0,"max_hp_loss":0.0,"gold_gain":0.0,"event_name":"The Cleric","player_choice":"Card Removal","floor":5.0,"gold_loss":75.0,"damage_taken":0.0},{"damage_healed":0.0,"max_hp_gain":0.0,"max_hp_loss":0.0,"gold_gain":0.0,"event_name":"Dead Adventurer","player_choice":"Searched \u00271\u0027 times","floor":10.0,"gold_loss":0.0,"damage_taken":0.0,"relics_obtained":["Pantograph"]},{"damage_healed":0.0,"max_hp_gain":0.0,"max_hp_loss":0.0,"gold_gain":0.0,"event_name":"The Mausoleum","player_choice":"Opened","floor":19.0,"gold_loss":0.0,"damage_taken":0.0,"relics_obtained":["Shuriken"],"cards_obtained":["Writhe"]},{"damage_healed":0.0,"max_hp_gain":5.0,"max_hp_loss":0.0,"gold_gain":0.0,"event_name":"Forgotten Altar","player_choice":"Shed Blood","floor":20.0,"gold_loss":0.0,"damage_taken":27.0},{"damage_healed":17.0,"max_hp_gain":0.0,"max_hp_loss":0.0,"gold_gain":0.0,"event_name":"The Library","player_choice":"Heal","floor":22.0,"gold_loss":0.0,"damage_taken":0.0},{"damage_healed":0.0,"max_hp_gain":0.0,"max_hp_loss":0.0,"gold_gain":0.0,"event_name":"FaceTrader","player_choice":"Trade","floor":28.0,"gold_loss":0.0,"damage_taken":0.0,"relics_obtained":["SsserpentHead"]}],"is_beta":true,"boss_relics":[{"not_picked":["Orrery","Runic Pyramid"],"picked":"Lizard Tail"}],"items_purged_floors":[],"is_endless":false,"potions_floor_spawned":[1,7,12,14,18,21,24],"killed_by":"Automaton","ascension_level":20}