{"gold_per_floor":[119,44,44,119,69,101,101,101,101,101,126,143,175,190,190,295,295,315,315,333,349,17,52,52,68,68,68,5,23,43,62,62,159,159,178,178,178,0,20,20,20],"floor_reached":41,"playtime":1717,"items_purged":["Strike_R","Writhe","Dual Wield"],"score":648,"play_id":"5201374e-7d52-45cb-8597-a4ee80d07b80","local_time":"20190901195336","is_ascension_mode":true,"campfire_choices":[{"data":"Whirlwind","floor":7.0,"key":"SMITH"},{"data":"Bash","floor":10.0,"key":"SMITH"},{"data":"Body Slam","floor":15.0,"key":"SMITH"},{"floor":27,"key":"REST"},{"floor":32,"key":"REST"},{"data":"Double Tap","floor":40,"key":"SMITH"}],"neow_cost":"NONE","seed_source_timestamp":505238408003633,"circlet_count":0,"master_deck":["Bash+1","Whirlwind+1","Anger+1","Body Slam","Body Slam+1","Spot Weakness","Burning Pact","Rage","Battle Trance","Reckless Charge","Double Tap+1","Madness","Madness"],"special_seed":0,"relics":["Burning Blood","NeowsBlessing","Self Forming Clay","Ancient Tea Set","Singing Bowl","Whetstone","Pandora\u0027s Box","Molten Egg 2","Membership Card","Frozen Egg 2","Gambling Chip","Philosopher\u0027s Stone","Red Mask"],"potions_floor_usage":[23,23,33],"damage_taken":[{"damage":0.0,"enemies":"Cultist","floor":1.0,"turns":1.0},{"damage":0.0,"enemies":"Gremlin Nob","floor":6.0,"turns":1.0},{"damage":0.0,"enemies":"Lagavulin","floor":11.0,"turns":1.0},{"damage":0.0,"enemies":"Small Slimes","floor":12.0,"turns":1.0},{"damage":16.0,"enemies":"Gremlin Nob","floor":13.0,"turns":4.0},{"damage":2.0,"enemies":"Jaw Worm","floor":14.0,"turns":3.0},{"damage":42.0,"enemies":"The Guardian","floor":16.0,"turns":8.0},{"damage":14.0,"enemies":"Shell Parasite","floor":18.0,"turns":3.0},{"damage":6.0,"enemies":"3 Byrds","floor":20.0,"turns":3.0},{"damage":40.0,"enemies":"Snecko","floor":21.0,"turns":5.0},{"damage":20,"enemies":"Book of Stabbing","floor":23,"turns":3},{"damage":17,"enemies":"Centurion and Healer","floor":25,"turns":3},{"damage":24,"enemies":"Snake Plant","floor":29,"turns":2},{"damage":12,"enemies":"Shelled Parasite and Fungi","floor":30,"turns":3},{"damage":12,"enemies":"Cultist and Chosen","floor":31,"turns":2},{"damage":38,"enemies":"Collector","floor":33,"turns":5},{"damage":11,"enemies":"Orb Walker","floor":35,"turns":2},{"damage":14,"enemies":"3 Darklings","floor":39,"turns":3},{"damage":100,"enemies":"Nemesis","floor":41,"turns":4}],"seed_played":"-3163122289277619665","potions_obtained":[{"floor":1.0,"key":"SteroidPotion"},{"floor":6.0,"key":"Strength Potion"},{"floor":25,"key":"AttackPotion"},{"floor":29,"key":"FearPotion"},{"floor":30,"key":"SpeedPotion"},{"floor":35,"key":"SteroidPotion"}],"is_trial":false,"path_per_floor":["M","$","?","?","?","E","R","?","T","R","E","M","E","M","R","B",null,"M","?","M","M","$","E","?","M","T","R","$","M","M","M","R","B",null,"M","?","?","?","M","R","E"],"character_chosen":"IRONCLAD","items_purchased":["Membership Card","Panache"],"campfire_rested":2,"item_purchase_floors":[22,22],"current_hp_per_floor":[78,78,78,67,67,73,73,73,73,73,79,82,74,78,78,44,76,70,70,72,40,40,28,28,17,17,45,45,29,25,21,51,21,82,79,79,66,66,60,60,0],"gold":20,"neow_bonus":"THREE_ENEMY_KILL","is_prod":false,"is_daily":false,"chose_seed":false,"campfire_upgraded":4,"win_rate":0,"timestamp":1567360416,"path_taken":["M","$","?","?","?","E","R","?","T","R","E","?","E","M","R","BOSS","M","?","M","M","$","E","?","M","T","R","$","M","M","M","R","BOSS","M","?","?","?","?","R","E"],"build_version":"2019-07-17","purchased_purges":3,"victory":false,"max_hp_per_floor":[80,80,80,80,80,80,80,80,80,80,80,82,84,84,84,86,86,88,88,90,92,92,94,94,94,94,94,94,96,98,100,100,102,102,104,104,104,104,106,106,106],"card_choices":[{"not_picked":["Spot Weakness","Wild Strike"],"picked":"Whirlwind","floor":1.0},{"not_picked":["Feel No Pain","Wild Strike","Iron Wave"],"picked":"SKIP","floor":6.0},{"not_picked":["Whirlwind","Evolve"],"picked":"Body Slam","floor":11.0},{"not_picked":["Heavy Blade","Searing Blow","Uppercut"],"picked":"Singing Bowl","floor":12.0},{"not_picked":["Warcry","Headbutt","Anger"],"picked":"Singing Bowl","floor":13.0},{"not_picked":["Cleave","Dark Embrace"],"picked":"Body Slam","floor":14.0},{"not_picked":["Bludgeon","Feed","Dark Embrace"],"picked":"Singing Bowl","floor":16.0},{"not_picked":["Iron Wave","Power Through+1","Perfected Strike+1"],"picked":"Singing Bowl","floor":18.0},{"not_picked":["Perfected Strike+1","Iron Wave+1","Havoc+1"],"picked":"Singing Bowl","floor":20.0},{"not_picked":["Clash+1","Pummel+1","Iron Wave+1"],"picked":"Singing Bowl","floor":21.0},{"not_picked":["Juggernaut","Clothesline+1","Rupture+1"],"picked":"Singing Bowl","floor":23},{"not_picked":["Twin Strike+1","Iron Wave+1"],"picked":"Double Tap","floor":25},{"not_picked":["Burning Pact","Twin Strike+1","Iron Wave+1"],"picked":"Singing Bowl","floor":29},{"not_picked":["Ghostly Armor","Reckless Charge+1","Rage"],"picked":"Singing Bowl","floor":30},{"not_picked":["Clash+1","Sentinel+1","Body Slam+1"],"picked":"Singing Bowl","floor":31},{"not_picked":["Fiend Fire+1","Dark Embrace+1","Bludgeon+1"],"picked":"Singing Bowl","floor":33},{"not_picked":["Body Slam+1","Perfected Strike+1","Cleave+1"],"picked":"Singing Bowl","floor":35},{"not_picked":["Fire Breathing+1","Intimidate+1","Shockwave+1"],"picked":"Singing Bowl","floor":39}],"player_experience":139970,"relics_obtained":[{"floor":6.0,"key":"Self Forming Clay"},{"floor":9.0,"key":"Ancient Tea Set"},{"floor":11.0,"key":"Singing Bowl"},{"floor":13.0,"key":"Whetstone"},{"floor":23,"key":"Frozen Egg 2"},{"floor":26,"key":"Gambling Chip"}],"event_choices":[{"damage_healed":0.0,"max_hp_gain":0.0,"max_hp_loss":0.0,"gold_gain":0.0,"cards_transformed":["Strike_R"],"event_name":"Living Wall","player_choice":"Change","floor":3.0,"gold_loss":0.0,"damage_taken":0.0,"cards_obtained":["Anger"]},{"damage_healed":0.0,"max_hp_gain":0.0,"max_hp_loss":0.0,"gold_gain":75.0,"event_name":"World of Goop","player_choice":"Gather Gold","floor":4.0,"gold_loss":0.0,"damage_taken":11.0},{"cards_removed":["Strike_R"],"damage_healed":0.0,"max_hp_gain":0.0,"max_hp_loss":0.0,"gold_gain":0.0,"event_name":"The Cleric","player_choice":"Card Removal","floor":5.0,"gold_loss":50.0,"damage_taken":0.0},{"damage_healed":0.0,"max_hp_gain":0.0,"max_hp_loss":0.0,"gold_gain":0.0,"event_name":"Liars Game","player_choice":"Ignored","floor":8.0,"gold_loss":0.0,"damage_taken":0.0},{"damage_healed":0.0,"max_hp_gain":0.0,"max_hp_loss":0.0,"gold_gain":0.0,"event_name":"The Mausoleum","player_choice":"Opened","floor":19.0,"gold_loss":0.0,"damage_taken":0.0,"relics_obtained":["Molten Egg 2"],"cards_obtained":["Writhe"]},{"damage_healed":0,"gold_gain":0,"player_choice":"Ignored","damage_taken":0,"max_hp_gain":0,"max_hp_loss":0,"event_name":"Vampires","floor":24,"gold_loss":0},{"cards_removed":["Panache"],"damage_healed":0,"gold_gain":0,"player_choice":"Removed Power","damage_taken":0,"max_hp_gain":0,"max_hp_loss":0,"event_name":"Falling","floor":36,"gold_loss":0},{"damage_healed":0,"gold_gain":0,"player_choice":"Embrace Madness","damage_taken":13,"max_hp_gain":0,"max_hp_loss":0,"event_name":"Winding Halls","floor":37,"gold_loss":0,"cards_obtained":["Madness","Madness"]},{"damage_healed":0,"gold_gain":0,"player_choice":"Paid","damage_taken":0,"relics_obtained":["Red Mask"],"max_hp_gain":0,"max_hp_loss":0,"event_name":"Tomb of Lord Red Mask","floor":38,"gold_loss":178}],"is_beta":false,"boss_relics":[{"not_picked":["Runic Pyramid","Ectoplasm"],"picked":"Pandora\u0027s Box"},{"not_picked":["Tiny House","Black Blood"],"picked":"Philosopher\u0027s Stone"}],"items_purged_floors":[2,22,28],"is_endless":false,"potions_floor_spawned":[1,6,25,29,30,35],"killed_by":"Nemesis","ascension_level":6}