{"gold_per_floor":[117,130,80,155,6,37,56,56,80,94,110,138,138,7,7,103,103,116,38,38,52,52,52,67,67,67,67,92,17,46,59,59,59],"floor_reached":33,"playtime":1100,"items_purged":["Regret"],"score":493,"play_id":"01a9986a-374c-463c-93f6-ac167ac4ac71","local_time":"20190308123410","is_ascension_mode":true,"campfire_choices":[{"data":"Sunder","floor":13,"key":"SMITH"},{"floor":15,"key":"REST"},{"data":"Echo Form","floor":23,"key":"SMITH"},{"data":"White Noise","floor":25,"key":"SMITH"},{"floor":27,"key":"REST"},{"floor":32,"key":"REST"}],"neow_cost":"NONE","seed_source_timestamp":1498467687665084,"circlet_count":0,"master_deck":["AscendersBane","Strike_B","Strike_B","Strike_B","Defend_B","Defend_B","Defend_B","Defend_B","Zap+1","Dualcast","Chill","Coolheaded","Glacier","Blizzard+1","Conserve Battery","Ball Lightning","Sunder+1","Amplify","Static Discharge","Sweeping Beam","Echo Form+1","Blizzard+1","White Noise+1","Conserve Battery","Force Field","Chill","Genetic Algorithm","Fusion+1"],"relics":["Cracked Core","Potion Belt","Oddly Smooth Stone","Shuriken","Cursed Key","Dodecahedron","Mercury Hourglass","Meat on the Bone"],"potions_floor_usage":[12,16,28,28,28],"damage_taken":[{"damage":1,"enemies":"Cultist","floor":1,"turns":4},{"damage":0,"enemies":"2 Louse","floor":2,"turns":1},{"damage":10,"enemies":"3 Sentries","floor":6,"turns":6},{"damage":3,"enemies":"Jaw Worm","floor":7,"turns":4},{"damage":0,"enemies":"2 Fungi Beasts","floor":10,"turns":2},{"damage":9,"enemies":"Blue Slaver","floor":11,"turns":4},{"damage":10,"enemies":"Lagavulin","floor":12,"turns":8},{"damage":22,"enemies":"Slime Boss","floor":16,"turns":6},{"damage":25,"enemies":"2 Thieves","floor":18,"turns":3},{"damage":11,"enemies":"Chosen","floor":21,"turns":5},{"damage":16,"enemies":"Snake Plant","floor":24,"turns":6},{"damage":37,"enemies":"Gremlin Leader","floor":28,"turns":7},{"damage":0,"enemies":"Slavers","floor":30,"turns":4},{"damage":17,"enemies":"Shelled Parasite and Fungi","floor":31,"turns":6},{"damage":39,"enemies":"Champ","floor":33,"turns":12}],"seed_played":"1540140421808534372","potions_obtained":[{"floor":10,"key":"PowerPotion"},{"floor":12,"key":"PowerPotion"},{"floor":16,"key":"Poison Potion"},{"floor":18,"key":"SpeedPotion"},{"floor":24,"key":"SteroidPotion"}],"is_trial":false,"path_per_floor":["M","M","?","?","$","E","M","?","T","M","M","E","R","$","R","B",null,"M","$","?","M","?","R","M","R","T","R","E","$","E","M","R","B"],"character_chosen":"DEFECT","items_purchased":["Glacier","Blizzard","Static Discharge","Sweeping Beam","White Noise"],"campfire_rested":3,"item_purchase_floors":[5,5,14,14,19],"current_hp_per_floor":[67,67,67,56,56,46,43,43,43,43,34,24,24,24,46,24,62,37,37,62,51,51,51,35,35,35,57,20,20,20,15,37,0],"gold":59,"neow_bonus":"UPGRADE_CARD","is_prod":false,"is_daily":false,"chose_seed":false,"campfire_upgraded":3,"win_rate":0,"timestamp":1552066450,"path_taken":["M","?","?","?","$","E","M","?","T","M","M","E","R","$","R","BOSS","M","$","?","M","?","R","M","R","T","R","E","?","E","?","R","BOSS"],"build_version":"2019-01-23","purchased_purges":1,"victory":false,"max_hp_per_floor":[75,75,75,75,75,75,75,75,75,75,75,75,75,75,75,75,75,75,75,75,75,75,75,75,75,75,75,75,75,75,75,75,75],"card_choices":[{"not_picked":["Barrage","Undo"],"picked":"Chill","floor":1},{"not_picked":["Steam","Rebound"],"picked":"Coolheaded","floor":2},{"not_picked":["Aggregate","Hologram","Redo"],"picked":"SKIP","floor":6},{"not_picked":["Turbo","Go for the Eyes"],"picked":"Conserve Battery","floor":7},{"not_picked":["Streamline","Reinforced Body"],"picked":"Ball Lightning","floor":10},{"not_picked":["Coolheaded","Reinforced Body"],"picked":"Sunder","floor":11},{"not_picked":["Steam","Redo"],"picked":"Amplify","floor":12},{"not_picked":["Machine Learning","Biased Cognition"],"picked":"Echo Form","floor":16},{"not_picked":["Streamline","Gash"],"picked":"Blizzard+1","floor":18},{"not_picked":["Doom and Gloom","Reinforced Body"],"picked":"Conserve Battery","floor":21},{"not_picked":["Hologram","Skim"],"picked":"Force Field","floor":24},{"not_picked":["Hologram","Beam Cell+1"],"picked":"Chill","floor":28},{"not_picked":["Undo","Conserve Battery"],"picked":"Genetic Algorithm","floor":30},{"not_picked":["Lockon","Skim"],"picked":"Fusion+1","floor":31}],"player_experience":180463,"relics_obtained":[{"floor":6,"key":"Potion Belt"},{"floor":9,"key":"Oddly Smooth Stone"},{"floor":12,"key":"Shuriken"},{"floor":26,"key":"Dodecahedron"},{"floor":28,"key":"Mercury Hourglass"},{"floor":30,"key":"Meat on the Bone"}],"event_choices":[{"cards_removed":["Strike_B"],"damage_healed":0,"gold_gain":0,"player_choice":"Card Removal","damage_taken":0,"max_hp_gain":0,"max_hp_loss":0,"event_name":"The Cleric","floor":3,"gold_loss":50},{"damage_healed":0,"gold_gain":75,"player_choice":"Gather Gold","damage_taken":11,"max_hp_gain":0,"max_hp_loss":0,"event_name":"World of Goop","floor":4,"gold_loss":0},{"damage_healed":0,"gold_gain":0,"player_choice":"Grow","damage_taken":0,"max_hp_gain":0,"max_hp_loss":0,"event_name":"Living Wall","floor":8,"gold_loss":0,"cards_upgraded":["Blizzard"]},{"damage_healed":25,"gold_gain":0,"player_choice":"Heal","damage_taken":0,"max_hp_gain":0,"max_hp_loss":0,"event_name":"The Library","floor":20,"gold_loss":0},{"damage_healed":0,"gold_gain":0,"player_choice":"Ignored","damage_taken":0,"max_hp_gain":0,"max_hp_loss":0,"event_name":"Vampires","floor":22,"gold_loss":0}],"is_beta":false,"boss_relics":[{"not_picked":["Busted Crown","Astrolabe"],"picked":"Cursed Key"}],"items_purged_floors":[29],"is_endless":false,"potions_floor_spawned":[10,12,16,18,24],"killed_by":"Champ","ascension_level":11}