{"gold_per_floor":[116,132,132,282,4,4,21,52,52,52,72,72,72,92,92,170,170,184,104,129,129],"floor_reached":21,"playtime":1036,"items_purged":[],"score":354,"play_id":"88b5f540-de03-4a9b-9174-9f3e37a1c145","local_time":"20181009015545","is_ascension_mode":true,"campfire_choices":[{"data":"Consume","floor":6,"key":"SMITH"},{"floor":10,"key":"REST"},{"data":"Zap","floor":13,"key":"SMITH"},{"data":"Go for the Eyes","floor":15,"key":"SMITH"}],"neow_cost":"NONE","seed_source_timestamp":2201248146022818,"circlet_count":0,"master_deck":["Strike_B","Strike_B","Strike_B","Strike_B","Defend_B","Defend_B","Defend_B","Defend_B","Zap+1","Dualcast","AscendersBane","Consume+1","Steam Power","Doubt","Coolheaded+1","Go for the Eyes+1","Steam+1","Chill+1","Biased Cognition","Coolheaded+1","Glacier+1"],"relics":["Cracked Core","Toxic Egg 2","Shuriken","Letter Opener","Question Card","Inserter","Regal Pillow"],"potions_floor_usage":[16,16],"damage_taken":[{"damage":5,"enemies":"Small Slimes","floor":1,"turns":4},{"damage":11,"enemies":"Cultist","floor":2,"turns":5},{"damage":15,"enemies":"2 Louse","floor":7,"turns":3},{"damage":30,"enemies":"3 Sentries","floor":8,"turns":16},{"damage":4,"enemies":"Blue Slaver","floor":11,"turns":4},{"damage":5,"enemies":"Large Slime","floor":14,"turns":5},{"damage":16,"enemies":"The Guardian","floor":16,"turns":12},{"damage":0,"enemies":"Chosen","floor":18,"turns":7},{"damage":5,"enemies":"2 Thieves","floor":19,"turns":4},{"damage":56,"enemies":"Cultist and Chosen","floor":21,"turns":11}],"seed_played":"-7484635838953505325","potions_obtained":[{"floor":1,"key":"Weak Potion"},{"floor":2,"key":"Poison Potion"},{"floor":3,"key":"PowerPotion"}],"is_trial":false,"path_per_floor":["M","M","?","?","$","R","M","E","T","R","M","T","R","M","R","B",null,"M","M","T"],"character_chosen":"DEFECT","items_purchased":["Toxic Egg 2"],"campfire_rested":1,"item_purchase_floors":[5],"current_hp_per_floor":[66,55,55,55,55,55,40,10,10,33,29,29,29,24,24,8,61,61,56,56,0],"gold":129,"neow_bonus":"TEN_PERCENT_HP_BONUS","is_prod":false,"is_daily":false,"chose_seed":false,"campfire_upgraded":3,"win_rate":0,"timestamp":1539075345,"path_taken":["M","M","?","?","$","R","?","E","T","R","M","?","R","M","R","BOSS","M","?","?","M"],"build_version":"2018-10-08","purchased_purges":0,"victory":false,"max_hp_per_floor":[78,78,78,78,78,78,78,78,78,78,78,78,78,78,78,78,78,78,78,78,78],"card_choices":[{"not_picked":["Hologram","Barrage"],"picked":"Consume","floor":1},{"not_picked":["Hello World","Consume"],"picked":"Steam Power","floor":2},{"not_picked":["Redo+1","Melter"],"picked":"Coolheaded+1","floor":7},{"not_picked":["Steam Power+1","Beam Cell"],"picked":"Go for the Eyes","floor":8},{"not_picked":["Barrage","FTL"],"picked":"Steam+1","floor":11},{"not_picked":["FTL","Streamline","Genetic Algorithm+1"],"picked":"Chill+1","floor":14},{"not_picked":["Rainbow+1","Creative AI","Machine Learning"],"picked":"Biased Cognition","floor":16},{"not_picked":["Barrage","Cold Snap","Gash+1"],"picked":"Coolheaded+1","floor":18},{"not_picked":["Compile Driver","Sunder","Gash"],"picked":"Glacier+1","floor":19}],"player_experience":2492780,"relics_obtained":[{"floor":8,"key":"Shuriken"},{"floor":9,"key":"Letter Opener"},{"floor":12,"key":"Question Card"},{"floor":20,"key":"Regal Pillow"}],"event_choices":[{"event_name":"The Lab","player_choice":"Got Potions","floor":3,"damage_taken":0},{"event_name":"Liars Game","player_choice":"agreed","floor":4,"damage_taken":0}],"is_beta":true,"boss_relics":[{"not_picked":["Cursed Key","Velvet Choker"],"picked":"Inserter"}],"items_purged_floors":[],"is_endless":false,"potions_floor_spawned":[1,2,11],"killed_by":"Cultist and Chosen","ascension_level":20}