{"gold_per_floor":[110,80,97,16,26,26,26,26,26,36,52,71,71,91,91,170,170,187,187,204,204,129,129,129,129],"floor_reached":25,"playtime":740,"items_purged":["Writhe"],"score":386,"play_id":"b1f8c4d7-d9d2-4e8b-9abc-9c760dea6069","local_time":"20190821165303","is_ascension_mode":true,"campfire_choices":[{"data":"Capacitor","floor":6.0,"key":"SMITH"},{"data":"Barrage","floor":8.0,"key":"SMITH"},{"data":"Hologram","floor":13.0,"key":"SMITH"},{"data":"Self Repair","floor":15.0,"key":"SMITH"},{"data":"Fusion","floor":23.0,"key":"SMITH"}],"neow_cost":"NONE","seed_source_timestamp":525855663627849,"circlet_count":0,"master_deck":["AscendersBane","Strike_B","Strike_B","Strike_B","Strike_B","Defend_B","Defend_B","Defend_B","Defend_B","Zap+1","Dualcast","Gash","Self Repair+1","Capacitor+1","Barrage+1","Gash","Hologram+1","Gash","Ball Lightning","Echo Form","Fusion+1","Ghostly","Ghostly","Ghostly","Leap"],"special_seed":0,"relics":["Cracked Core","Cursed Key","Omamori","SsserpentHead"],"potions_floor_usage":[25,25],"damage_taken":[{"damage":0.0,"enemies":"2 Louse","floor":1.0,"turns":2.0},{"damage":1.0,"enemies":"Cultist","floor":3.0,"turns":3.0},{"damage":0.0,"enemies":"Jaw Worm","floor":5.0,"turns":4.0},{"damage":21.0,"enemies":"Large Slime","floor":10.0,"turns":5.0},{"damage":5.0,"enemies":"Exordium Wildlife","floor":11.0,"turns":3.0},{"damage":4.0,"enemies":"2 Fungi Beasts","floor":12.0,"turns":3.0},{"damage":12.0,"enemies":"Lots of Slimes","floor":14.0,"turns":4.0},{"damage":37.0,"enemies":"Hexaghost","floor":16.0,"turns":9.0},{"damage":34.0,"enemies":"2 Thieves","floor":18.0,"turns":4.0},{"damage":19.0,"enemies":"Chosen","floor":20.0,"turns":6.0},{"damage":30,"enemies":"Slavers","floor":25,"turns":5}],"seed_played":"6700041320488715664","potions_obtained":[{"floor":2.0,"key":"Block Potion"},{"floor":2.0,"key":"Weak Potion"},{"floor":10.0,"key":"GamblersBrew"},{"floor":16.0,"key":"PowerPotion"},{"floor":20.0,"key":"SpeedPotion"}],"is_trial":false,"path_per_floor":["M","?","M","$","M","R","$","R","T","M","M","M","R","M","R","B",null,"M","?","M","?","$","R","?","E"],"character_chosen":"DEFECT","items_purchased":["Capacitor"],"campfire_rested":0,"item_purchase_floors":[4],"current_hp_per_floor":[64,64,63,63,70,70,70,70,70,56,58,54,54,49,49,22,59,45,35,26,26,26,26,26,0],"gold":129,"neow_bonus":"UPGRADE_CARD","is_prod":false,"is_daily":false,"chose_seed":false,"campfire_upgraded":5,"win_rate":0,"timestamp":1566431583,"path_taken":["M","?","?","$","M","R","?","R","T","M","M","M","R","?","R","BOSS","M","?","M","?","?","R","?","E"],"build_version":"2019-08-15","purchased_purges":1,"victory":false,"max_hp_per_floor":[71,71,71,71,71,71,71,71,71,71,71,71,71,71,71,71,71,71,35,35,35,35,35,35,35],"card_choices":[{"not_picked":["Redo","Compile Driver"],"picked":"Gash","floor":1.0},{"not_picked":["Lockon","Rip and Tear"],"picked":"Self Repair","floor":3.0},{"not_picked":["Turbo","Capacitor"],"picked":"Barrage","floor":5.0},{"not_picked":["Consume","Stack"],"picked":"Gash","floor":10.0},{"not_picked":["Go for the Eyes","Lockon"],"picked":"Hologram","floor":11.0},{"not_picked":["Conserve Battery","Barrage"],"picked":"Gash","floor":12.0},{"not_picked":["Leap","Compile Driver"],"picked":"Ball Lightning","floor":14.0},{"not_picked":["Multi-Cast","Reboot"],"picked":"Echo Form","floor":16.0},{"not_picked":["Hello World+1","Redo"],"picked":"Fusion","floor":18.0},{"not_picked":["Turbo","Double Energy"],"picked":"Leap","floor":20.0}],"player_experience":3029825,"relics_obtained":[],"event_choices":[{"damage_healed":0.0,"max_hp_gain":0.0,"max_hp_loss":0.0,"gold_gain":0.0,"event_name":"The Woman in Blue","player_choice":"Bought 2 Potions","floor":2.0,"gold_loss":0.0,"damage_taken":0.0},{"damage_healed":0.0,"max_hp_gain":0.0,"max_hp_loss":36.0,"gold_gain":0.0,"event_name":"Ghosts","player_choice":"Became a Ghost","floor":19.0,"gold_loss":0.0,"damage_taken":0.0,"cards_obtained":["Ghostly","Ghostly","Ghostly"]},{"damage_healed":0.0,"max_hp_gain":0.0,"max_hp_loss":0.0,"gold_gain":0.0,"event_name":"The Mausoleum","player_choice":"Opened","floor":21.0,"gold_loss":0.0,"damage_taken":0.0,"relics_obtained":["Omamori"],"cards_obtained":["Writhe"]},{"damage_healed":0.0,"max_hp_gain":0.0,"max_hp_loss":0.0,"gold_gain":0.0,"event_name":"FaceTrader","player_choice":"Trade","floor":24.0,"gold_loss":0.0,"damage_taken":0.0,"relics_obtained":["SsserpentHead"]}],"is_beta":true,"boss_relics":[{"not_picked":["Snecko Eye","Black Star"],"picked":"Cursed Key"}],"items_purged_floors":[22],"is_endless":false,"potions_floor_spawned":[3,10,12,16,20],"killed_by":"Slavers","ascension_level":20}