{"gold_per_floor":[360,360,285,297,197,230,249,249,276,308,320,320,336,368,368,473,473,490,174,188,198,198,198,218,218,298,309,309,309,327,355,355,457,457,470,470,490,340,350,350],"floor_reached":40,"playtime":1519,"items_purged":["Defend_R","Defend_R","Defend_R","Strike_R"],"score":474,"play_id":"e94c15f0-c2db-4fdd-acd8-b016a11aa22e","local_time":"20190901131328","is_ascension_mode":true,"campfire_choices":[{"data":"Flex","floor":12,"key":"SMITH"},{"data":"Bash","floor":15,"key":"SMITH"},{"data":"Flex","floor":23,"key":"SMITH"},{"data":"Heavy Blade","floor":25,"key":"SMITH"},{"data":"Immolate","floor":32,"key":"SMITH"}],"neow_cost":"TEN_PERCENT_HP_LOSS","seed_source_timestamp":224011556675200,"circlet_count":0,"master_deck":["Strike_R","Strike_R","Strike_R","Strike_R","Bash+1","Clash","Iron Wave","Headbutt","Twin Strike","Flex+1","Offering","Immolate+1","Heavy Blade+1","Flex+1","Rupture+1","Writhe","Flex","Necronomicurse","Impervious","Good Instincts","Flex","Reaper","Battle Trance+1"],"relics":["Black Blood","Dream Catcher","Anchor","Happy Flower","Unceasing Top","Blood Vial","Pen Nib","Shuriken","Necronomicon","Letter Opener","Lizard Tail"],"potions_floor_usage":[10,14,37,39,39],"damage_taken":[{"damage":8,"enemies":"Jaw Worm","floor":1,"turns":4},{"damage":4,"enemies":"Small Slimes","floor":4,"turns":3},{"damage":31,"enemies":"Lagavulin","floor":6,"turns":6},{"damage":0,"enemies":"Cultist","floor":7,"turns":2},{"damage":6,"enemies":"Gremlin Nob","floor":10,"turns":3},{"damage":0,"enemies":"Lots of Slimes","floor":11,"turns":3},{"damage":3,"enemies":"2 Fungi Beasts","floor":13,"turns":3},{"damage":19,"enemies":"3 Sentries","floor":14,"turns":5},{"damage":51,"enemies":"The Guardian","floor":16,"turns":7},{"damage":5,"enemies":"Spheric Guardian","floor":18,"turns":3},{"damage":11,"enemies":"3 Byrds","floor":20,"turns":5},{"damage":6,"enemies":"Sentry and Sphere","floor":21,"turns":2},{"damage":30,"enemies":"Chosen and Byrds","floor":24,"turns":5},{"damage":8,"enemies":"Centurion and Healer","floor":27,"turns":4},{"damage":11,"enemies":"Cultist and Chosen","floor":30,"turns":4},{"damage":8,"enemies":"Book of Stabbing","floor":31,"turns":3},{"damage":18,"enemies":"Collector","floor":33,"turns":4},{"damage":54,"enemies":"3 Darklings","floor":35,"turns":5},{"damage":0,"enemies":"Orb Walker","floor":37,"turns":1},{"damage":14,"enemies":"Transient","floor":39,"turns":5},{"damage":0,"enemies":"Nemesis","floor":40,"turns":2}],"seed_played":"6318073304623693632","potions_obtained":[{"floor":1,"key":"Energy Potion"},{"floor":10,"key":"BloodPotion"},{"floor":13,"key":"FearPotion"},{"floor":21,"key":"GamblersBrew"},{"floor":24,"key":"EssenceOfSteel"},{"floor":30,"key":"FearPotion"}],"is_trial":false,"path_per_floor":["M","?","$","M","$","E","M","?","T","E","M","R","M","E","R","B",null,"M","$","M","M","?","R","M","R","T","M","?","?","M","E","R","B",null,"M","?","M","$","M","E"],"character_chosen":"IRONCLAD","items_purchased":["Heavy Blade","Blood Vial"],"campfire_rested":0,"item_purchase_floors":[19,19],"current_hp_per_floor":[70,75,75,77,77,52,58,77,77,77,77,77,77,64,64,19,77,77,77,76,77,77,77,57,57,57,61,45,45,46,50,50,44,77,33,33,64,64,77,77],"gold":350,"neow_bonus":"TWO_FIFTY_GOLD","is_prod":false,"is_daily":false,"chose_seed":false,"campfire_upgraded":5,"win_rate":0,"timestamp":1567368808,"path_taken":["M","?","$","M","$","E","M","?","T","E","M","R","M","E","R","BOSS","M","$","?","?","?","R","M","R","T","M","?","?","?","E","R","BOSS","M","?","?","$","?","E"],"build_version":"2019-07-17","purchased_purges":4,"victory":false,"max_hp_per_floor":[72,77,77,77,77,77,77,77,77,77,77,77,77,77,77,77,77,77,77,77,77,77,77,77,77,77,77,77,77,77,77,77,77,77,77,77,77,77,77,77],"card_choices":[{"not_picked":["Thunderclap","Uppercut"],"picked":"Clash","floor":1},{"not_picked":["Dual Wield","Thunderclap"],"picked":"Iron Wave","floor":4},{"not_picked":["Warcry","Shrug It Off"],"picked":"Headbutt","floor":6},{"not_picked":["Twin Strike","Anger","Havoc"],"picked":"SKIP","floor":7},{"not_picked":["Anger","Havoc"],"picked":"Twin Strike","floor":7},{"not_picked":["Pummel","Combust"],"picked":"Flex","floor":10},{"not_picked":["Blood for Blood","Entrench","Shockwave"],"picked":"SKIP","floor":11},{"not_picked":["Disarm","Iron Wave"],"picked":"Offering","floor":13},{"not_picked":["Sever Soul","Disarm","Shockwave"],"picked":"SKIP","floor":14},{"not_picked":["Fiend Fire","Barricade"],"picked":"Immolate","floor":16},{"not_picked":["Hemokinesis+1","Rampage","Havoc"],"picked":"SKIP","floor":18},{"not_picked":["Burning Pact+1","Feel No Pain+1"],"picked":"Flex","floor":20},{"not_picked":["Perfected Strike","Rupture+1","Evolve"],"picked":"SKIP","floor":21},{"not_picked":["Perfected Strike","Evolve"],"picked":"Rupture+1","floor":21},{"not_picked":["Armaments","Rage","Body Slam+1"],"picked":"SKIP","floor":24},{"not_picked":["Clash","Flame Barrier"],"picked":"Flex","floor":27},{"not_picked":["Wild Strike","Hemokinesis","Anger"],"picked":"SKIP","floor":30},{"not_picked":["Barricade","Ghostly Armor+1"],"picked":"Flex","floor":31},{"not_picked":["Dark Embrace","Juggernaut"],"picked":"Reaper","floor":33},{"not_picked":["Cleave+1","Warcry+1","True Grit"],"picked":"SKIP","floor":35},{"not_picked":["Perfected Strike+1","Disarm+1","Metallicize+1"],"picked":"SKIP","floor":37},{"not_picked":["Infernal Blade","Shockwave"],"picked":"Battle Trance+1","floor":39}],"player_experience":734958,"relics_obtained":[{"floor":6,"key":"Dream Catcher"},{"floor":9,"key":"Anchor"},{"floor":10,"key":"Happy Flower"},{"floor":14,"key":"Unceasing Top"},{"floor":26,"key":"Shuriken"},{"floor":28,"key":"Necronomicon"},{"floor":31,"key":"Letter Opener"}],"event_choices":[{"damage_healed":0,"gold_gain":0,"player_choice":"Donut","damage_taken":0,"max_hp_gain":5,"max_hp_loss":0,"event_name":"Big Fish","floor":2,"gold_loss":0},{"damage_healed":19,"gold_gain":0,"player_choice":"Full Heal","damage_taken":0,"max_hp_gain":0,"max_hp_loss":0,"event_name":"Wheel of Change","floor":8,"gold_loss":0},{"damage_healed":0,"gold_gain":0,"player_choice":"Opened","damage_taken":0,"relics_obtained":["Pen Nib"],"max_hp_gain":0,"max_hp_loss":0,"event_name":"The Mausoleum","floor":22,"gold_loss":0,"cards_obtained":["Writhe"]},{"damage_healed":0,"gold_gain":0,"player_choice":"Obtained Book","damage_taken":16,"max_hp_gain":0,"max_hp_loss":0,"event_name":"Cursed Tome","floor":28,"gold_loss":0},{"damage_healed":0,"gold_gain":0,"player_choice":"2 cards matched","damage_taken":0,"max_hp_gain":0,"max_hp_loss":0,"event_name":"Match and Keep!","floor":29,"gold_loss":0,"cards_obtained":["Impervious","Good Instincts"]},{"cards_removed":["Defend_R"],"damage_healed":0,"gold_gain":0,"player_choice":"Purged","damage_taken":0,"max_hp_gain":0,"max_hp_loss":0,"event_name":"Purifier","floor":36,"gold_loss":0}],"is_beta":false,"boss_relics":[{"not_picked":["Velvet Choker","Runic Cube"],"picked":"Black Blood"},{"not_picked":["Fusion Hammer","Snecko Eye"],"picked":"Lizard Tail"}],"items_purged_floors":[3,5,19,38],"is_endless":false,"potions_floor_spawned":[1,10,13,21,24,30],"killed_by":"Nemesis","ascension_level":1}