{"gold_per_floor":[20,20,38,56,69,69,144,144,144,184,200,200,225,243,243,363,363,387,412,89,109,109],"floor_reached":22,"playtime":1361,"items_purged":["Strike_G"],"score":209,"play_id":"77c69772-250a-48a7-b17c-098b80c46766","local_time":"20190814002615","is_ascension_mode":true,"campfire_choices":[{"floor":6,"key":"REST"},{"data":"Bullet Time","floor":8,"key":"SMITH"},{"data":"Footwork","floor":12,"key":"SMITH"},{"floor":15,"key":"REST"}],"neow_cost":"NO_GOLD","seed_source_timestamp":31822023294131,"circlet_count":0,"master_deck":["Strike_G","Strike_G","Strike_G","Strike_G","Defend_G","Defend_G","Defend_G","Defend_G","Defend_G","Survivor","Neutralize","Bullet Time+1","Catalyst","Predator","Bane","Footwork+1","Terror","Footwork","All Out Attack","Venomology","Acrobatics","PiercingWail","Prepared+1"],"relics":["Ring of the Snake","Golden Idol","Centennial Puzzle","Pantograph","Paper Crane"],"potions_floor_usage":[13,18,18,19,19,19,22],"damage_taken":[{"damage":2,"enemies":"Cultist","floor":1,"turns":4},{"damage":3,"enemies":"Small Slimes","floor":3,"turns":5},{"damage":2,"enemies":"Jaw Worm","floor":4,"turns":3},{"damage":3,"enemies":"Blue Slaver","floor":5,"turns":5},{"damage":10,"enemies":"Gremlin Nob","floor":10,"turns":4},{"damage":6,"enemies":"Exordium Thugs","floor":11,"turns":4},{"damage":12,"enemies":"Exordium Wildlife","floor":13,"turns":7},{"damage":0,"enemies":"3 Louse","floor":14,"turns":2},{"damage":33,"enemies":"The Guardian","floor":16,"turns":14},{"damage":17,"enemies":"2 Thieves","floor":18,"turns":3},{"damage":7,"enemies":"Chosen","floor":19,"turns":7},{"damage":26,"enemies":"Centurion and Healer","floor":21,"turns":11},{"damage":23,"enemies":"Shelled Parasite and Fungi","floor":22,"turns":5}],"seed_played":"-7898244056768418550","potions_obtained":[{"floor":3,"key":"Energy Potion"},{"floor":10,"key":"SpeedPotion"},{"floor":13,"key":"FearPotion"},{"floor":14,"key":"Poison Potion"},{"floor":16,"key":"PowerPotion"},{"floor":21,"key":"GamblersBrew"}],"is_trial":false,"path_per_floor":["M","?","M","M","M","R","?","R","T","E","M","R","M","M","R","B",null,"M","M","$","M","M"],"character_chosen":"THE_SILENT","items_purchased":["Paper Crane"],"campfire_rested":2,"item_purchase_floors":[20],"current_hp_per_floor":[68,51,48,46,43,64,57,57,57,47,41,41,29,29,50,37,70,53,46,46,20,0],"gold":109,"neow_bonus":"THREE_RARE_CARDS","is_prod":false,"is_daily":false,"chose_seed":false,"campfire_upgraded":2,"win_rate":0,"timestamp":1565709975,"path_taken":["M","?","M","M","M","R","?","R","T","E","M","R","?","M","R","BOSS","M","M","$","M","M"],"build_version":"2019-07-17","purchased_purges":1,"victory":false,"max_hp_per_floor":[70,70,70,70,70,70,70,70,70,70,70,70,70,70,70,70,70,70,70,70,70,70],"card_choices":[{"not_picked":["Corpse Explosion","Storm of Steel"],"picked":"Bullet Time","floor":0},{"not_picked":["Underhanded Strike","Skewer"],"picked":"Catalyst","floor":1},{"not_picked":["Infinite Blades","Outmaneuver"],"picked":"Predator","floor":3},{"not_picked":["Slice","Cloak And Dagger"],"picked":"Bane","floor":4},{"not_picked":["Quick Slash","Flying Knee"],"picked":"Footwork","floor":5},{"not_picked":["Poisoned Stab","Dagger Throw"],"picked":"Terror","floor":10},{"not_picked":["Dodge and Roll","Deadly Poison"],"picked":"Footwork","floor":11},{"not_picked":["Blade Dance","Dagger Throw"],"picked":"All Out Attack","floor":13},{"not_picked":["Dash","Flying Knee","Masterful Stab"],"picked":"SKIP","floor":14},{"not_picked":["Glass Knife","A Thousand Cuts"],"picked":"Venomology","floor":16},{"not_picked":["Dagger Spray","Deadly Poison"],"picked":"Acrobatics","floor":18},{"not_picked":["Prepared","Accuracy"],"picked":"PiercingWail","floor":19},{"not_picked":["Acrobatics","Dagger Spray"],"picked":"Prepared+1","floor":21}],"player_experience":105792,"relics_obtained":[{"floor":9,"key":"Centennial Puzzle"},{"floor":10,"key":"Pantograph"}],"event_choices":[{"damage_healed":0,"gold_gain":0,"player_choice":"Take Damage","damage_taken":17,"relics_obtained":["Golden Idol"],"max_hp_gain":0,"max_hp_loss":0,"event_name":"Golden Idol","floor":2,"gold_loss":0},{"damage_healed":0,"gold_gain":75,"player_choice":"Touch","damage_taken":7,"max_hp_gain":0,"max_hp_loss":0,"event_name":"FaceTrader","floor":7,"gold_loss":0}],"is_beta":false,"boss_relics":[{"not_picked":["Fusion Hammer","Runic Dome","Velvet Choker"]}],"items_purged_floors":[20],"is_endless":false,"potions_floor_spawned":[3,10,13,14,16,21],"killed_by":"Shelled Parasite and Fungi","ascension_level":2}