{"gold_per_floor":[112,112,37,37,37,69,69,96,149,166,166,186,186,205,205,205],"floor_reached":16,"playtime":990,"items_purged":["Defend_R"],"score":166,"play_id":"d1a34b41-903f-4789-b76d-4bda84650cd0","local_time":"20190830000002","is_ascension_mode":true,"campfire_choices":[{"data":"Havoc","floor":11.0,"key":"SMITH"},{"data":"Corruption","floor":13.0,"key":"SMITH"},{"data":"Bash","floor":15.0,"key":"SMITH"}],"neow_cost":"NONE","seed_source_timestamp":3500455397900,"circlet_count":0,"master_deck":["Strike_R","Strike_R","Defend_R","Defend_R","Defend_R","Bash+1","Shrug It Off","Headbutt","Corruption+1","Havoc+1"],"special_seed":0,"relics":["Burning Blood","NeowsBlessing","Art of War","Pear","Smiling Mask"],"potions_floor_usage":[16,16],"damage_taken":[{"damage":0.0,"enemies":"Small Slimes","floor":1.0,"turns":1.0},{"damage":0.0,"enemies":"Lagavulin","floor":6.0,"turns":1.0},{"damage":0.0,"enemies":"3 Sentries","floor":8.0,"turns":2.0},{"damage":0.0,"enemies":"Cultist","floor":10.0,"turns":3.0},{"damage":3.0,"enemies":"Jaw Worm","floor":12.0,"turns":4.0},{"damage":11.0,"enemies":"3 Louse","floor":14.0,"turns":4.0},{"damage":86,"enemies":"Hexaghost","floor":16,"turns":15}],"seed_played":"881056127491981307","potions_obtained":[{"floor":8.0,"key":"Dexterity Potion"},{"floor":12.0,"key":"GamblersBrew"}],"is_trial":false,"path_per_floor":["M","?","$","$","?","E","?","E","T","M","R","M","R","M","R","B"],"character_chosen":"IRONCLAD","items_purchased":[],"campfire_rested":0,"item_purchase_floors":[],"current_hp_per_floor":[80,80,80,80,73,79,79,90,90,90,90,90,90,85,85,0],"gold":205,"neow_bonus":"THREE_ENEMY_KILL","is_prod":false,"is_daily":false,"chose_seed":false,"campfire_upgraded":3,"win_rate":0,"timestamp":1567148402,"path_taken":["M","?","?","$","?","E","?","E","T","?","R","M","R","M","R","BOSS"],"build_version":"2019-07-17","purchased_purges":1,"victory":false,"max_hp_per_floor":[80,80,80,80,80,80,80,90,90,90,90,90,90,90,90,90],"card_choices":[{"not_picked":["Heavy Blade","Power Through"],"picked":"Shrug It Off","floor":1.0},{"not_picked":["Feel No Pain","Combust"],"picked":"Headbutt","floor":6.0},{"not_picked":["Heavy Blade","Uppercut","Searing Blow"],"picked":"SKIP","floor":8.0},{"not_picked":["Flex","Warcry"],"picked":"Havoc","floor":10.0},{"not_picked":["Cleave","Combust","Flex"],"picked":"SKIP","floor":12.0},{"not_picked":["Sword Boomerang","Cleave","Power Through"],"picked":"SKIP","floor":14.0}],"player_experience":728700,"relics_obtained":[{"floor":6.0,"key":"Art of War"},{"floor":8.0,"key":"Pear"},{"floor":9.0,"key":"Smiling Mask"}],"event_choices":[{"cards_removed":["Strike_R"],"damage_healed":0.0,"max_hp_gain":0.0,"max_hp_loss":0.0,"gold_gain":0.0,"event_name":"Purifier","player_choice":"Purged","floor":2.0,"gold_loss":0.0,"damage_taken":0.0},{"cards_removed":["Strike_R"],"damage_healed":0.0,"max_hp_gain":0.0,"max_hp_loss":0.0,"gold_gain":0.0,"event_name":"Golden Wing","player_choice":"Card Removal","floor":5.0,"gold_loss":0.0,"damage_taken":7.0},{"damage_healed":0.0,"max_hp_gain":0.0,"max_hp_loss":0.0,"gold_gain":0.0,"cards_transformed":["Strike_R"],"event_name":"Transmorgrifier","player_choice":"Transformed","floor":7.0,"gold_loss":0.0,"damage_taken":0.0,"cards_obtained":["Corruption"]}],"is_beta":false,"boss_relics":[],"items_purged_floors":[3],"is_endless":false,"potions_floor_spawned":[8,12],"killed_by":"Hexaghost","ascension_level":1}