{"gold_per_floor":[113,1,15,15,15,15,49,49,99,99,126,154,170,170,170,247,247,264,90,90,106,121,151,151,163,163,163,173,173,185,196,196,273,273,292,304,324,324,324,324,355,301,348,126,139,139],"floor_reached":46,"playtime":1487,"items_purged":["Strike_B","Strike_B"],"score":1116,"play_id":"ba8344b3-af02-44f2-ad69-62275aa38db2","local_time":"20190501145155","is_ascension_mode":true,"campfire_choices":[{"data":"Defragment","floor":6.0,"key":"SMITH"},{"data":"Zap","floor":8,"key":"SMITH"},{"data":"Coolheaded","floor":10,"key":"SMITH"},{"data":"Consume","floor":15,"key":"SMITH"},{"floor":24,"key":"REST"},{"floor":27,"key":"REST"},{"floor":32,"key":"REST"},{"floor":40,"key":"REST"}],"neow_cost":"NONE","seed_source_timestamp":1802556938297226,"circlet_count":0,"master_deck":["AscendersBane","Defend_B","Defend_B","Zap+1","Dualcast","Streamline","Defragment+1","Chill","Coolheaded+1","Doom and Gloom","Consume+1","Machine Learning","Ball Lightning","Capacitor","Capacitor","Electrodynamics","Coolheaded","Coolheaded","White Noise","Force Field","Echo Form","Blizzard+1","Turbo+1","Doom and Gloom+1","FTL+1","Compile Driver","Parasite","Biased Cognition","Defragment+1"],"special_seed":0,"relics":["Cracked Core","NeowsBlessing","Happy Flower","Centennial Puzzle","Odd Mushroom","Orichalcum","Fusion Hammer","Bag of Preparation","Du-Vu Doll","NlothsMask","Astrolabe","Ancient Tea Set","Dream Catcher","DollysMirror"],"potions_floor_usage":[11,16,23,30,33,41],"damage_taken":[{"damage":0.0,"enemies":"Cultist","floor":1.0,"turns":1.0},{"damage":0.0,"enemies":"Small Slimes","floor":3.0,"turns":1.0},{"damage":0.0,"enemies":"3 Sentries","floor":7.0,"turns":1.0},{"damage":0,"enemies":"The Mushroom Lair","floor":11,"turns":4},{"damage":9,"enemies":"Lagavulin","floor":12,"turns":5},{"damage":3,"enemies":"2 Louse","floor":13,"turns":2},{"damage":0,"enemies":"The Guardian","floor":16,"turns":8},{"damage":6,"enemies":"Shell Parasite","floor":18,"turns":6},{"damage":12,"enemies":"3 Byrds","floor":21,"turns":4},{"damage":9,"enemies":"Snecko","floor":22,"turns":6},{"damage":16,"enemies":"Book of Stabbing","floor":23,"turns":5},{"damage":8,"enemies":"Centurion and Healer","floor":25,"turns":3},{"damage":10,"enemies":"Chosen and Byrds","floor":28,"turns":4},{"damage":4,"enemies":"Snake Plant","floor":30,"turns":3},{"damage":7,"enemies":"Centurion and Healer","floor":31,"turns":6},{"damage":0,"enemies":"Automaton","floor":33,"turns":10},{"damage":9,"enemies":"3 Shapes","floor":35,"turns":4},{"damage":5,"enemies":"3 Darklings","floor":36,"turns":7},{"damage":13,"enemies":"Writhing Mass","floor":37,"turns":7},{"damage":43,"enemies":"Nemesis","floor":41,"turns":5},{"damage":5,"enemies":"Spire Growth","floor":45,"turns":5},{"damage":17,"enemies":"Maw","floor":46,"turns":6}],"seed_played":"-8264218557963610962","potions_obtained":[{"floor":3.0,"key":"SteroidPotion"},{"floor":4.0,"key":"Explosive Potion"},{"floor":11,"key":"Block Potion"},{"floor":12,"key":"PowerPotion"},{"floor":13,"key":"Poison Potion"},{"floor":25,"key":"GamblersBrew"},{"floor":28,"key":"Strength Potion"},{"floor":30,"key":"Ancient Potion"},{"floor":31,"key":"Explosive Potion"},{"floor":37,"key":"PowerPotion"}],"is_trial":false,"path_per_floor":["M","$","M","?","$","R","E","R","T","R","?","E","M","?","R","B",null,"M","$","?","M","M","E","R","M","T","R","M","?","M","M","R","B",null,"M","M","M","?","?","R","E","$","T","$","M","M"],"character_chosen":"DEFECT","items_purchased":["Defragment","Capacitor","PowerPotion","DollysMirror"],"campfire_rested":4,"item_purchase_floors":[2,19,42,44],"current_hp_per_floor":[64,64,64,64,64,64,64,64,64,64,64,55,52,52,52,52,66,60,60,60,48,39,23,44,36,36,57,47,47,43,36,57,57,68,59,54,41,41,41,62,19,19,19,19,14,0],"gold":139,"neow_bonus":"THREE_ENEMY_KILL","is_prod":false,"is_daily":false,"chose_seed":false,"campfire_upgraded":4,"win_rate":0,"timestamp":1556736715,"path_taken":["M","$","M","?","?","R","E","R","T","R","?","E","M","?","R","BOSS","M","$","?","M","M","E","R","M","T","R","M","?","?","M","R","BOSS","M","M","M","?","?","R","E","$","T","$","M","?"],"build_version":"2019-01-23","purchased_purges":2,"victory":false,"max_hp_per_floor":[71,71,71,71,71,71,71,71,71,71,71,71,71,71,71,71,71,71,71,71,71,71,71,71,71,71,71,71,71,71,71,71,71,71,71,71,71,71,71,71,71,71,71,71,71,71],"card_choices":[{"not_picked":["Barrage","Force Field"],"picked":"Streamline","floor":1.0},{"not_picked":["Turbo","Barrage"],"picked":"Chill","floor":3.0},{"not_picked":["BootSequence","FTL"],"picked":"Coolheaded","floor":7},{"not_picked":["Leap","Undo"],"picked":"Doom and Gloom","floor":11},{"not_picked":["Beam Cell","Double Energy","Reprogram"],"picked":"SKIP","floor":12},{"not_picked":["Cold Snap","Stack"],"picked":"Consume","floor":13},{"not_picked":["Hyperbeam","Meteor Strike"],"picked":"Machine Learning","floor":16},{"not_picked":["Barrage","Sweeping Beam"],"picked":"Ball Lightning","floor":18},{"not_picked":["Turbo+1","Stack"],"picked":"Cold Snap","floor":21},{"not_picked":["Turbo","Gash"],"picked":"Capacitor","floor":22},{"not_picked":["Sunder+1","Conserve Battery"],"picked":"Electrodynamics","floor":23},{"not_picked":["Tempest","Auto Shields+1"],"picked":"Coolheaded","floor":25},{"not_picked":["Redo","BootSequence"],"picked":"Coolheaded","floor":28},{"not_picked":["Chaos","Reinforced Body+1"],"picked":"White Noise","floor":30},{"not_picked":["Recycle","Conserve Battery"],"picked":"Force Field","floor":31},{"not_picked":["All For One","Electrodynamics"],"picked":"Echo Form","floor":33},{"not_picked":["Stack","Compile Driver+1"],"picked":"FTL+1","floor":35},{"not_picked":["Gash","Cold Snap"],"picked":"Compile Driver","floor":36},{"not_picked":["Beam Cell","Streamline","Redo+1"],"picked":"SKIP","floor":37},{"not_picked":["Steam","Aggregate"],"picked":"Biased Cognition","floor":41},{"not_picked":["Steam Power","Compile Driver","Doom and Gloom"],"picked":"SKIP","floor":45}],"player_experience":315219,"relics_obtained":[{"floor":7,"key":"Happy Flower"},{"floor":9,"key":"Centennial Puzzle"},{"floor":11,"key":"Odd Mushroom"},{"floor":12,"key":"Orichalcum"},{"floor":23,"key":"Bag of Preparation"},{"floor":26,"key":"Du-Vu Doll"},{"floor":41,"key":"Dream Catcher"}],"event_choices":[{"damage_healed":0.0,"max_hp_gain":0.0,"max_hp_loss":0.0,"gold_gain":0.0,"event_name":"Lab","player_choice":"Got Potions","floor":4.0,"gold_loss":0.0,"damage_taken":0.0},{"damage_healed":0,"gold_gain":0,"player_choice":"Fought Mushrooms","damage_taken":0,"max_hp_gain":0,"max_hp_loss":0,"event_name":"Mushrooms","floor":11,"gold_loss":0},{"cards_removed":["Strike_B"],"damage_healed":0,"gold_gain":0,"player_choice":"Offered Basic","damage_taken":0,"max_hp_gain":0,"max_hp_loss":0,"event_name":"Bonfire Elementals","floor":14,"gold_loss":0},{"damage_healed":0,"gold_gain":0,"player_choice":"Ignored","damage_taken":0,"max_hp_gain":0,"max_hp_loss":0,"event_name":"Ghosts","floor":20,"gold_loss":0},{"damage_healed":0,"gold_gain":0,"player_choice":"Trade","damage_taken":0,"relics_obtained":["NlothsMask"],"max_hp_gain":0,"max_hp_loss":0,"event_name":"FaceTrader","floor":29,"gold_loss":0},{"damage_healed":0,"gold_gain":0,"player_choice":"Ignored","damage_taken":0,"max_hp_gain":0,"max_hp_loss":0,"event_name":"Mysterious Sphere","floor":38,"gold_loss":0},{"cards_removed":["Cold Snap"],"damage_healed":0,"gold_gain":0,"player_choice":"Gave Card","damage_taken":0,"relics_obtained":["Ancient Tea Set"],"max_hp_gain":0,"max_hp_loss":0,"event_name":"WeMeetAgain","floor":39,"gold_loss":0}],"is_beta":false,"boss_relics":[{"not_picked":["Lizard Tail","Calling Bell"],"picked":"Fusion Hammer"},{"not_picked":["Snecko Eye","Tiny House"],"picked":"Astrolabe"}],"items_purged_floors":[2,19],"is_endless":false,"potions_floor_spawned":[3,11,12,13,25,28,30,31,37],"killed_by":"Maw","ascension_level":17}