{"gold_per_floor":[113,63,39,39,50,50,69,82,82,94,94,123,123,137,137,233,233,249,56,56,69,249,249,259,259,259,285,304,304,304,316,316,421,421,441,458,24,35,51,51,64,64,110,110,126,146,146,146,146,146],"floor_reached":51,"playtime":3164,"items_purged":["Strike_B"],"score":696,"play_id":"f46a5ddb-6d86-47e1-90b9-3dc6b568ace1","local_time":"20181012074255","is_ascension_mode":false,"campfire_choices":[{"data":"Zap","floor":6,"key":"SMITH"},{"data":"Defragment","floor":11,"key":"SMITH"},{"data":"Zap","floor":13,"key":"SMITH"},{"data":"Seek","floor":15,"key":"SMITH"},{"data":"Apotheosis","floor":23,"key":"SMITH"},{"floor":25,"key":"REST"},{"floor":30,"key":"REST"},{"floor":32,"key":"REST"},{"floor":40,"key":"REST"},{"floor":42,"key":"REST"},{"data":"Biased Cognition","floor":44,"key":"SMITH"},{"floor":49,"key":"REST"}],"neow_cost":"","seed_source_timestamp":138767166000706,"circlet_count":0,"master_deck":["Defend_B","Defend_B","Defend_B","Zap+1","Dualcast","Coolheaded","Cold Snap","Parasite","Zap+1","Sweeping Beam","Defragment+1","Go for the Eyes","Seek+1","Force Field","Sweeping Beam","All For One","Capacitor+1","Apotheosis+1","Reprogram","Good Instincts","Redo","Lockon+1","Steam","All For One","Streamline","Gash+1","Turbo+1","Compile Driver","Biased Cognition+1","Barrage+1","Coolheaded+1","Consume+1","Core Surge","Gash+1","Compile Driver+1","Core Surge","Sweeping Beam+1","Transmutation","Coolheaded+1"],"relics":["Cracked Core","Centennial Puzzle","Bottled Tornado","Nuclear Battery","Ornamental Fan","Dream Catcher","Lizard Tail","Runic Capacitor","Potion Belt","Orichalcum"],"potions_floor_usage":[24,27,33,50,50,50,50],"damage_taken":[{"damage":0,"enemies":"Jaw Worm","floor":1,"turns":4},{"damage":0,"enemies":"Small Slimes","floor":5,"turns":4},{"damage":1,"enemies":"2 Louse","floor":7,"turns":2},{"damage":8,"enemies":"Red Slaver","floor":8,"turns":3},{"damage":7,"enemies":"Blue Slaver","floor":10,"turns":3},{"damage":5,"enemies":"Lagavulin","floor":12,"turns":6},{"damage":6,"enemies":"Exordium Thugs","floor":14,"turns":3},{"damage":9,"enemies":"Hexaghost","floor":16,"turns":11},{"damage":0,"enemies":"Shell Parasite","floor":18,"turns":5},{"damage":3,"enemies":"Chosen","floor":21,"turns":4},{"damage":15,"enemies":"Centurion and Healer","floor":24,"turns":5},{"damage":4,"enemies":"Gremlin Leader","floor":27,"turns":7},{"damage":4,"enemies":"3 Cultists","floor":28,"turns":3},{"damage":8,"enemies":"Snake Plant","floor":31,"turns":4},{"damage":4,"enemies":"Collector","floor":33,"turns":5},{"damage":0,"enemies":"3 Shapes","floor":35,"turns":3},{"damage":23,"enemies":"Orb Walker","floor":36,"turns":4},{"damage":12,"enemies":"Sphere and 2 Shapes","floor":38,"turns":3},{"damage":11,"enemies":"Maw","floor":39,"turns":5},{"damage":12,"enemies":"4 Shapes","floor":41,"turns":5},{"damage":0,"enemies":"Spire Growth","floor":45,"turns":5},{"damage":9,"enemies":"Transient","floor":46,"turns":5},{"damage":11,"enemies":"Donu and Deca","floor":50,"turns":6}],"seed_played":"-8618395462637560141","potions_obtained":[{"floor":8,"key":"Regen Potion"},{"floor":12,"key":"Ancient Potion"},{"floor":14,"key":"Ancient Potion"},{"floor":16,"key":"Energy Potion"},{"floor":21,"key":"PowerPotion"},{"floor":24,"key":"FocusPotion"},{"floor":27,"key":"Fruit Juice"},{"floor":28,"key":"FearPotion"},{"floor":31,"key":"FocusPotion"},{"floor":36,"key":"AttackPotion"},{"floor":39,"key":"Ancient Potion"},{"floor":41,"key":"FocusPotion"}],"is_trial":false,"path_per_floor":["M","?","$","?","M","R","M","M","T","M","R","E","R","M","R","B",null,"M","$","?","M","?","R","M","R","T","E","M","?","R","M","R","B",null,"M","M","$","M","M","R","M","R","T","R","M","M","?","?","R","B"],"character_chosen":"DEFECT","items_purchased":["Cold Snap","Apotheosis","Runic Capacitor","Potion Belt"],"campfire_rested":6,"item_purchase_floors":[3,19,37,37],"current_hp_per_floor":[75,75,75,75,75,75,74,66,66,59,59,54,54,48,48,39,75,75,75,61,58,26,26,25,49,49,50,46,46,71,63,85,81,85,85,62,62,50,39,64,52,77,77,77,77,68,68,68,85,74],"gold":146,"neow_bonus":"","is_prod":false,"is_daily":false,"chose_seed":false,"campfire_upgraded":6,"win_rate":0,"timestamp":1539355375,"path_taken":["M","?","?","?","M","R","M","?","T","M","R","E","R","M","R","BOSS","M","$","?","M","?","R","M","R","T","E","?","?","R","M","R","BOSS","M","M","$","?","M","R","M","R","T","R","M","M","?","?","R","BOSS"],"build_version":"2018-10-11","purchased_purges":1,"victory":true,"max_hp_per_floor":[75,75,75,75,75,75,75,75,75,75,75,75,75,75,75,75,75,75,75,80,80,80,80,80,80,80,85,85,85,85,85,85,85,85,85,85,85,85,85,85,85,85,85,85,85,85,85,85,85,85],"card_choices":[{"not_picked":["Compile Driver","Chaos"],"picked":"Coolheaded","floor":1},{"not_picked":["Rebound","Tempest"],"picked":"Sweeping Beam","floor":5},{"not_picked":["Coolheaded","Go for the Eyes"],"picked":"Defragment","floor":7},{"not_picked":["Chaos","Blizzard"],"picked":"Go for the Eyes","floor":8},{"not_picked":["Conserve Battery","Loop"],"picked":"Seek","floor":10},{"not_picked":["Aggregate","Reprogram"],"picked":"Force Field","floor":12},{"not_picked":["Darkness","Barrage"],"picked":"Sweeping Beam","floor":14},{"not_picked":["Thunder Strike","Machine Learning"],"picked":"All For One","floor":16},{"not_picked":["Ball Lightning","Reinforced Body"],"picked":"Capacitor+1","floor":18},{"not_picked":["Steam Power","Rebound"],"picked":"Reprogram","floor":21},{"not_picked":["Lockon","Auto Shields"],"picked":"Redo","floor":24},{"not_picked":["Undo","Meteor Strike"],"picked":"Lockon+1","floor":27},{"not_picked":["Barrage","Reprogram"],"picked":"Steam","floor":28},{"not_picked":["Undo","Ball Lightning"],"picked":"Gash+1","floor":30},{"not_picked":["Scrape","Steam Power"],"picked":"Turbo+1","floor":31},{"not_picked":["Streamline","Genetic Algorithm"],"picked":"Compile Driver","floor":32},{"not_picked":["Meteor Strike","Amplify"],"picked":"Biased Cognition","floor":33},{"not_picked":["Hello World+1","Genetic Algorithm"],"picked":"Barrage+1","floor":35},{"not_picked":["Ball Lightning+1","Conserve Battery+1"],"picked":"Coolheaded+1","floor":36},{"not_picked":["Redo","Leap+1"],"picked":"Consume+1","floor":38},{"not_picked":["Stack","Double Energy+1"],"picked":"Core Surge","floor":39},{"not_picked":["Heatsinks+1","Hologram"],"picked":"Gash+1","floor":40},{"not_picked":["Storm","Redo+1"],"picked":"Compile Driver+1","floor":41},{"not_picked":["Steam","Storm"],"picked":"Core Surge","floor":42},{"not_picked":["Barrage","Streamline+1"],"picked":"Sweeping Beam+1","floor":45},{"not_picked":["Streamline","Creative AI","Aggregate"],"picked":"SKIP","floor":46},{"not_picked":["Good Instincts","Purity"],"picked":"Transmutation","floor":48},{"not_picked":["Beam Cell+1","Storm+1"],"picked":"Coolheaded+1","floor":49}],"player_experience":2520829,"relics_obtained":[{"floor":9,"key":"Centennial Puzzle"},{"floor":12,"key":"Bottled Tornado"},{"floor":26,"key":"Ornamental Fan"},{"floor":27,"key":"Dream Catcher"},{"floor":43,"key":"Orichalcum"}],"event_choices":[{"event_name":"The Cleric","player_choice":"Card Removal","floor":2,"damage_taken":0},{"event_name":"Match and Keep!","player_choice":"2 cards matched","floor":4,"damage_taken":0},{"event_name":"Forgotten Altar","player_choice":"Shed Blood","floor":20,"damage_taken":0},{"event_name":"Knowing Skull","player_choice":"CARD GOLD GOLD ","floor":22,"damage_taken":0},{"event_name":"Drug Dealer","player_choice":"Became Test Subject","floor":29,"damage_taken":0},{"event_name":"Falling","player_choice":"Removed Skill","floor":47,"damage_taken":0},{"event_name":"SensoryStone","player_choice":"Memory 1","floor":48,"damage_taken":0}],"is_beta":true,"boss_relics":[{"not_picked":["Orrery","Coffee Dripper"],"picked":"Nuclear Battery"},{"not_picked":["Calling Bell","Pandora\u0027s Box"],"picked":"Lizard Tail"}],"items_purged_floors":[37],"is_endless":false,"potions_floor_spawned":[8,12,14,16,21,24,27,28,31,36,39,41,45],"ascension_level":0}