{"gold_per_floor":[115,115,128,140,140,173,185,185,212,239,259,259,270,299,299,371,371,384,20,20,38,38,38,52,52,52,85,85,99,24,24,24,102,102,116,216,216,216,262,262,288,107,107,126,126,2,2,14,14,14],"floor_reached":51,"playtime":6735,"items_purged":["Normality","Regret"],"score":1277,"play_id":"d0192ad9-d252-4b3d-928a-dd53ddbde0a1","local_time":"20190823235441","is_ascension_mode":true,"campfire_choices":[{"data":"Dagger Spray","floor":8.0,"key":"SMITH"},{"data":"Neutralize","floor":12.0,"key":"SMITH"},{"floor":15.0,"key":"REST"},{"data":"Glass Knife","floor":23.0,"key":"SMITH"},{"data":"Footwork","floor":25.0,"key":"SMITH"},{"floor":28.0,"key":"REST"},{"data":"Wraith Form v2","floor":32.0,"key":"SMITH"},{"data":"Dodge and Roll","floor":40,"key":"SMITH"},{"floor":45,"key":"REST"},{"floor":49,"key":"REST"}],"neow_cost":"NONE","seed_source_timestamp":136425934252700,"circlet_count":0,"master_deck":["AscendersBane","Survivor","Neutralize+1","Infinite Blades","Poisoned Stab","Dagger Spray+1","Deadly Poison","Well Laid Plans","Crippling Poison","Backflip","Cloak And Dagger","Venomology","Glass Knife+1","Dagger Throw","Leg Sweep","Flechettes","Corpse Explosion","Slice","Heel Hook","Unload","Dodge and Roll+1","Footwork+1","Night Terror","Finisher+1","Bouncing Flask","Wraith Form v2+1","Venomology","Parasite","Leg Sweep+1","After Image+1","Well Laid Plans+1","Backflip","PiercingWail"],"special_seed":0,"relics":["Ring of the Snake","NeowsBlessing","WarpedTongs","Bag of Marbles","Strawberry","Happy Flower","Paper Crane","Pandora\u0027s Box","Mummified Hand","Potion Belt","Darkstone Periapt","Centennial Puzzle","Calling Bell","Bag of Preparation","Meat on the Bone","Unceasing Top","Mango","Prayer Wheel","Frozen Egg 2","Ninja Scroll"],"potions_floor_usage":[36,41,41,42,44,47,50,50,50,50,50,50,50],"damage_taken":[{"damage":0.0,"enemies":"Small Slimes","floor":1.0,"turns":1.0},{"damage":0.0,"enemies":"Cultist","floor":3.0,"turns":1.0},{"damage":0.0,"enemies":"2 Louse","floor":4.0,"turns":1.0},{"damage":6.0,"enemies":"Gremlin Nob","floor":6.0,"turns":4.0},{"damage":6.0,"enemies":"Looter","floor":7.0,"turns":3.0},{"damage":2.0,"enemies":"3 Sentries","floor":10.0,"turns":5.0},{"damage":12.0,"enemies":"3 Louse","floor":11.0,"turns":4.0},{"damage":8.0,"enemies":"Exordium Wildlife","floor":13.0,"turns":3.0},{"damage":6.0,"enemies":"Lagavulin","floor":14.0,"turns":7.0},{"damage":24.0,"enemies":"The Guardian","floor":16.0,"turns":12.0},{"damage":13.0,"enemies":"Chosen","floor":18.0,"turns":7.0},{"damage":16.0,"enemies":"Spheric Guardian","floor":21.0,"turns":4.0},{"damage":13.0,"enemies":"Centurion and Healer","floor":24.0,"turns":6.0},{"damage":11.0,"enemies":"Book of Stabbing","floor":27.0,"turns":6.0},{"damage":4.0,"enemies":"Chosen and Byrds","floor":29.0,"turns":5.0},{"damage":25.0,"enemies":"Automaton","floor":33.0,"turns":10.0},{"damage":0,"enemies":"3 Shapes","floor":35,"turns":3},{"damage":21,"enemies":"Mind Bloom Boss Battle","floor":36,"turns":9},{"damage":20,"enemies":"2 Orb Walkers","floor":39,"turns":3},{"damage":34,"enemies":"Reptomancer","floor":41,"turns":8},{"damage":18,"enemies":"Orb Walker","floor":44,"turns":3},{"damage":0,"enemies":"Maw","floor":47,"turns":2},{"damage":0,"enemies":"3 Darklings","floor":48,"turns":4},{"damage":61,"enemies":"Time Eater","floor":50,"turns":13}],"seed_played":"6116513089320204195","potions_obtained":[{"floor":3.0,"key":"Block Potion"},{"floor":4.0,"key":"FearPotion"},{"floor":7.0,"key":"Fire Potion"},{"floor":16.0,"key":"SmokeBomb"},{"floor":21.0,"key":"PowerPotion"},{"floor":24.0,"key":"Weak Potion"},{"floor":33.0,"key":"Fire Potion"},{"floor":48,"key":"FearPotion"}],"is_trial":false,"path_per_floor":["M","?","M","M","?","E","M","R","T","E","M","R","M","E","R","B",null,"M","$","?","M","?","R","M","R","T","E","R","M","?","?","R","B",null,"M","?","?","?","?","R","E","$","T","M","R","$","M","M","R","B",null],"character_chosen":"THE_SILENT","items_purchased":["Mummified Hand","Regen Potion","Fruit Juice","Backflip"],"campfire_rested":4,"item_purchase_floors":[19,19,42,46],"current_hp_per_floor":[59,59,59,59,59,53,47,47,54,52,40,40,32,26,47,38,64,51,51,51,35,35,35,37,37,37,26,47,43,43,43,43,18,77,77,70,70,70,62,62,40,45,45,39,70,70,70,70,101,55],"gold":14,"neow_bonus":"THREE_ENEMY_KILL","is_prod":false,"is_daily":false,"chose_seed":false,"campfire_upgraded":6,"win_rate":0,"timestamp":1566629681,"path_taken":["M","?","M","?","?","E","?","R","T","E","M","R","M","E","R","BOSS","M","$","?","M","?","R","M","R","T","E","R","M","?","?","R","BOSS","M","?","?","?","?","R","E","$","T","M","R","?","?","M","R","BOSS"],"build_version":"2019-07-17","purchased_purges":2,"victory":true,"max_hp_per_floor":[66,66,66,66,66,66,66,66,73,73,73,73,73,73,73,73,73,73,73,73,73,73,73,73,73,73,73,73,73,73,73,73,73,91,91,105,100,100,100,100,100,105,105,105,105,105,105,105,105,105],"card_choices":[{"not_picked":["Quick Slash","Riddle With Holes"],"picked":"Infinite Blades","floor":1.0},{"not_picked":["Leg Sweep","Bane","Poisoned Stab"],"picked":"SKIP","floor":3.0},{"not_picked":["Leg Sweep","Bane"],"picked":"Poisoned Stab","floor":3.0},{"not_picked":["Quick Slash","Dodge and Roll"],"picked":"Dagger Spray","floor":4.0},{"not_picked":["Crippling Poison","Prepared"],"picked":"Deadly Poison","floor":6.0},{"not_picked":["Setup","Reflex"],"picked":"Well Laid Plans","floor":7.0},{"not_picked":["Underhanded Strike","Distraction"],"picked":"Crippling Poison","floor":10.0},{"not_picked":["Underhanded Strike","Outmaneuver"],"picked":"Backflip","floor":11.0},{"not_picked":["Acrobatics","Infinite Blades"],"picked":"Cloak And Dagger","floor":13.0},{"not_picked":["Quick Slash","Dagger Throw"],"picked":"Venomology","floor":14.0},{"not_picked":["Night Terror","Adrenaline"],"picked":"Glass Knife","floor":16.0},{"not_picked":["Choke","Dagger Throw","Prepared"],"picked":"SKIP","floor":18.0},{"not_picked":["Slice","Dagger Throw+1"],"picked":"Finisher+1","floor":21.0},{"not_picked":["Outmaneuver","Skewer"],"picked":"Bouncing Flask","floor":24.0},{"not_picked":["Slice","Quick Slash+1","Deadly Poison"],"picked":"SKIP","floor":27.0},{"not_picked":["Skewer","Accuracy","Deadly Poison"],"picked":"SKIP","floor":29.0},{"not_picked":["Doppelganger","Storm of Steel"],"picked":"Venomology","floor":33.0},{"not_picked":["Finisher","Dagger Spray+1","Outmaneuver"],"picked":"SKIP","floor":35},{"not_picked":["Distraction","Expertise"],"picked":"Leg Sweep+1","floor":39},{"not_picked":["Cloak And Dagger+1","Riddle With Holes+1","Underhanded Strike"],"picked":"SKIP","floor":41},{"not_picked":["Dagger Spray","Quick Slash+1"],"picked":"After Image+1","floor":44},{"not_picked":["PiercingWail","Poisoned Stab"],"picked":"Well Laid Plans+1","floor":44},{"not_picked":["Predator","Backflip+1"],"picked":"PiercingWail","floor":48},{"not_picked":["Blade Dance","Sucker Punch","Cloak And Dagger"],"picked":"SKIP","floor":48}],"player_experience":655004,"relics_obtained":[{"floor":6.0,"key":"Bag of Marbles"},{"floor":9.0,"key":"Strawberry"},{"floor":10.0,"key":"Happy Flower"},{"floor":14.0,"key":"Paper Crane"},{"floor":26.0,"key":"Darkstone Periapt"},{"floor":27.0,"key":"Centennial Puzzle"},{"floor":34.0,"key":"Bag of Preparation"},{"floor":34.0,"key":"Meat on the Bone"},{"floor":34.0,"key":"Unceasing Top"},{"floor":36,"key":"Mango"},{"floor":39,"key":"Prayer Wheel"},{"floor":41,"key":"Frozen Egg 2"},{"floor":43,"key":"Ninja Scroll"}],"event_choices":[{"damage_healed":0.0,"max_hp_gain":0.0,"max_hp_loss":0.0,"gold_gain":0.0,"event_name":"Accursed Blacksmith","player_choice":"Rummage","floor":2.0,"gold_loss":0.0,"damage_taken":0.0,"relics_obtained":["WarpedTongs"],"cards_obtained":["Pain"]},{"cards_removed":["Pain"],"damage_healed":0.0,"max_hp_gain":0.0,"max_hp_loss":0.0,"gold_gain":0.0,"event_name":"Fountain of Cleansing","player_choice":"Removed Curses","floor":5.0,"gold_loss":0.0,"damage_taken":0.0},{"damage_healed":0.0,"max_hp_gain":0.0,"max_hp_loss":0.0,"gold_gain":0.0,"event_name":"The Mausoleum","player_choice":"Opened","floor":20.0,"gold_loss":0.0,"damage_taken":0.0,"relics_obtained":["Potion Belt"],"cards_obtained":["Writhe"]},{"damage_healed":0.0,"max_hp_gain":0.0,"max_hp_loss":0.0,"gold_gain":0.0,"event_name":"Vampires","player_choice":"Ignored","floor":22.0,"gold_loss":0.0,"damage_taken":0.0},{"cards_removed":["Writhe"],"damage_healed":0.0,"max_hp_gain":0.0,"max_hp_loss":0.0,"gold_gain":0.0,"event_name":"Beggar","player_choice":"Gave Gold","floor":30.0,"gold_loss":75.0,"damage_taken":0.0},{"damage_healed":0.0,"max_hp_gain":0.0,"max_hp_loss":0.0,"gold_gain":0.0,"event_name":"The Library","player_choice":"Read","floor":31.0,"gold_loss":0.0,"damage_taken":0.0,"cards_obtained":["Wraith Form v2"]},{"damage_healed":0,"gold_gain":0,"player_choice":"Fight","damage_taken":0,"max_hp_gain":0,"max_hp_loss":0,"event_name":"MindBloom","floor":36,"gold_loss":0},{"damage_healed":0,"gold_gain":0,"player_choice":"Max HP","damage_taken":0,"max_hp_gain":0,"max_hp_loss":5,"event_name":"Winding Halls","floor":37,"gold_loss":0},{"damage_healed":0,"gold_gain":0,"player_choice":"Ignored","damage_taken":0,"max_hp_gain":0,"max_hp_loss":0,"event_name":"Tomb of Lord Red Mask","floor":38,"gold_loss":0},{"damage_healed":0,"gold_gain":0,"player_choice":"Fight","damage_taken":0,"max_hp_gain":0,"max_hp_loss":0,"event_name":"Mysterious Sphere","floor":39,"gold_loss":0}],"is_beta":false,"boss_relics":[{"not_picked":["Eternal Feather","Philosopher\u0027s Stone"],"picked":"Pandora\u0027s Box"},{"not_picked":["Black Star","WristBlade"],"picked":"Calling Bell"}],"items_purged_floors":[42,46],"is_endless":false,"potions_floor_spawned":[3,4,7,16,21,24,33,36,39,47,48],"ascension_level":17}