{"gold_per_floor":[18,31,31,46,66,94,94,104,127,127,180,180,195,139,139,216,216,231,244,148,159,71,71,71,83,109,183,183,16,36,47,47,126,126,139,152,152,167,181,181,194,221,521,521,69,69,69,79,79,79,79,79,79,29,29],"floor_reached":55,"playtime":4360,"items_purged":["Defend_B","Defend_B"],"score":1952,"play_id":"8d5d437f-e7f5-4705-8474-ea81020809b6","local_time":"20190105021132","is_ascension_mode":true,"campfire_choices":[{"floor":7.0,"key":"REST"},{"data":"Buffer","floor":10.0,"key":"SMITH"},{"floor":15.0,"key":"REST"},{"data":"Defragment","floor":23.0,"key":"SMITH"},{"data":"Biased Cognition","floor":28,"key":"SMITH"},{"floor":32,"key":"REST"},{"floor":40,"key":"REST"},{"floor":44,"key":"RECALL"},{"data":"Loop","floor":47,"key":"SMITH"},{"floor":49,"key":"REST"},{"data":"Force Field","floor":53,"key":"SMITH"}],"neow_cost":"NO_GOLD","seed_source_timestamp":1116047348943091,"circlet_count":0,"master_deck":["AscendersBane","Defend_B","Defend_B","Zap","Dualcast","Core Surge","Beam Cell","Capacitor","Sweeping Beam","Gash","Buffer+1","Cold Snap","Barrage","Cold Snap","Biased Cognition+1","Defragment+1","Beam Cell+1","Dark Shackles","Loop+1","Skim+1","Echo Form","Cold Snap+1","Fission+1","Reinforced Body+1","Turbo+1","Dark Shackles","Violence","Panacea","Stack+1","Force Field+1","Skim+1","Leap+1"],"special_seed":0,"relics":["Cracked Core","Art of War","Runic Dome","DataDisk","Letter Opener","Bronze Scales","Astrolabe","Smiling Mask","Old Coin","Nunchaku"],"potions_floor_usage":[25,33,36,41,42,48,50],"damage_taken":[{"damage":3.0,"enemies":"2 Louse","floor":1.0,"turns":3.0},{"damage":0.0,"enemies":"Small Slimes","floor":2.0,"turns":2.0},{"damage":0.0,"enemies":"Cultist","floor":4.0,"turns":3.0},{"damage":8.0,"enemies":"Red Slaver","floor":5.0,"turns":3.0},{"damage":41.0,"enemies":"Lagavulin","floor":6.0,"turns":6.0},{"damage":4.0,"enemies":"2 Fungi Beasts","floor":8.0,"turns":3.0},{"damage":2.0,"enemies":"Blue Slaver","floor":13.0,"turns":4.0},{"damage":0.0,"enemies":"Slime Boss","floor":16.0,"turns":9.0},{"damage":0.0,"enemies":"Chosen","floor":18.0,"turns":4.0},{"damage":0.0,"enemies":"Spheric Guardian","floor":19.0,"turns":4.0},{"damage":5.0,"enemies":"Centurion and Healer","floor":21.0,"turns":7.0},{"damage":0,"enemies":"3 Cultists","floor":25,"turns":5},{"damage":32,"enemies":"Snake Plant","floor":30,"turns":5},{"damage":0,"enemies":"Centurion and Healer","floor":31,"turns":6},{"damage":1,"enemies":"Automaton","floor":33,"turns":10},{"damage":1,"enemies":"3 Darklings","floor":35,"turns":10},{"damage":0,"enemies":"Orb Walker","floor":36,"turns":3},{"damage":35,"enemies":"3 Darklings","floor":38,"turns":5},{"damage":0,"enemies":"Maw","floor":39,"turns":7},{"damage":6,"enemies":"Transient","floor":41,"turns":6},{"damage":0,"enemies":"Giant Head","floor":42,"turns":8},{"damage":0,"enemies":"4 Shapes","floor":48,"turns":6},{"damage":0,"enemies":"Time Eater","floor":50,"turns":15},{"damage":24,"enemies":"Donu and Deca","floor":51,"turns":22},{"damage":75,"enemies":"Shield and Spear","floor":55,"turns":3}],"seed_played":"-4157017439705097660","potions_obtained":[{"floor":1.0,"key":"Energy Potion"},{"floor":2.0,"key":"Explosive Potion"},{"floor":8.0,"key":"PowerPotion"},{"floor":16.0,"key":"Strength Potion"},{"floor":30,"key":"Swift Potion"},{"floor":35,"key":"GamblersBrew"},{"floor":39,"key":"SteroidPotion"},{"floor":41,"key":"Weak Potion"}],"is_trial":false,"path_per_floor":["M","M","?","M","M","E","R","M","T","R","?","?","M","$","R","B",null,"M","M","$","M","$","R","?","M","T","T","R","$","M","M","R","B",null,"M","M","?","M","M","R","M","E","T","R","$","?","R","M","R","B","B",null,"R","$","E"],"character_chosen":"DEFECT","items_purchased":["Cold Snap","Dark Shackles","Loop","Bronze Scales","Nunchaku","Regen Potion"],"campfire_rested":5,"item_purchase_floors":[14,20,22,29,45,45],"current_hp_per_floor":[61,61,61,61,53,12,33,29,29,29,29,29,27,27,48,48,65,65,65,65,60,60,60,40,40,40,40,40,40,8,8,30,29,64,63,63,53,18,18,40,34,34,34,34,34,34,34,49,71,71,47,69,69,69,0],"gold":29,"neow_bonus":"THREE_RARE_CARDS","is_prod":false,"is_daily":false,"chose_seed":false,"campfire_upgraded":5,"win_rate":0,"timestamp":1546683092,"path_taken":["M","M","?","M","M","E","R","M","T","R","?","?","?","$","R","BOSS","M","M","$","M","?","R","?","M","T","?","R","?","M","?","R","BOSS","M","M","?","M","M","R","M","E","T","R","$","?","R","M","R","BOSS","BOSS","R","$","E"],"build_version":"2019-01-03v4","purchased_purges":2,"victory":false,"max_hp_per_floor":[71,71,71,71,71,71,71,71,71,71,71,71,71,71,71,71,71,71,71,71,71,71,71,76,76,76,76,76,76,76,76,76,76,76,76,76,76,76,76,76,76,76,76,76,76,76,76,76,76,76,76,76,76,76,76],"card_choices":[{"not_picked":["Meteor Strike","Rainbow"],"picked":"Core Surge","floor":0.0},{"not_picked":["Double Energy","Barrage"],"picked":"Beam Cell","floor":1.0},{"not_picked":["Redo","Steam"],"picked":"Capacitor","floor":2.0},{"not_picked":["Recycle","White Noise"],"picked":"Sweeping Beam","floor":4.0},{"not_picked":["Barrage","Force Field"],"picked":"Gash","floor":5.0},{"not_picked":["Blizzard","Meteor Strike"],"picked":"Buffer","floor":6.0},{"not_picked":["Tempest","Compile Driver"],"picked":"Cold Snap","floor":8.0},{"not_picked":["Static Discharge","Turbo"],"picked":"Barrage","floor":13.0},{"not_picked":["Fission","Amplify"],"picked":"Biased Cognition","floor":16.0},{"not_picked":["Self Repair+1","FTL"],"picked":"Defragment","floor":18.0},{"not_picked":["Gash","Go for the Eyes"],"picked":"Beam Cell+1","floor":19.0},{"not_picked":["Steam","Stack","Ball Lightning"],"picked":"SKIP","floor":21.0},{"not_picked":["Auto Shields","Hologram"],"picked":"Skim+1","floor":25},{"not_picked":["Steam","Fusion","Sweeping Beam"],"picked":"SKIP","floor":30},{"not_picked":["Melter","Steam","Ball Lightning"],"picked":"SKIP","floor":31},{"not_picked":["Fission","Thunder Strike"],"picked":"Echo Form","floor":33},{"not_picked":["Ball Lightning","Compile Driver","Leap"],"picked":"SKIP","floor":35},{"not_picked":["Hologram","Compile Driver"],"picked":"Turbo+1","floor":36},{"not_picked":["Finesse","Chrysalis"],"picked":"Dark Shackles","floor":37},{"not_picked":["PanicButton","Mind Blast"],"picked":"Violence","floor":37},{"not_picked":["Magnetism","Forethought"],"picked":"Panacea","floor":37},{"not_picked":["Rip and Tear","Coolheaded"],"picked":"Stack+1","floor":38},{"not_picked":["FTL","Self Repair","Leap"],"picked":"SKIP","floor":39},{"not_picked":["Rip and Tear+1","Sweeping Beam+1"],"picked":"Force Field","floor":41},{"not_picked":["Compile Driver","Steam"],"picked":"Skim+1","floor":42},{"not_picked":["Streamline","Heatsinks+1"],"picked":"Leap+1","floor":48}],"player_experience":2713826,"relics_obtained":[{"floor":6.0,"key":"Art of War"},{"floor":26,"key":"DataDisk"},{"floor":27,"key":"Letter Opener"},{"floor":42,"key":"Smiling Mask"},{"floor":43,"key":"Old Coin"}],"event_choices":[{"damage_healed":0.0,"max_hp_gain":0.0,"max_hp_loss":0.0,"gold_gain":0.0,"event_name":"Liars Game","player_choice":"Ignored","floor":3.0,"gold_loss":0.0,"damage_taken":0.0},{"damage_healed":0.0,"max_hp_gain":0.0,"max_hp_loss":0.0,"gold_gain":53.0,"event_name":"Golden Wing","player_choice":"Gained Gold","floor":11.0,"gold_loss":0.0,"damage_taken":0.0},{"cards_removed":["Strike_B"],"damage_healed":0.0,"max_hp_gain":0.0,"max_hp_loss":0.0,"gold_gain":0.0,"event_name":"Purifier","player_choice":"Purged","floor":12.0,"gold_loss":0.0,"damage_taken":0.0},{"damage_healed":0.0,"max_hp_gain":5.0,"max_hp_loss":0.0,"gold_gain":0.0,"event_name":"Forgotten Altar","player_choice":"Shed Blood","floor":24.0,"gold_loss":0.0,"damage_taken":25.0},{"damage_healed":0,"gold_gain":0,"player_choice":"Memory 3","damage_taken":10,"max_hp_gain":0,"max_hp_loss":0,"event_name":"SensoryStone","floor":37,"gold_loss":0},{"damage_healed":0,"gold_gain":0,"player_choice":"Ignored","damage_taken":0,"max_hp_gain":0,"max_hp_loss":0,"event_name":"SecretPortal","floor":46,"gold_loss":0}],"is_beta":true,"boss_relics":[{"not_picked":["Snecko Eye","Runic Pyramid"],"picked":"Runic Dome"},{"not_picked":["Orrery","Calling Bell"],"picked":"Astrolabe"}],"items_purged_floors":[45,54],"is_endless":false,"potions_floor_spawned":[1,2,8,13,16,19,21,30,35,39,41],"killed_by":"Shield and Spear","ascension_level":20}