{"gold_per_floor":[213,213,228,84,104,104,134,145,168,118,146,161,161,179,179,274,274,285,162,175,175,191,191,113,113,113,138,149,167,92,42,42,145,145,157,157],"floor_reached":36,"playtime":2321,"items_purged":["Strike_B","Defend_B"],"score":453,"play_id":"be48a700-f49a-4da0-a062-49de40633647","local_time":"20190818020649","is_ascension_mode":true,"campfire_choices":[{"data":"Lockon","floor":6,"key":"SMITH"},{"floor":13,"key":"REST"},{"data":"Creative AI","floor":15,"key":"SMITH"},{"data":"Zap","floor":23,"key":"SMITH"},{"data":"Recycle","floor":25,"key":"SMITH"},{"floor":32,"key":"REST"}],"neow_cost":"NONE","seed_source_timestamp":54239023373944,"circlet_count":0,"master_deck":["Defend_B","Zap+1","Dualcast","Coolheaded","Conserve Battery","Lockon+1","Darkness","Creative AI+1","Genetic Algorithm","Defragment","Amplify","Steam+1","Coolheaded+1","Reinforced Body+1","Conserve Battery","Fusion+1","Recycle+1","Fission"],"relics":["Cracked Core","Pen Nib","Ancient Tea Set","DataDisk","Astrolabe","Sundial","Nunchaku","Nuclear Battery"],"potions_floor_usage":[7,12,12,18,22,27,27,33,35],"damage_taken":[{"damage":8,"enemies":"2 Louse","floor":1,"turns":2},{"damage":4,"enemies":"Cultist","floor":3,"turns":3},{"damage":4,"enemies":"Small Slimes","floor":5,"turns":5},{"damage":12,"enemies":"Gremlin Nob","floor":7,"turns":4},{"damage":0,"enemies":"Exordium Wildlife","floor":8,"turns":3},{"damage":3,"enemies":"Lagavulin","floor":11,"turns":6},{"damage":23,"enemies":"Gremlin Gang","floor":12,"turns":5},{"damage":7,"enemies":"3 Louse","floor":14,"turns":3},{"damage":13,"enemies":"Slime Boss","floor":16,"turns":6},{"damage":0,"enemies":"Spheric Guardian","floor":18,"turns":8},{"damage":0,"enemies":"Chosen","floor":20,"turns":4},{"damage":17,"enemies":"Centurion and Healer","floor":22,"turns":11},{"damage":18,"enemies":"Gremlin Leader","floor":27,"turns":7},{"damage":15,"enemies":"Snake Plant","floor":28,"turns":5},{"damage":5,"enemies":"Snecko","floor":29,"turns":4},{"damage":1,"enemies":"Collector","floor":33,"turns":11},{"damage":30,"enemies":"3 Shapes","floor":35,"turns":6},{"damage":47,"enemies":"3 Darklings","floor":36,"turns":3}],"seed_played":"8398430179086535399","potions_obtained":[{"floor":1,"key":"Block Potion"},{"floor":5,"key":"SpeedPotion"},{"floor":7,"key":"FocusPotion"},{"floor":8,"key":"EssenceOfSteel"},{"floor":12,"key":"Poison Potion"},{"floor":16,"key":"Block Potion"},{"floor":20,"key":"Explosive Potion"},{"floor":27,"key":"Poison Potion"},{"floor":28,"key":"Fire Potion"},{"floor":29,"key":"SpeedPotion"},{"floor":33,"key":"LiquidBronze"}],"is_trial":false,"path_per_floor":["M","?","M","$","M","R","E","M","T","?","E","M","R","M","R","B",null,"M","$","M","?","M","R","$","R","T","E","M","M","?","?","R","B",null,"M","M"],"character_chosen":"DEFECT","items_purchased":["Lockon","Conserve Battery","Recycle"],"campfire_rested":2,"item_purchase_floors":[4,19,24],"current_hp_per_floor":[67,67,63,63,59,59,47,47,47,47,44,21,43,36,36,23,75,75,75,75,75,58,58,58,58,58,40,25,20,20,20,42,41,75,45,0],"gold":157,"neow_bonus":"HUNDRED_GOLD","is_prod":false,"is_daily":false,"chose_seed":false,"campfire_upgraded":4,"win_rate":0,"timestamp":1566061609,"path_taken":["M","?","?","$","M","R","E","M","T","?","E","M","R","M","R","BOSS","M","$","M","?","M","R","$","R","T","E","?","M","?","?","R","BOSS","M","?"],"build_version":"2019-07-17","purchased_purges":2,"victory":false,"max_hp_per_floor":[75,75,75,75,75,75,75,75,75,75,75,75,75,75,75,75,75,75,75,75,75,75,75,75,75,75,75,75,75,75,75,75,75,75,75,75],"card_choices":[{"not_picked":["Stack","Self Repair"],"picked":"Coolheaded","floor":1},{"not_picked":["Stack","Compile Driver"],"picked":"Conserve Battery","floor":3},{"not_picked":["Capacitor","Double Energy"],"picked":"Darkness","floor":5},{"not_picked":["Sweeping Beam","Redo"],"picked":"Defragment","floor":7},{"not_picked":["BootSequence","Hologram"],"picked":"Creative AI","floor":8},{"not_picked":["Stack","Ball Lightning","Compile Driver"],"picked":"SKIP","floor":11},{"not_picked":["Double Energy","Beam Cell"],"picked":"Genetic Algorithm","floor":12},{"not_picked":["Turbo","Compile Driver"],"picked":"Defragment","floor":14},{"not_picked":["Electrodynamics","Reboot"],"picked":"Amplify","floor":16},{"not_picked":["Reinforced Body","Stack","Scrape"],"picked":"SKIP","floor":18},{"not_picked":["Leap","Static Discharge+1"],"picked":"Fusion","floor":20},{"not_picked":["Gash+1","Beam Cell+1","Redo"],"picked":"SKIP","floor":22},{"not_picked":["Streamline","Genetic Algorithm","Aggregate"],"picked":"SKIP","floor":27},{"not_picked":["Ball Lightning+1","Beam Cell+1","Streamline"],"picked":"SKIP","floor":28},{"not_picked":["Sunder","Heatsinks","Rebound"],"picked":"SKIP","floor":29},{"not_picked":["Creative AI","Seek"],"picked":"Fission","floor":33},{"not_picked":["Lockon","FTL+1","Rip and Tear+1"],"picked":"SKIP","floor":35}],"player_experience":162248,"relics_obtained":[{"floor":7,"key":"Pen Nib"},{"floor":9,"key":"Ancient Tea Set"},{"floor":11,"key":"DataDisk"},{"floor":26,"key":"Sundial"},{"floor":27,"key":"Nunchaku"}],"event_choices":[{"cards_removed":["Strike_B"],"damage_healed":0,"gold_gain":0,"player_choice":"Offered Basic","damage_taken":0,"max_hp_gain":0,"max_hp_loss":0,"event_name":"Bonfire Elementals","floor":2,"gold_loss":0},{"cards_removed":["Strike_B"],"damage_healed":0,"gold_gain":0,"player_choice":"Card Removal","damage_taken":0,"max_hp_gain":0,"max_hp_loss":0,"event_name":"The Cleric","floor":10,"gold_loss":50},{"damage_healed":0,"gold_gain":0,"player_choice":"Upgraded","damage_taken":0,"max_hp_gain":0,"max_hp_loss":0,"event_name":"Upgrade Shrine","floor":21,"gold_loss":0,"cards_upgraded":["Fusion"]},{"cards_removed":["Defragment"],"damage_healed":0,"gold_gain":0,"player_choice":"Gave Gold","damage_taken":0,"max_hp_gain":0,"max_hp_loss":0,"event_name":"Beggar","floor":30,"gold_loss":75},{"damage_healed":0,"gold_gain":0,"player_choice":"Bet on Murderer","damage_taken":0,"max_hp_gain":0,"max_hp_loss":0,"event_name":"The Joust","floor":31,"gold_loss":50}],"is_beta":false,"boss_relics":[{"not_picked":["Busted Crown","Runic Dome"],"picked":"Astrolabe"},{"not_picked":["Black Star","Sozu"],"picked":"Nuclear Battery"}],"items_purged_floors":[4,19],"is_endless":false,"potions_floor_spawned":[1,5,7,8,12,16,20,27,28,29,33],"killed_by":"3 Darklings","ascension_level":3}