{"gold_per_floor":[118,193,212,59,77,77,112,112,112,144,164,164,43,58,58,187,250,263,263,263,284,309,340,363,403,415,441,82,7,7,27,27,146,146,170,193,0,0,13,13,60,79,79,79],"floor_reached":44,"playtime":2691,"items_purged":["Strike_B","Strike_B","Defend_B"],"score":575,"play_id":"161064f5-5931-4321-b441-3125c3094cb3","local_time":"20190822223759","is_ascension_mode":true,"campfire_choices":[{"data":"Zap","floor":6,"key":"SMITH"},{"data":"Go for the Eyes","floor":8,"key":"SMITH"},{"floor":15,"key":"REST"},{"floor":30,"key":"REST"},{"floor":32,"key":"REST"},{"data":"Defragment","floor":40,"key":"SMITH"}],"neow_cost":"NONE","seed_source_timestamp":12248009038715,"circlet_count":0,"master_deck":["Defend_B","Defend_B","Zap+1","Dualcast","Go for the Eyes+1","Darkness","Gash","Coolheaded","FTL","Streamline","Steam+1","Defragment+1","Coolheaded+1","Glacier+1","Gash","Electrodynamics","Stack+1","Beam Cell","Steam Power+1","Defragment","Capacitor","Conserve Battery+1","Barrage+1","Coolheaded+1","Redo+1","Turbo+1","Skim+1","Leap+1","Loop","Machine Learning","Static Discharge","Glacier+1","Chrysalis+1","Panache","Thinking Ahead+1","Defragment","Stack+1"],"relics":["Cracked Core","Blood Vial","Calipers","Toxic Egg 2","Smiling Mask","Golden Idol","Tiny House","Dream Catcher","Bag of Preparation","MawBank","Sundial","Bronze Scales","Eternal Feather","DataDisk","Vajra","The Courier"],"potions_floor_usage":[10,16,25,27,33,39,42],"damage_taken":[{"damage":2,"enemies":"2 Louse","floor":1,"turns":2},{"damage":0,"enemies":"Jaw Worm","floor":3,"turns":3},{"damage":0,"enemies":"Small Slimes","floor":5,"turns":3},{"damage":18,"enemies":"Gremlin Nob","floor":7,"turns":4},{"damage":31,"enemies":"3 Sentries","floor":10,"turns":10},{"damage":15,"enemies":"2 Fungi Beasts","floor":11,"turns":4},{"damage":2,"enemies":"Exordium Thugs","floor":14,"turns":5},{"damage":21,"enemies":"The Guardian","floor":16,"turns":13},{"damage":4,"enemies":"Spheric Guardian","floor":18,"turns":5},{"damage":17,"enemies":"2 Thieves","floor":21,"turns":3},{"damage":10,"enemies":"Book of Stabbing","floor":23,"turns":8},{"damage":15,"enemies":"Snake Plant","floor":24,"turns":4},{"damage":18,"enemies":"Gremlin Leader","floor":25,"turns":6},{"damage":12,"enemies":"3 Cultists","floor":27,"turns":4},{"damage":0,"enemies":"Centurion and Healer","floor":31,"turns":6},{"damage":49,"enemies":"Collector","floor":33,"turns":12},{"damage":11,"enemies":"Orb Walker","floor":35,"turns":5},{"damage":30,"enemies":"3 Darklings","floor":36,"turns":7},{"damage":5,"enemies":"Maw","floor":39,"turns":10},{"damage":48,"enemies":"Transient","floor":42,"turns":5},{"damage":22,"enemies":"3 Darklings","floor":44,"turns":2}],"seed_played":"2122825803545962514","potions_obtained":[{"floor":7,"key":"EssenceOfSteel"},{"floor":11,"key":"Block Potion"},{"floor":14,"key":"AttackPotion"},{"floor":16,"key":"Ancient Potion"},{"floor":17,"key":"FearPotion"},{"floor":25,"key":"SpeedPotion"},{"floor":27,"key":"Strength Potion"},{"floor":36,"key":"Regen Potion"},{"floor":39,"key":"SkillPotion"},{"floor":42,"key":"Strength Potion"}],"is_trial":false,"path_per_floor":["M","?","M","$","M","R","E","R","T","E","M","?","$","M","R","B",null,"M","?","?","M","T","E","M","E","T","M","$","?","R","M","R","B",null,"M","M","$","?","M","R","T","M","T","M"],"character_chosen":"DEFECT","items_purchased":["Gash","Coolheaded","FTL","Glacier+1","Bronze Scales","Skim+1","SkillPotion","Leap+1","DataDisk"],"campfire_rested":3,"item_purchase_floors":[4,4,4,13,28,28,28,28,37],"current_hp_per_floor":[73,62,64,64,66,66,50,50,50,21,8,8,8,8,28,9,74,70,70,70,55,55,47,34,18,18,8,8,8,30,32,54,7,74,63,35,35,25,37,58,58,12,12,0],"gold":79,"neow_bonus":"RANDOM_COMMON_RELIC","is_prod":false,"is_daily":false,"chose_seed":false,"campfire_upgraded":3,"win_rate":0,"timestamp":1566481079,"path_taken":["M","?","M","$","M","R","E","R","T","E","M","?","$","M","R","BOSS","M","?","?","?","?","E","M","E","T","M","$","?","R","M","R","BOSS","M","M","$","?","M","R","?","M","T","?"],"build_version":"2019-07-17","purchased_purges":3,"victory":false,"max_hp_per_floor":[75,75,75,75,75,75,75,75,75,75,75,69,69,69,69,69,74,74,74,74,74,74,74,74,74,74,74,74,74,74,74,74,74,74,74,74,74,74,74,74,74,74,74,74],"card_choices":[{"not_picked":["Ball Lightning","Darkness"],"picked":"Go for the Eyes","floor":1},{"not_picked":["Go for the Eyes","Rebound"],"picked":"Darkness","floor":3},{"not_picked":["Compile Driver","Go for the Eyes"],"picked":"Streamline","floor":5},{"not_picked":["Stack","Leap"],"picked":"Steam","floor":7},{"not_picked":["Reboot+1","Hologram+1"],"picked":"Defragment","floor":10},{"not_picked":["Go for the Eyes","Barrage"],"picked":"Coolheaded+1","floor":11},{"not_picked":["Go for the Eyes","Consume+1"],"picked":"Gash","floor":14},{"not_picked":["Machine Learning","Buffer"],"picked":"Electrodynamics","floor":16},{"not_picked":["Coolheaded+1","Compile Driver"],"picked":"Stack+1","floor":17},{"not_picked":["Turbo+1","Force Field+1"],"picked":"Beam Cell","floor":18},{"not_picked":["Beam Cell","Sunder"],"picked":"Conserve Battery+1","floor":21},{"not_picked":["Coolheaded+1","Doom and Gloom"],"picked":"Barrage+1","floor":23},{"not_picked":["Auto Shields+1","Recycle+1"],"picked":"Coolheaded+1","floor":24},{"not_picked":["Recycle+1","Cold Snap"],"picked":"Redo+1","floor":25},{"not_picked":["Melter","Lockon+1"],"picked":"Turbo+1","floor":27},{"not_picked":["Compile Driver","Lockon","Meteor Strike"],"picked":"SKIP","floor":31},{"not_picked":["Doom and Gloom+1","Rip and Tear"],"picked":"Loop","floor":32},{"not_picked":["Rainbow+1","Core Surge"],"picked":"Machine Learning","floor":33},{"not_picked":["Turbo+1","Redo+1"],"picked":"Static Discharge","floor":35},{"not_picked":["Lockon+1","Force Field+1"],"picked":"Glacier+1","floor":36},{"not_picked":["Jack Of All Trades+1","Magnetism"],"picked":"Chrysalis+1","floor":38},{"not_picked":["Dramatic Entrance","Jack Of All Trades+1"],"picked":"Panache","floor":38},{"not_picked":["Violence+1","Jack Of All Trades+1"],"picked":"Thinking Ahead+1","floor":38},{"not_picked":["Ball Lightning+1","Reinforced Body+1"],"picked":"Defragment","floor":39},{"not_picked":["Compile Driver+1","Doom and Gloom"],"picked":"Stack+1","floor":42}],"player_experience":223911,"relics_obtained":[{"floor":7,"key":"Calipers"},{"floor":9,"key":"Toxic Egg 2"},{"floor":10,"key":"Smiling Mask"},{"floor":22,"key":"Dream Catcher"},{"floor":23,"key":"Bag of Preparation"},{"floor":25,"key":"MawBank"},{"floor":26,"key":"Sundial"},{"floor":41,"key":"Vajra"},{"floor":43,"key":"The Courier"}],"event_choices":[{"damage_healed":0,"gold_gain":75,"player_choice":"Gather Gold","damage_taken":11,"max_hp_gain":0,"max_hp_loss":0,"event_name":"World of Goop","floor":2,"gold_loss":0},{"damage_healed":0,"gold_gain":0,"player_choice":"Lose Max HP","damage_taken":0,"relics_obtained":["Golden Idol"],"max_hp_gain":0,"max_hp_loss":6,"event_name":"Golden Idol","floor":12,"gold_loss":0},{"damage_healed":0,"gold_gain":0,"cards_transformed":["Strike_B","Strike_B"],"player_choice":"Became Test Subject","damage_taken":0,"max_hp_gain":0,"max_hp_loss":0,"event_name":"Drug Dealer","floor":19,"gold_loss":0,"cards_obtained":["Steam Power","Defragment"]},{"damage_healed":0,"gold_gain":0,"player_choice":"Read","damage_taken":0,"max_hp_gain":0,"max_hp_loss":0,"event_name":"The Library","floor":20,"gold_loss":0,"cards_obtained":["Capacitor"]},{"cards_removed":["Defend_B"],"damage_healed":0,"gold_gain":0,"player_choice":"Gave Gold","damage_taken":0,"max_hp_gain":0,"max_hp_loss":0,"event_name":"Beggar","floor":29,"gold_loss":75},{"damage_healed":0,"gold_gain":0,"player_choice":"Memory 3","damage_taken":10,"max_hp_gain":0,"max_hp_loss":0,"event_name":"SensoryStone","floor":38,"gold_loss":0}],"is_beta":false,"boss_relics":[{"not_picked":["Coffee Dripper","Snecko Eye"],"picked":"Tiny House"},{"not_picked":["Pandora\u0027s Box","Velvet Choker"],"picked":"Eternal Feather"}],"items_purged_floors":[13,28,37],"is_endless":false,"potions_floor_spawned":[7,11,14,16,18,25,27,31,36,39,42],"killed_by":"3 Darklings","ascension_level":4}