{"gold_per_floor":[113,113,113,63,63,63,97,97,97,108,126,152,169,79,79,174,174,193,193,193,208,65,65,95,113,113,113,13,13,40,58,58,154,154,171,171,189,6,61,87,87,115,142,142,142,156,156,174,174,174],"floor_reached":51,"playtime":2375,"items_purged":["Strike_R","Strike_R"],"score":936,"play_id":"9616f84d-34ee-4ea1-8320-7de61c451f72","local_time":"20190816195644","is_ascension_mode":true,"campfire_choices":[{"data":"Inflame","floor":6,"key":"SMITH"},{"data":"Uppercut","floor":8,"key":"SMITH"},{"data":"Double Tap","floor":15,"key":"SMITH"},{"data":"Demon Form","floor":23,"key":"SMITH"},{"data":"Iron Wave","floor":27,"key":"SMITH"},{"floor":32,"key":"REST"},{"floor":41,"key":"REST"},{"floor":44,"key":"REST"},{"floor":47,"key":"REST"},{"data":"Iron Wave","floor":49,"key":"SMITH"}],"neow_cost":"TEN_PERCENT_HP_LOSS","seed_source_timestamp":29018341974483,"circlet_count":0,"master_deck":["Strike_R+1","Defend_R","Bash+1","Inflame+1","Uppercut+1","Double Tap+1","Pommel Strike","Sentinel","Shrug It Off","Dropkick+1","Demon Form+1","Heavy Blade+1","Havoc+1","Iron Wave+1","Headbutt+1","Madness","Madness","Battle Trance","Battle Trance","Iron Wave+1"],"relics":["Burning Blood","StoneCalendar","Lantern","Gremlin Horn","Ornamental Fan","Empty Cage","Nloth\u0027s Gift","Oddly Smooth Stone","Dream Catcher","Singing Bowl","Self Forming Clay","Busted Crown","Whetstone","Shovel","Strawberry","Regal Pillow","Bag of Preparation"],"potions_floor_usage":[7,12,25,25,33,33,33,39,42,50],"damage_taken":[{"damage":10,"enemies":"2 Louse","floor":1,"turns":3},{"damage":25,"enemies":"3 Sentries","floor":7,"turns":7},{"damage":0,"enemies":"Small Slimes","floor":10,"turns":2},{"damage":4,"enemies":"Jaw Worm","floor":11,"turns":3},{"damage":12,"enemies":"Gremlin Nob","floor":12,"turns":3},{"damage":9,"enemies":"Large Slime","floor":13,"turns":4},{"damage":7,"enemies":"The Guardian","floor":16,"turns":10},{"damage":4,"enemies":"Chosen","floor":18,"turns":3},{"damage":25,"enemies":"Spheric Guardian","floor":21,"turns":5},{"damage":17,"enemies":"Slavers","floor":24,"turns":5},{"damage":4,"enemies":"Cultist and Chosen","floor":25,"turns":3},{"damage":30,"enemies":"Gremlin Leader","floor":30,"turns":5},{"damage":2,"enemies":"Shelled Parasite and Fungi","floor":31,"turns":4},{"damage":42,"enemies":"Automaton","floor":33,"turns":8},{"damage":0,"enemies":"Orb Walker","floor":35,"turns":2},{"damage":33,"enemies":"3 Darklings","floor":37,"turns":5},{"damage":40,"enemies":"2 Orb Walkers","floor":39,"turns":5},{"damage":0,"enemies":"Giant Head","floor":40,"turns":5},{"damage":57,"enemies":"Reptomancer","floor":42,"turns":5},{"damage":38,"enemies":"Writhing Mass","floor":46,"turns":3},{"damage":15,"enemies":"Jaw Worm Horde","floor":48,"turns":4},{"damage":62,"enemies":"Donu and Deca","floor":50,"turns":7}],"seed_played":"-2905619213512507607","potions_obtained":[{"floor":1,"key":"PowerPotion"},{"floor":10,"key":"SkillPotion"},{"floor":11,"key":"SteroidPotion"},{"floor":13,"key":"BloodPotion"},{"floor":16,"key":"FearPotion"},{"floor":24,"key":"Strength Potion"},{"floor":25,"key":"SmokeBomb"},{"floor":30,"key":"SpeedPotion"},{"floor":31,"key":"SkillPotion"},{"floor":37,"key":"SpeedPotion"},{"floor":40,"key":"Energy Potion"},{"floor":42,"key":"SteroidPotion"},{"floor":46,"key":"Regen Potion"}],"is_trial":false,"path_per_floor":["M","?","?","?","?","R","E","R","T","M","M","E","M","$","R","B",null,"M","?","?","M","$","R","E","M","T","R","$","?","E","M","R","B",null,"M","?","M","$","?","E","R","E","T","R","?","M","R","M","R","B",null],"character_chosen":"IRONCLAD","items_purchased":["Dropkick","Oddly Smooth Stone","Whetstone","Battle Trance"],"campfire_rested":4,"item_purchase_floors":[14,22,38,38],"current_hp_per_floor":[68,61,61,61,54,54,35,35,35,41,43,37,34,34,34,33,72,72,72,72,53,53,53,42,62,62,62,62,49,27,33,59,25,85,85,74,49,49,17,32,63,14,14,61,61,31,79,70,70,29],"gold":174,"neow_bonus":"ONE_RARE_RELIC","is_prod":false,"is_daily":false,"chose_seed":false,"campfire_upgraded":6,"win_rate":0,"timestamp":1565953004,"path_taken":["M","?","?","?","?","R","E","R","T","?","M","E","M","$","R","BOSS","M","?","?","M","$","R","E","?","T","R","$","?","E","M","R","BOSS","M","?","M","$","?","E","R","E","T","R","?","?","R","M","R","BOSS"],"build_version":"2019-07-17","purchased_purges":2,"victory":true,"max_hp_per_floor":[72,72,72,72,72,72,72,72,72,72,72,72,72,72,72,72,72,72,72,72,72,72,72,72,72,72,72,72,77,79,81,83,85,85,85,85,87,87,89,98,100,102,102,104,104,106,108,108,108,108],"card_choices":[{"not_picked":["Carnage","True Grit"],"picked":"Inflame","floor":1},{"not_picked":["Iron Wave","Flex"],"picked":"Uppercut","floor":7},{"not_picked":["Inflame","Body Slam"],"picked":"Double Tap","floor":10},{"not_picked":["Feel No Pain","Warcry"],"picked":"Pommel Strike","floor":11},{"not_picked":["Perfected Strike","Fire Breathing"],"picked":"Sentinel","floor":12},{"not_picked":["Sword Boomerang","Perfected Strike"],"picked":"Shrug It Off","floor":13},{"not_picked":["Brutality","Berserk"],"picked":"Demon Form","floor":16},{"not_picked":["Sword Boomerang+1","Clash"],"picked":"Heavy Blade+1","floor":18},{"not_picked":["Flex+1","Warcry"],"picked":"Havoc+1","floor":21},{"not_picked":["Sword Boomerang+1","Fire Breathing","Brutality"],"picked":"SKIP","floor":24},{"not_picked":["Cleave+1","Clothesline+1"],"picked":"Iron Wave","floor":25},{"not_picked":["Bloodletting","Cleave","Ghostly Armor+1"],"picked":"Singing Bowl","floor":30},{"not_picked":["Iron Wave+1","Perfected Strike","Whirlwind"],"picked":"Singing Bowl","floor":31},{"not_picked":["Evolve","Armaments","Metallicize+1"],"picked":"Singing Bowl","floor":32},{"not_picked":["Brutality","Juggernaut","Bludgeon"],"picked":"Singing Bowl","floor":33},{"not_picked":[],"picked":"Headbutt+1","floor":35},{"not_picked":["Clash"],"picked":"Singing Bowl","floor":37},{"not_picked":["Pummel"],"picked":"Singing Bowl","floor":39},{"not_picked":["Sentinel"],"picked":"Singing Bowl","floor":40},{"not_picked":["Heavy Blade+1"],"picked":"Singing Bowl","floor":41},{"not_picked":["Wild Strike"],"picked":"Singing Bowl","floor":42},{"not_picked":["Rupture+1"],"picked":"Singing Bowl","floor":44},{"not_picked":["Burning Pact"],"picked":"Singing Bowl","floor":46},{"not_picked":["Pummel+1"],"picked":"Singing Bowl","floor":47},{"not_picked":[],"picked":"Iron Wave","floor":48}],"player_experience":135057,"relics_obtained":[{"floor":7,"key":"Smiling Mask"},{"floor":9,"key":"Gremlin Horn"},{"floor":12,"key":"Ornamental Fan"},{"floor":24,"key":"Dream Catcher"},{"floor":26,"key":"Singing Bowl"},{"floor":30,"key":"Self Forming Clay"},{"floor":39,"key":"Shovel"},{"floor":40,"key":"Strawberry"},{"floor":42,"key":"Regal Pillow"},{"floor":43,"key":"Bag of Preparation"}],"event_choices":[{"cards_removed":["Strike_R"],"damage_healed":0,"gold_gain":0,"player_choice":"Card Removal","damage_taken":7,"max_hp_gain":0,"max_hp_loss":0,"event_name":"Golden Wing","floor":2,"gold_loss":0},{"damage_healed":0,"gold_gain":0,"player_choice":"Grow","damage_taken":0,"max_hp_gain":0,"max_hp_loss":0,"event_name":"Living Wall","floor":3,"gold_loss":0,"cards_upgraded":["Bash"]},{"cards_removed":["Defend_R"],"damage_healed":0,"gold_gain":0,"player_choice":"Card Removal","damage_taken":0,"max_hp_gain":0,"max_hp_loss":0,"event_name":"The Cleric","floor":4,"gold_loss":50},{"damage_healed":0,"gold_gain":0,"player_choice":"Success","damage_taken":7,"relics_obtained":["Lantern"],"max_hp_gain":0,"max_hp_loss":0,"event_name":"Scrap Ooze","floor":5,"gold_loss":0},{"damage_healed":0,"gold_gain":0,"player_choice":"Ignored","damage_taken":0,"max_hp_gain":0,"max_hp_loss":0,"event_name":"Vampires","floor":19,"gold_loss":0},{"damage_healed":0,"gold_gain":0,"player_choice":"Traded Relic","damage_taken":0,"relics_obtained":["Nloth\u0027s Gift"],"max_hp_gain":0,"max_hp_loss":0,"event_name":"N\u0027loth","floor":20,"relics_lost":["Smiling Mask"],"gold_loss":0},{"damage_healed":0,"gold_gain":0,"player_choice":"Shed Blood","damage_taken":18,"max_hp_gain":5,"max_hp_loss":0,"event_name":"Forgotten Altar","floor":29,"gold_loss":0},{"damage_healed":0,"gold_gain":0,"player_choice":"Embrace Madness","damage_taken":11,"max_hp_gain":0,"max_hp_loss":0,"event_name":"Winding Halls","floor":36,"gold_loss":0,"cards_obtained":["Madness","Madness"]},{"damage_healed":0,"gold_gain":0,"player_choice":"Fight","damage_taken":0,"max_hp_gain":0,"max_hp_loss":0,"event_name":"Mysterious Sphere","floor":39,"gold_loss":0},{"damage_healed":0,"gold_gain":0,"cards_transformed":["Defend_R"],"player_choice":"Transformed","damage_taken":0,"max_hp_gain":0,"max_hp_loss":0,"event_name":"Transmorgrifier","floor":45,"gold_loss":0,"cards_obtained":["Battle Trance"]}],"is_beta":false,"boss_relics":[{"not_picked":["Lizard Tail","Velvet Choker"],"picked":"Empty Cage"},{"not_picked":["Black Blood","Runic Pyramid"],"picked":"Busted Crown"}],"items_purged_floors":[14,28],"is_endless":false,"potions_floor_spawned":[1,10,11,13,16,24,25,30,31,37,40,42,46],"ascension_level":3}