{"gold_per_floor":[115,40,51,21,36,36,65,80,80,38,38,55,69,89,89,89],"floor_reached":16,"playtime":1284,"items_purged":["Strike_R"],"score":104,"play_id":"57fd30ba-444a-40f7-9bc7-c57232e764dd","local_time":"20190827132005","is_ascension_mode":false,"campfire_choices":[{"data":"Body Slam","floor":6,"key":"SMITH"},{"data":"Rage","floor":15,"key":"SMITH"}],"neow_cost":"NONE","seed_source_timestamp":319385488125984,"circlet_count":0,"master_deck":["Strike_R","Strike_R","Strike_R","Defend_R","Defend_R","Defend_R","Defend_R","Bash","Body Slam+1","Burning Pact","Evolve","Rage+1","Entrench","Shockwave"],"relics":["Coffee Dripper","Juzu Bracelet"],"potions_floor_usage":[7,7,7,7,13,13,14,16],"damage_taken":[{"damage":0,"enemies":"Small Slimes","floor":1,"turns":3},{"damage":0,"enemies":"Cultist","floor":3,"turns":3},{"damage":3,"enemies":"2 Louse","floor":5,"turns":3},{"damage":23,"enemies":"3 Sentries","floor":7,"turns":8},{"damage":2,"enemies":"Large Slime","floor":8,"turns":5},{"damage":2,"enemies":"Blue Slaver","floor":12,"turns":4},{"damage":10,"enemies":"Exordium Thugs","floor":13,"turns":6},{"damage":0,"enemies":"3 Louse","floor":14,"turns":5},{"damage":48,"enemies":"The Guardian","floor":16,"turns":13}],"seed_played":"-4072485534018360649","potions_obtained":[{"floor":3,"key":"FearPotion"},{"floor":4,"key":"PowerPotion"},{"floor":4,"key":"EntropicBrew"},{"floor":7,"key":"Weak Potion"},{"floor":14,"key":"Energy Potion"}],"is_trial":false,"path_per_floor":["M","$","M","?","M","R","E","M","T","?","?","M","M","M","R","B"],"character_chosen":"IRONCLAD","items_purchased":[],"campfire_rested":0,"item_purchase_floors":[],"current_hp_per_floor":[80,80,80,80,77,77,54,52,52,52,52,50,40,40,40,0],"gold":89,"neow_bonus":"BOSS_RELIC","is_prod":false,"is_daily":false,"chose_seed":false,"campfire_upgraded":2,"win_rate":0,"timestamp":1566904805,"path_taken":["M","$","M","?","?","R","E","M","T","?","?","M","M","M","R","BOSS"],"build_version":"2019-06-28","purchased_purges":1,"victory":false,"max_hp_per_floor":[80,80,80,80,80,80,80,80,80,80,80,80,80,80,80,80],"card_choices":[{"not_picked":["True Grit","Whirlwind"],"picked":"Body Slam","floor":1},{"not_picked":["Thunderclap","Anger","Havoc"],"picked":"SKIP","floor":3},{"not_picked":["Thunderclap","Second Wind","Clash"],"picked":"SKIP","floor":5},{"not_picked":["Dropkick","Cleave"],"picked":"Burning Pact","floor":7},{"not_picked":["Brutality","Heavy Blade","Flex"],"picked":"SKIP","floor":8},{"not_picked":["Anger","Rampage"],"picked":"Rage","floor":12},{"not_picked":["Whirlwind","Twin Strike"],"picked":"Entrench","floor":13},{"not_picked":["Thunderclap","Second Wind"],"picked":"Shockwave","floor":14}],"player_experience":100029,"relics_obtained":[{"floor":7,"key":"Juzu Bracelet"}],"event_choices":[{"damage_healed":0,"gold_gain":0,"player_choice":"Bought 2 Potions","damage_taken":0,"max_hp_gain":0,"max_hp_loss":0,"event_name":"The Woman in Blue","floor":4,"gold_loss":0},{"damage_healed":0,"gold_gain":0,"player_choice":"Left Gold","damage_taken":0,"max_hp_gain":0,"max_hp_loss":0,"event_name":"World of Goop","floor":10,"gold_loss":42},{"damage_healed":0,"gold_gain":0,"cards_transformed":["Strike_R"],"player_choice":"Change","damage_taken":0,"max_hp_gain":0,"max_hp_loss":0,"event_name":"Living Wall","floor":11,"gold_loss":0,"cards_obtained":["Evolve"]}],"is_beta":true,"boss_relics":[],"items_purged_floors":[2],"is_endless":false,"potions_floor_spawned":[3,5,7,14],"killed_by":"The Guardian","ascension_level":0}