{"gold_per_floor":[213,213,138,138,38,38,72,91,115,57,70,70],"floor_reached":12,"playtime":505,"items_purged":["Strike_G","Regret"],"score":152,"play_id":"dc2b84dd-d6a8-4eba-9d19-0d6ff7c1d0d1","local_time":"20190826141037","is_ascension_mode":true,"campfire_choices":[{"data":"Neutralize","floor":6,"key":"SMITH"}],"neow_cost":"NONE","seed_source_timestamp":835120575591460,"circlet_count":0,"master_deck":["AscendersBane","Strike_G","Strike_G","Strike_G","Strike_G","Defend_G","Defend_G","Defend_G","Defend_G","Defend_G","Survivor","Neutralize+1","Poisoned Stab+1","Quick Slash","Well Laid Plans","Deadly Poison"],"relics":["Ring of the Snake","Dodecahedron","Incense Burner","Regal Pillow"],"potions_floor_usage":[],"damage_taken":[{"damage":0,"enemies":"2 Louse","floor":1,"turns":5},{"damage":48,"enemies":"Gremlin Nob","floor":7,"turns":5},{"damage":2,"enemies":"Jaw Worm","floor":8,"turns":4},{"damage":0,"enemies":"Cultist","floor":11,"turns":3},{"damage":0,"enemies":"Red Slaver","floor":12,"turns":2}],"seed_played":"-2078673165573238597","potions_obtained":[{"floor":1,"key":"Dexterity Potion"},{"floor":8,"key":"Weak Potion"}],"is_trial":false,"path_per_floor":["M","?","$","?","$","R","E","M","T","$","M","M"],"character_chosen":"THE_SILENT","items_purchased":["Deadly Poison"],"campfire_rested":0,"item_purchase_floors":[10],"current_hp_per_floor":[59,59,59,59,59,59,11,9,9,9,9,9],"gold":70,"neow_bonus":"HUNDRED_GOLD","is_prod":false,"is_daily":false,"chose_seed":false,"campfire_upgraded":1,"win_rate":0,"timestamp":1566843037,"path_taken":["M","?","$","?","?","R","E","?","T","?","M","M"],"build_version":"2019-07-17","purchased_purges":2,"victory":false,"max_hp_per_floor":[66,66,66,66,66,66,66,66,66,66,66,66],"card_choices":[{"not_picked":["Endless Agony","Finisher"],"picked":"Poisoned Stab","floor":1},{"not_picked":["Phantasmal Killer","Dodge and Roll"],"picked":"Quick Slash","floor":7},{"not_picked":["All Out Attack","Distraction"],"picked":"Well Laid Plans","floor":8},{"not_picked":["Choke","Reflex","Blade Dance"],"picked":"SKIP","floor":11}],"player_experience":602540,"relics_obtained":[{"floor":7,"key":"Incense Burner"},{"floor":9,"key":"Regal Pillow"}],"event_choices":[{"damage_healed":0,"gold_gain":0,"player_choice":"Grow","damage_taken":0,"max_hp_gain":0,"max_hp_loss":0,"event_name":"Living Wall","floor":2,"gold_loss":0,"cards_upgraded":["Poisoned Stab"]},{"damage_healed":0,"gold_gain":0,"player_choice":"Box","damage_taken":0,"relics_obtained":["Dodecahedron"],"max_hp_gain":0,"max_hp_loss":0,"event_name":"Big Fish","floor":4,"gold_loss":0,"cards_obtained":["Regret"]}],"is_beta":false,"boss_relics":[],"items_purged_floors":[3,5],"is_endless":false,"potions_floor_spawned":[1,8],"killed_by":"Red Slaver","ascension_level":20}