{"gold_per_floor":[12,30,45,59,209,237,237,268,314,314],"floor_reached":10,"playtime":297,"items_purged":[],"score":156,"play_id":"f9152edf-3cd3-4571-bdad-547a8cf853d8","local_time":"20190714111327","is_ascension_mode":true,"campfire_choices":[{"data":"Rampage","floor":7,"key":"SMITH"}],"neow_cost":"NO_GOLD","seed_source_timestamp":63161430574731,"circlet_count":0,"master_deck":["AscendersBane","Strike_R","Strike_R","Strike_R","Strike_R","Strike_R","Defend_R","Defend_R","Defend_R","Defend_R","Bash","Impervious","Twin Strike","Iron Wave","Headbutt","Rampage+1","Doubt","Whirlwind"],"relics":["Burning Blood","Bag of Marbles","Bottled Lightning","Regal Pillow"],"potions_floor_usage":[4,6],"damage_taken":[{"damage":12,"enemies":"Cultist","floor":1,"turns":4},{"damage":0,"enemies":"Small Slimes","floor":2,"turns":3},{"damage":0,"enemies":"2 Louse","floor":3,"turns":4},{"damage":1,"enemies":"Exordium Thugs","floor":4,"turns":4},{"damage":25,"enemies":"Lagavulin","floor":6,"turns":6},{"damage":31,"enemies":"Gremlin Nob","floor":8,"turns":4},{"damage":50,"enemies":"Lagavulin","floor":10,"turns":6}],"seed_played":"-6402537220527367337","potions_obtained":[{"floor":3,"key":"Explosive Potion"},{"floor":4,"key":"AttackPotion"}],"is_trial":false,"path_per_floor":["M","M","M","M","?","E","R","E","T","E"],"character_chosen":"IRONCLAD","items_purchased":[],"campfire_rested":0,"item_purchase_floors":[],"current_hp_per_floor":[62,68,74,75,75,56,56,31,31,0],"gold":314,"neow_bonus":"THREE_RARE_CARDS","is_prod":false,"is_daily":false,"chose_seed":false,"campfire_upgraded":1,"win_rate":0,"timestamp":1563117207,"path_taken":["M","M","M","?","?","E","R","E","T","E"],"build_version":"2019-07-05","purchased_purges":0,"victory":false,"max_hp_per_floor":[75,75,75,75,75,75,75,75,75,75],"card_choices":[{"not_picked":["Reaper","Brutality"],"picked":"Impervious","floor":0},{"not_picked":["Wild Strike","Warcry"],"picked":"Twin Strike","floor":1},{"not_picked":["Cleave","Rage"],"picked":"Iron Wave","floor":2},{"not_picked":["Evolve","Thunderclap"],"picked":"Headbutt","floor":3},{"not_picked":["Armaments","Cleave"],"picked":"Rampage","floor":4},{"not_picked":["Uppercut","Sword Boomerang","Twin Strike"],"picked":"SKIP","floor":6},{"not_picked":["Dropkick","Iron Wave"],"picked":"Whirlwind","floor":8}],"player_experience":520905,"relics_obtained":[{"floor":6,"key":"Bag of Marbles"},{"floor":8,"key":"Bottled Lightning"},{"floor":9,"key":"Regal Pillow"}],"event_choices":[{"damage_healed":0,"gold_gain":150,"player_choice":"AGREE","damage_taken":0,"max_hp_gain":0,"max_hp_loss":0,"event_name":"Liars Game","floor":5,"gold_loss":0,"cards_obtained":["Doubt"]}],"is_beta":false,"boss_relics":[],"items_purged_floors":[],"is_endless":false,"potions_floor_spawned":[3,4],"killed_by":"Lagavulin","ascension_level":20}