{"gold_per_floor":[114,31,45,45,58,58,72,86,86,96,126,139,168,188,188,293,293,293],"floor_reached":18,"playtime":613,"items_purged":[],"score":273,"play_id":"ffece735-1ac1-4910-a435-c5b157193d9b","local_time":"20190307173417","is_ascension_mode":true,"campfire_choices":[{"data":"Self Repair","floor":6,"key":"SMITH"},{"data":"White Noise","floor":15,"key":"SMITH"}],"neow_cost":"PERCENT_DAMAGE","seed_source_timestamp":1430556610571647,"circlet_count":0,"master_deck":["AscendersBane","Strike_B","Strike_B","Strike_B","Defend_B","Defend_B","Defend_B","Defend_B","Zap","Dualcast","Echo Form","Self Repair+1","Conserve Battery","Reinforced Body","Streamline","Hologram","Darkness","Lockon","Conserve Battery","White Noise+1","Core Surge","Echo Form"],"relics":["Cracked Core","Ginger","Cables","Prayer Wheel","Philosopher\u0027s Stone"],"potions_floor_usage":[7,13,13],"damage_taken":[{"damage":2,"enemies":"Jaw Worm","floor":1,"turns":5},{"damage":10,"enemies":"Cultist","floor":3,"turns":5},{"damage":17,"enemies":"Small Slimes","floor":5,"turns":4},{"damage":12,"enemies":"Looter","floor":7,"turns":3},{"damage":6,"enemies":"Large Slime","floor":8,"turns":7},{"damage":17,"enemies":"2 Fungi Beasts","floor":10,"turns":5},{"damage":53,"enemies":"3 Sentries","floor":11,"turns":9},{"damage":5,"enemies":"Exordium Wildlife","floor":12,"turns":4},{"damage":24,"enemies":"Gremlin Nob","floor":13,"turns":4},{"damage":9,"enemies":"3 Louse","floor":14,"turns":2},{"damage":29,"enemies":"The Guardian","floor":16,"turns":9},{"damage":62,"enemies":"3 Byrds","floor":18,"turns":4}],"seed_played":"2382073857979647384","potions_obtained":[{"floor":3,"key":"SpeedPotion"},{"floor":5,"key":"FocusPotion"},{"floor":8,"key":"Poison Potion"},{"floor":12,"key":"Energy Potion"}],"is_trial":false,"path_per_floor":["M","$","M","?","M","R","M","M","T","M","E","M","E","M","R","B",null,"M"],"character_chosen":"DEFECT","items_purchased":["Self Repair","Conserve Battery"],"campfire_rested":0,"item_purchase_floors":[2,2],"current_hp_per_floor":[48,48,52,52,49,49,57,71,71,74,41,46,42,33,33,14,60,0],"gold":293,"neow_bonus":"THREE_RARE_CARDS","is_prod":false,"is_daily":false,"chose_seed":false,"campfire_upgraded":2,"win_rate":0,"timestamp":1551998057,"path_taken":["M","$","M","?","M","R","M","M","T","M","E","M","E","?","R","BOSS","M"],"build_version":"2019-01-23","purchased_purges":0,"victory":false,"max_hp_per_floor":[75,75,75,75,75,75,75,75,75,75,75,75,75,75,75,75,75,75],"card_choices":[{"not_picked":["Machine Learning","Buffer"],"picked":"Echo Form","floor":0},{"not_picked":["Rebound","Consume","Steam Power"],"picked":"SKIP","floor":1},{"not_picked":["Aggregate","Stack","Blizzard"],"picked":"SKIP","floor":3},{"not_picked":["Go for the Eyes","Beam Cell","Fission"],"picked":"SKIP","floor":5},{"not_picked":["Sweeping Beam","Rebound"],"picked":"Reinforced Body","floor":7},{"not_picked":["Stack","Redo","Streamline"],"picked":"SKIP","floor":8},{"not_picked":["Stack","Redo"],"picked":"Streamline","floor":8},{"not_picked":["Rebound","Steam"],"picked":"Hologram","floor":10},{"not_picked":["Hyperbeam","Rebound"],"picked":"Darkness","floor":11},{"not_picked":["Lockon","Beam Cell","Barrage"],"picked":"SKIP","floor":12},{"not_picked":["Beam Cell","Barrage"],"picked":"Lockon","floor":12},{"not_picked":["Rebound","Hologram"],"picked":"Conserve Battery","floor":13},{"not_picked":["Leap","Hologram"],"picked":"White Noise","floor":14},{"not_picked":["Beam Cell","Compile Driver"],"picked":"Core Surge","floor":14},{"not_picked":["Buffer","Meteor Strike"],"picked":"Echo Form","floor":16}],"player_experience":179164,"relics_obtained":[{"floor":9,"key":"Ginger"},{"floor":11,"key":"Cables"},{"floor":13,"key":"Prayer Wheel"}],"event_choices":[{"cards_removed":["Strike_B"],"damage_healed":0,"gold_gain":0,"player_choice":"Purged","damage_taken":0,"max_hp_gain":0,"max_hp_loss":0,"event_name":"Purifier","floor":4,"gold_loss":0}],"is_beta":false,"boss_relics":[{"not_picked":["Black Star","Coffee Dripper"],"picked":"Philosopher\u0027s Stone"}],"items_purged_floors":[],"is_endless":false,"potions_floor_spawned":[3,5,8,12],"killed_by":"3 Byrds","ascension_level":11}