{"gold_per_floor":[218,218,32,32,32,64,84,84,162,176,187,187,187,200,200,298,298,318,330,10,109,109,141,152,152,152,152,170,199,199,215,215,316,316,328,328,328,348,348,348,367,402,402,416,446,458,484,63,63,63],"floor_reached":50,"playtime":1892,"items_purged":["Strike_G","Bite"],"score":819,"play_id":"d37053e4-a0a5-49c8-b992-834adb0e9589","local_time":"20190226011748","is_ascension_mode":true,"campfire_choices":[{"data":"Skewer","floor":8,"key":"SMITH"},{"data":"Deadly Poison","floor":12,"key":"SMITH"},{"data":"Footwork","floor":15,"key":"SMITH"},{"data":"Catalyst","floor":25,"key":"SMITH"},{"data":"Well Laid Plans","floor":27,"key":"SMITH"},{"data":"Noxious Fumes","floor":32,"key":"SMITH"},{"data":"Neutralize","floor":40,"key":"SMITH"},{"floor":46,"key":"REST"},{"floor":49,"key":"REST"}],"neow_cost":"NONE","seed_source_timestamp":593027276033598,"circlet_count":0,"master_deck":["Defend_G","Defend_G","Defend_G","Defend_G","Defend_G","Survivor","Neutralize+1","Well Laid Plans+1","Skewer+1","Deadly Poison+1","Flying Knee","Footwork+1","Adrenaline","Catalyst+1","Reflex+1","Bandage Up","Bite","Bite","Bite","Burst+1","Noxious Fumes+1","Outmaneuver+1","PiercingWail","Sucker Punch+1","Adrenaline","Backflip+1","Deflect","PiercingWail+1","Burst","Distraction+1","Calculated Gamble+1","Dash+1","Noxious Fumes"],"relics":["Ring of the Snake","The Specimen","Happy Flower","Mercury Hourglass","Bronze Scales","Matryoshka","Sozu","Anchor","Pear","Question Card","Sundial","Nilry\u0027s Codex","Black Star","Molten Egg 2","Pantograph","Bag of Preparation","Toxic Egg 2","MawBank","Dead Branch","Du-Vu Doll"],"potions_floor_usage":[16,28,29],"damage_taken":[{"damage":4,"enemies":"Small Slimes","floor":1,"turns":4},{"damage":22,"enemies":"3 Sentries","floor":6,"turns":9},{"damage":0,"enemies":"Cultist","floor":7,"turns":3},{"damage":0,"enemies":"Jaw Worm","floor":10,"turns":3},{"damage":3,"enemies":"Blue Slaver","floor":11,"turns":3},{"damage":13,"enemies":"Large Slime","floor":14,"turns":5},{"damage":5,"enemies":"The Guardian","floor":16,"turns":9},{"damage":4,"enemies":"3 Byrds","floor":18,"turns":2},{"damage":16,"enemies":"Spheric Guardian","floor":19,"turns":4},{"damage":12,"enemies":"Gremlin Leader","floor":23,"turns":7},{"damage":16,"enemies":"Snake Plant","floor":24,"turns":3},{"damage":0,"enemies":"Snecko","floor":28,"turns":3},{"damage":23,"enemies":"Slavers","floor":29,"turns":5},{"damage":2,"enemies":"Centurion and Healer","floor":31,"turns":7},{"damage":24,"enemies":"Champ","floor":33,"turns":8},{"damage":5,"enemies":"Orb Walker","floor":35,"turns":3},{"damage":18,"enemies":"3 Darklings","floor":38,"turns":4},{"damage":10,"enemies":"Writhing Mass","floor":41,"turns":6},{"damage":25,"enemies":"Nemesis","floor":42,"turns":9},{"damage":34,"enemies":"Transient","floor":44,"turns":5},{"damage":15,"enemies":"Giant Head","floor":45,"turns":7},{"damage":0,"enemies":"4 Shapes","floor":47,"turns":2},{"damage":47,"enemies":"Time Eater","floor":50,"turns":5}],"seed_played":"-5150158026191212283","potions_obtained":[{"floor":7,"key":"FearPotion"},{"floor":10,"key":"Ancient Potion"},{"floor":14,"key":"EssenceOfSteel"}],"is_trial":false,"path_per_floor":["M","?","$","T","$","E","M","R","T","M","M","R","?","M","R","B",null,"M","M","$","?","?","E","M","R","T","R","M","E","?","M","R","B",null,"M","?","?","M","?","R","M","E","T","M","E","R","M","$","R","B"],"character_chosen":"THE_SILENT","items_purchased":["Well Laid Plans","Happy Flower","Anchor","Bandage Up","Du-Vu Doll","Noxious Fumes"],"campfire_rested":2,"item_purchase_floors":[3,3,20,20,48,48],"current_hp_per_floor":[59,59,59,59,59,37,37,37,37,37,34,34,34,21,21,16,57,53,37,37,37,37,53,49,49,49,49,53,46,30,54,54,45,56,59,59,56,46,46,46,50,39,39,17,18,34,42,42,56,16],"gold":63,"neow_bonus":"HUNDRED_GOLD","is_prod":false,"is_daily":false,"chose_seed":false,"campfire_upgraded":7,"win_rate":0,"timestamp":1551161868,"path_taken":["M","?","$","?","?","E","M","R","T","M","M","R","?","M","R","BOSS","M","M","$","?","?","E","M","R","T","R","M","E","?","M","R","BOSS","M","?","?","M","?","R","M","E","T","M","E","R","M","$","R","BOSS"],"build_version":"2019-01-23","purchased_purges":2,"victory":false,"max_hp_per_floor":[70,70,70,70,70,70,70,70,70,70,70,70,70,70,70,70,70,70,70,70,70,49,59,59,59,59,59,59,59,59,59,59,59,59,59,59,56,56,56,56,56,56,56,56,56,56,56,56,56,56],"card_choices":[{"not_picked":["Acrobatics","Accuracy"],"picked":"Dagger Throw","floor":1},{"not_picked":["Terror","Phantasmal Killer"],"picked":"Skewer","floor":6},{"not_picked":["Quick Slash","Terror"],"picked":"Deadly Poison","floor":7},{"not_picked":["Bane","Deflect"],"picked":"Flying Knee","floor":10},{"not_picked":["Flying Knee","Blade Dance","Bane"],"picked":"SKIP","floor":11},{"not_picked":["Dodge and Roll","Deflect"],"picked":"Footwork","floor":14},{"not_picked":["Venomology","Die Die Die"],"picked":"Adrenaline","floor":16},{"not_picked":["Dash","Skewer"],"picked":"Catalyst","floor":18},{"not_picked":["Choke","Dagger Throw"],"picked":"Reflex+1","floor":19},{"not_picked":["Dagger Throw","Venomology"],"picked":"Burst","floor":23},{"not_picked":["Underhanded Strike","Calculated Gamble"],"picked":"Noxious Fumes","floor":24},{"not_picked":["Slice","Sucker Punch","Quick Slash"],"picked":"Outmaneuver+1","floor":28},{"not_picked":["Underhanded Strike+1","Bouncing Flask","Heel Hook"],"picked":"PiercingWail","floor":29},{"not_picked":["Die Die Die","Bouncing Flask","Caltrops"],"picked":"Sucker Punch+1","floor":31},{"not_picked":["Unload","Glass Knife","Bullet Time"],"picked":"Adrenaline","floor":33},{"not_picked":["Blade Dance","Bane+1","Accuracy"],"picked":"Backflip+1","floor":35},{"not_picked":["Acrobatics","Prepared","Riddle With Holes+1"],"picked":"Deflect","floor":38},{"not_picked":["Flying Knee","Prepared","Dagger Throw+1"],"picked":"PiercingWail+1","floor":41},{"not_picked":["Outmaneuver","Backflip","Expertise"],"picked":"Burst","floor":42},{"not_picked":["All Out Attack+1","Infinite Blades","Poisoned Stab+1"],"picked":"Distraction+1","floor":44},{"not_picked":["Dagger Spray+1","Dodge and Roll+1","Dagger Throw+1"],"picked":"Calculated Gamble+1","floor":45},{"not_picked":["Flying Knee+1","Bouncing Flask+1","Riddle With Holes+1"],"picked":"Dash+1","floor":47}],"player_experience":138629,"relics_obtained":[{"floor":4,"key":"Mercury Hourglass"},{"floor":6,"key":"Bronze Scales"},{"floor":9,"key":"Matryoshka"},{"floor":23,"key":"Pear"},{"floor":26,"key":"Question Card"},{"floor":29,"key":"Sundial"},{"floor":30,"key":"Nilry\u0027s Codex"},{"floor":42,"key":"Molten Egg 2"},{"floor":42,"key":"Pantograph"},{"floor":43,"key":"Bag of Preparation"},{"floor":43,"key":"Toxic Egg 2"},{"floor":45,"key":"MawBank"},{"floor":45,"key":"Dead Branch"}],"event_choices":[{"cards_removed":["Dagger Throw"],"damage_healed":0,"gold_gain":0,"player_choice":"Gave Card","damage_taken":0,"relics_obtained":["The Specimen"],"max_hp_gain":0,"max_hp_loss":0,"event_name":"WeMeetAgain","floor":2,"gold_loss":0},{"damage_healed":0,"gold_gain":0,"player_choice":"Ignored","damage_taken":0,"max_hp_gain":0,"max_hp_loss":0,"event_name":"Liars Game","floor":13,"gold_loss":0},{"damage_healed":0,"gold_gain":99,"player_choice":"Stole From Cult","damage_taken":0,"max_hp_gain":0,"max_hp_loss":0,"event_name":"Nest","floor":21,"gold_loss":0},{"damage_healed":0,"gold_gain":0,"player_choice":"Became a vampire","damage_taken":0,"max_hp_gain":0,"max_hp_loss":21,"event_name":"Vampires","floor":22,"gold_loss":0,"cards_obtained":["Bite","Bite","Bite","Bite","Bite"]},{"damage_healed":0,"gold_gain":0,"player_choice":"Obtained Book","damage_taken":16,"max_hp_gain":0,"max_hp_loss":0,"event_name":"Cursed Tome","floor":30,"gold_loss":0},{"cards_removed":["Bite"],"damage_healed":0,"gold_gain":0,"player_choice":"Removed Attack","damage_taken":0,"max_hp_gain":0,"max_hp_loss":0,"event_name":"Falling","floor":36,"gold_loss":0},{"damage_healed":0,"gold_gain":0,"player_choice":"Max HP","damage_taken":0,"max_hp_gain":0,"max_hp_loss":3,"event_name":"Winding Halls","floor":37,"gold_loss":0},{"damage_healed":0,"gold_gain":0,"player_choice":"Forge","damage_taken":0,"max_hp_gain":0,"max_hp_loss":0,"event_name":"Accursed Blacksmith","floor":39,"gold_loss":0,"cards_upgraded":["Burst"]}],"is_beta":false,"boss_relics":[{"not_picked":["Ring of the Serpent","Tiny House"],"picked":"Sozu"},{"not_picked":["Astrolabe","Coffee Dripper"],"picked":"Black Star"}],"items_purged_floors":[20,48],"is_endless":false,"potions_floor_spawned":[7,10,14,19,28,29,41,47],"killed_by":"Time Eater","ascension_level":9}