{"gold_per_floor":[113,113,131,142,152,152,152,164,187,214,214,231,246,263,263,263],"floor_reached":16,"playtime":700,"items_purged":[],"score":262,"play_id":"97d0d997-d7a4-4ddd-8dc4-dc4262c9ec9c","local_time":"20190301021626","is_ascension_mode":true,"campfire_choices":[{"data":"Hologram","floor":7.0,"key":"SMITH"},{"data":"Sweeping Beam","floor":11,"key":"SMITH"},{"floor":15,"key":"RECALL"}],"neow_cost":"NONE","seed_source_timestamp":540002079530079,"circlet_count":0,"master_deck":["AscendersBane","Strike_B","Strike_B","Strike_B+1","Strike_B","Defend_B","Defend_B","Defend_B","Defend_B","Zap+1","Dualcast","Coolheaded","Ball Lightning","Hologram+1","Coolheaded","Sweeping Beam+1","Conserve Battery","Stack","Ball Lightning","FTL"],"special_seed":0,"relics":["Cracked Core","Regal Pillow","PreservedInsect","Strawberry"],"potions_floor_usage":[10,10,16],"damage_taken":[{"damage":2.0,"enemies":"2 Louse","floor":1.0,"turns":3.0},{"damage":2.0,"enemies":"Small Slimes","floor":3.0,"turns":3.0},{"damage":0.0,"enemies":"Jaw Worm","floor":4.0,"turns":3.0},{"damage":14.0,"enemies":"Lots of Slimes","floor":5.0,"turns":5.0},{"damage":4.0,"enemies":"Red Slaver","floor":8.0,"turns":4.0},{"damage":0,"enemies":"Gremlin Nob","floor":10,"turns":2},{"damage":0,"enemies":"Large Slime","floor":12,"turns":5},{"damage":0,"enemies":"Blue Slaver","floor":13,"turns":4},{"damage":17,"enemies":"Lots of Slimes","floor":14,"turns":4},{"damage":17,"enemies":"Hexaghost","floor":16,"turns":9}],"seed_played":"174825824062609227","potions_obtained":[{"floor":1.0,"key":"SteroidPotion"},{"floor":4.0,"key":"SkillPotion"},{"floor":5.0,"key":"FearPotion"},{"floor":13,"key":"Dexterity Potion"}],"is_trial":false,"path_per_floor":["M","?","M","M","M","?","R","M","T","E","R","M","M","M","R","B"],"character_chosen":"DEFECT","items_purchased":[],"campfire_rested":0,"item_purchase_floors":[],"current_hp_per_floor":[62,41,39,39,25,30,30,26,26,33,33,33,33,16,16,0],"gold":263,"neow_bonus":"RANDOM_COMMON_RELIC","is_prod":false,"is_daily":false,"chose_seed":false,"campfire_upgraded":2,"win_rate":0,"timestamp":1551435386,"path_taken":["M","?","M","M","M","?","R","M","T","E","R","M","M","M","R","BOSS"],"build_version":"2019-02-06","purchased_purges":0,"victory":false,"max_hp_per_floor":[71,71,71,71,71,76,76,76,76,83,83,83,83,83,83,83],"card_choices":[{"not_picked":["Recycle","Go for the Eyes"],"picked":"Coolheaded","floor":1.0},{"not_picked":["White Noise","Heatsinks"],"picked":"Ball Lightning","floor":3.0},{"not_picked":["Steam","Double Energy"],"picked":"Hologram","floor":4.0},{"not_picked":["Hologram","Ball Lightning"],"picked":"Coolheaded","floor":5.0},{"not_picked":["Steam","Gash"],"picked":"Sweeping Beam","floor":8.0},{"not_picked":["Compile Driver","Darkness"],"picked":"Conserve Battery","floor":10},{"not_picked":["Undo","Self Repair"],"picked":"Stack","floor":12},{"not_picked":["Coolheaded","Doom and Gloom"],"picked":"Ball Lightning","floor":13},{"not_picked":["Stack","Rebound"],"picked":"FTL","floor":14}],"player_experience":2782960,"relics_obtained":[{"floor":9.0,"key":"PreservedInsect"},{"floor":10,"key":"Strawberry"}],"event_choices":[{"damage_healed":0.0,"max_hp_gain":0.0,"max_hp_loss":0.0,"gold_gain":0.0,"event_name":"Shining Light","player_choice":"Entered Light","floor":2.0,"gold_loss":0.0,"damage_taken":21.0,"cards_upgraded":["Zap","Strike_B"]},{"damage_healed":0.0,"max_hp_gain":5.0,"max_hp_loss":0.0,"gold_gain":0.0,"event_name":"Big Fish","player_choice":"Donut","floor":6.0,"gold_loss":0.0,"damage_taken":0.0}],"is_beta":true,"boss_relics":[],"items_purged_floors":[],"is_endless":false,"potions_floor_spawned":[1,4,5,13],"killed_by":"Hexaghost","ascension_level":20}