{"gold_per_floor":[10,10,33,208,233,233,271,271,295,295,295,295],"floor_reached":12,"playtime":411,"items_purged":[],"score":76,"play_id":"250d561d-d5d5-4955-a69c-26804ec06c0f","local_time":"20190811013612","is_ascension_mode":false,"campfire_choices":[{"data":"Demon Form","floor":6,"key":"SMITH"},{"floor":8,"key":"REST"},{"data":"Headbutt","floor":10,"key":"SMITH"}],"neow_cost":"NO_GOLD","seed_source_timestamp":58161641556794,"circlet_count":0,"master_deck":["Strike_R","Strike_R","Strike_R","Strike_R","Strike_R","Defend_R","Defend_R","Defend_R","Defend_R","Bash","Demon Form+1","Pommel Strike","Thunderclap","Doubt","Headbutt+1","Battle Trance","Bash"],"relics":["Burning Blood","Golden Idol","Blood Vial","PreservedInsect"],"potions_floor_usage":[],"damage_taken":[{"damage":2,"enemies":"2 Louse","floor":1,"turns":4},{"damage":12,"enemies":"Small Slimes","floor":3,"turns":4},{"damage":6,"enemies":"Cultist","floor":5,"turns":3},{"damage":43,"enemies":"3 Sentries","floor":7,"turns":7},{"damage":33,"enemies":"Exordium Thugs","floor":12,"turns":4}],"seed_played":"-4598430683900350213","potions_obtained":[],"is_trial":false,"path_per_floor":["M","?","M","?","M","R","E","R","T","R","?","M"],"character_chosen":"IRONCLAD","items_purchased":[],"campfire_rested":1,"item_purchase_floors":[],"current_hp_per_floor":[80,60,54,54,54,54,17,41,41,41,41,10],"gold":295,"neow_bonus":"THREE_RARE_CARDS","is_prod":false,"is_daily":false,"chose_seed":false,"campfire_upgraded":2,"win_rate":0.0,"timestamp":1565454972,"path_taken":["M","?","M","?","M","R","E","R","T","R","?","M"],"build_version":"2019-07-17","purchased_purges":0,"victory":false,"max_hp_per_floor":[80,80,80,80,80,80,80,80,80,80,80,80],"card_choices":[{"not_picked":["Reaper","Dark Embrace"],"picked":"Demon Form","floor":0},{"not_picked":["Anger","Feel No Pain"],"picked":"Pommel Strike","floor":1},{"not_picked":["Wild Strike","Perfected Strike"],"picked":"Thunderclap","floor":3},{"not_picked":["Anger","Havoc"],"picked":"Headbutt","floor":5},{"not_picked":["Second Wind","Combust"],"picked":"Battle Trance","floor":7}],"player_experience":30874,"relics_obtained":[{"floor":7,"key":"Blood Vial"},{"floor":9,"key":"PreservedInsect"}],"event_choices":[{"damage_healed":0,"gold_gain":0,"player_choice":"Take Damage","damage_taken":20,"relics_obtained":["Golden Idol"],"max_hp_gain":0,"max_hp_loss":0,"event_name":"Golden Idol","floor":2,"gold_loss":0},{"damage_healed":0,"gold_gain":175,"player_choice":"AGREE","damage_taken":0,"max_hp_gain":0,"max_hp_loss":0,"event_name":"Liars Game","floor":4,"gold_loss":0,"cards_obtained":["Doubt"]},{"damage_healed":0,"gold_gain":0,"player_choice":"1 cards matched","damage_taken":0,"max_hp_gain":0,"max_hp_loss":0,"event_name":"Match and Keep!","floor":11,"gold_loss":0,"cards_obtained":["Bash"]}],"is_beta":false,"boss_relics":[],"items_purged_floors":[],"is_endless":false,"potions_floor_spawned":[],"killed_by":"Exordium Thugs","ascension_level":0}