{"gold_per_floor":[119,132,132,51,51,51,51,62,62,62,78,92,92,110,110,110],"floor_reached":16,"playtime":487,"items_purged":[],"score":97,"play_id":"24ed7255-1479-4a9e-9e7d-48ef6b7c4345","local_time":"20190901215121","is_ascension_mode":true,"campfire_choices":[{"data":"Flash of Steel","floor":6.0,"key":"SMITH"},{"data":"Flex","floor":13,"key":"SMITH"},{"floor":15,"key":"REST"}],"neow_cost":"NONE","seed_source_timestamp":256095259437500,"circlet_count":0,"master_deck":["Strike_R","Strike_R","Strike_R","Strike_R","Strike_R","Defend_R","Defend_R","Defend_R","Defend_R","Bash+1","Flash of Steel+1","Decay","Dual Wield+1","Flex+1"],"special_seed":0,"relics":["Burning Blood","Bottled Lightning"],"potions_floor_usage":[14,16],"damage_taken":[{"damage":2.0,"enemies":"2 Louse","floor":1.0,"turns":4.0},{"damage":1.0,"enemies":"Cultist","floor":2.0,"turns":3.0},{"damage":11.0,"enemies":"Jaw Worm","floor":8.0,"turns":2.0},{"damage":31,"enemies":"Gremlin Gang","floor":11,"turns":4},{"damage":12,"enemies":"Looter","floor":12,"turns":3},{"damage":22,"enemies":"Exordium Thugs","floor":14,"turns":3},{"damage":65,"enemies":"The Guardian","floor":16,"turns":8}],"seed_played":"-3716258139162972928","potions_obtained":[{"floor":2.0,"key":"SpeedPotion"},{"floor":11,"key":"Regen Potion"},{"floor":14,"key":"Poison Potion"}],"is_trial":false,"path_per_floor":["M","M","?","$","?","R","$","M","T","?","M","M","R","M","R","B"],"character_chosen":"IRONCLAD","items_purchased":["Flash of Steel"],"campfire_rested":1,"item_purchase_floors":[4],"current_hp_per_floor":[80,80,80,80,80,80,80,75,75,75,50,44,44,37,61,0],"gold":110,"neow_bonus":"UPGRADE_CARD","is_prod":false,"is_daily":false,"chose_seed":false,"campfire_upgraded":2,"win_rate":0,"timestamp":1567399881,"path_taken":["M","M","?","?","?","R","$","?","T","?","M","?","R","M","R","BOSS"],"build_version":"2019-07-17","purchased_purges":0,"victory":false,"max_hp_per_floor":[80,80,80,80,80,80,80,80,80,80,80,80,80,80,80,80],"card_choices":[{"not_picked":["Anger","Armaments","True Grit"],"picked":"SKIP","floor":1.0},{"not_picked":["Sword Boomerang","Havoc","Twin Strike"],"picked":"SKIP","floor":2.0},{"not_picked":["Combust","Anger"],"picked":"Dual Wield","floor":8.0},{"not_picked":["Rampage","Evolve","Twin Strike"],"picked":"SKIP","floor":11},{"not_picked":["Fire Breathing","Sever Soul"],"picked":"Flex","floor":12},{"not_picked":["Twin Strike","Whirlwind","Iron Wave"],"picked":"SKIP","floor":14}],"player_experience":748725,"relics_obtained":[{"floor":9.0,"key":"Bottled Lightning"}],"event_choices":[{"damage_healed":0.0,"max_hp_gain":0.0,"max_hp_loss":0.0,"gold_gain":0.0,"event_name":"NoteForYourself","player_choice":"Ignored","floor":3.0,"gold_loss":0.0,"damage_taken":0.0},{"damage_healed":0.0,"max_hp_gain":0.0,"max_hp_loss":0.0,"gold_gain":0.0,"event_name":"Wheel of Change","player_choice":"Cursed","floor":5.0,"gold_loss":0.0,"damage_taken":0.0,"cards_obtained":["Decay"]},{"damage_healed":0,"gold_gain":0,"player_choice":"Upgraded","damage_taken":0,"max_hp_gain":0,"max_hp_loss":0,"event_name":"Upgrade Shrine","floor":10,"gold_loss":0,"cards_upgraded":["Dual Wield"]}],"is_beta":false,"boss_relics":[],"items_purged_floors":[],"is_endless":false,"potions_floor_spawned":[2,11,14],"killed_by":"The Guardian","ascension_level":1}