{"gold_per_floor":[15,35,35,45,17,51,51,69,69,69,84,84,104,104,104,207,207,221,235,249,249,249,249,268,268],"floor_reached":25,"playtime":1553,"items_purged":[],"score":321,"play_id":"3abd871c-f7d0-4444-92d2-cb9047b49b85","local_time":"20190903010818","is_ascension_mode":true,"campfire_choices":[{"floor":7,"key":"REST"},{"data":"Armaments","floor":10,"key":"SMITH"},{"data":"Metallicize","floor":12,"key":"SMITH"},{"floor":15,"key":"REST"},{"floor":23,"key":"REST"}],"neow_cost":"NO_GOLD","seed_source_timestamp":33496802925457,"circlet_count":0,"master_deck":["AscendersBane","Strike_R","Strike_R","Strike_R","Strike_R","Strike_R","Defend_R","Defend_R","Defend_R","Defend_R","Bash","Purity","Finesse","Iron Wave","Armaments+1","Madness","Metallicize+1","Shrug It Off","Body Slam","Body Slam","Battle Trance"],"special_seed":0,"relics":["Burning Blood","Mercury Hourglass","Singing Bowl","Bag of Preparation","Eternal Feather","Nilry\u0027s Codex"],"potions_floor_usage":[16,16,25],"damage_taken":[{"damage":4.0,"enemies":"Jaw Worm","floor":1.0,"turns":6.0},{"damage":0.0,"enemies":"Cultist","floor":2.0,"turns":4.0},{"damage":0.0,"enemies":"Small Slimes","floor":4.0,"turns":3.0},{"damage":10.0,"enemies":"Exordium Thugs","floor":5.0,"turns":5.0},{"damage":63,"enemies":"Lagavulin","floor":6,"turns":7},{"damage":4,"enemies":"Large Slime","floor":8,"turns":7},{"damage":8,"enemies":"Looter","floor":11,"turns":4},{"damage":14,"enemies":"2 Fungi Beasts","floor":13,"turns":4},{"damage":35,"enemies":"Slime Boss","floor":16,"turns":17},{"damage":13,"enemies":"Spheric Guardian","floor":18,"turns":8},{"damage":7,"enemies":"Shell Parasite","floor":19,"turns":8},{"damage":35,"enemies":"Snecko","floor":20,"turns":6},{"damage":10,"enemies":"Centurion and Healer","floor":24,"turns":8},{"damage":61,"enemies":"Slavers","floor":25,"turns":6}],"seed_played":"1693794675840985807","potions_obtained":[{"floor":1.0,"key":"SpeedPotion"},{"floor":2.0,"key":"SpeedPotion"},{"floor":13,"key":"Poison Potion"},{"floor":16,"key":"SpeedPotion"},{"floor":18,"key":"LiquidBronze"}],"is_trial":false,"path_per_floor":["M","M","?","M","M","E","R","M","T","R","M","R","M","?","R","B",null,"M","M","M","?","?","R","M","E"],"character_chosen":"IRONCLAD","items_purchased":[],"campfire_rested":3,"item_purchase_floors":[],"current_hp_per_floor":[74,80,80,80,76,19,43,45,45,45,43,43,35,28,52,25,68,63,62,35,19,19,56,54,0],"gold":268,"neow_bonus":"RANDOM_COLORLESS_2","is_prod":false,"is_daily":false,"chose_seed":false,"campfire_upgraded":2,"win_rate":0,"timestamp":1567465698,"path_taken":["M","M","?","?","M","E","R","M","T","R","M","R","M","?","R","BOSS","M","M","M","?","?","R","M","E"],"build_version":"2019-07-17","purchased_purges":0,"victory":false,"max_hp_per_floor":[80,80,80,80,80,80,80,80,80,80,80,80,80,80,80,82,82,84,84,86,86,86,86,88,88],"card_choices":[{"not_picked":["Dual Wield","Wild Strike"],"picked":"Iron Wave","floor":1.0},{"not_picked":["Sever Soul","Inflame"],"picked":"Armaments","floor":2.0},{"not_picked":["Havoc","Armaments","Fiend Fire"],"picked":"SKIP","floor":4.0},{"not_picked":["Sever Soul","Iron Wave","Searing Blow"],"picked":"SKIP","floor":5.0},{"not_picked":["Rage","Berserk","Fiend Fire"],"picked":"SKIP","floor":6},{"not_picked":["Reckless Charge","Twin Strike"],"picked":"Metallicize","floor":8},{"not_picked":["Clothesline","Armaments"],"picked":"Shrug It Off","floor":11},{"not_picked":["Reckless Charge","Fire Breathing"],"picked":"Body Slam","floor":13},{"not_picked":["Bludgeon","Berserk","Double Tap"],"picked":"Singing Bowl","floor":16},{"not_picked":["Wild Strike","Clothesline+1","Anger+1"],"picked":"Singing Bowl","floor":18},{"not_picked":["Blood for Blood","Heavy Blade"],"picked":"Body Slam","floor":19},{"not_picked":["Rupture","Pommel Strike+1","Disarm"],"picked":"Singing Bowl","floor":20},{"not_picked":["Heavy Blade","Cleave","Wild Strike+1"],"picked":"Singing Bowl","floor":24}],"player_experience":195390,"relics_obtained":[{"floor":6,"key":"Mercury Hourglass"},{"floor":9,"key":"Singing Bowl"},{"floor":21,"key":"Nilry\u0027s Codex"}],"event_choices":[{"damage_healed":0.0,"max_hp_gain":0.0,"max_hp_loss":0.0,"gold_gain":0.0,"event_name":"Match and Keep!","player_choice":"1 cards matched","floor":3.0,"gold_loss":0.0,"damage_taken":0.0,"cards_obtained":["Madness"]},{"damage_healed":0,"gold_gain":0,"player_choice":"Success","damage_taken":7,"relics_obtained":["Bag of Preparation"],"max_hp_gain":0,"max_hp_loss":0,"event_name":"Scrap Ooze","floor":14,"gold_loss":0},{"damage_healed":0,"gold_gain":0,"player_choice":"Obtained Book","damage_taken":16,"max_hp_gain":0,"max_hp_loss":0,"event_name":"Cursed Tome","floor":21,"gold_loss":0},{"damage_healed":0,"gold_gain":0,"player_choice":"Read","damage_taken":0,"max_hp_gain":0,"max_hp_loss":0,"event_name":"The Library","floor":22,"gold_loss":0,"cards_obtained":["Battle Trance"]}],"is_beta":false,"boss_relics":[{"not_picked":["White Beast Statue","Tiny House"],"picked":"Eternal Feather"}],"items_purged_floors":[],"is_endless":false,"potions_floor_spawned":[1,2,13,16,18],"killed_by":"Slavers","ascension_level":11}