{"gold_per_floor":[113,126,140,65,65,98,111,144,167,167,180,180,215,235,235,340,340,359,284,334,352,57,88,107,132,201,213,241,299,334,360,360,457,457,467,477,477,522,539,539,553,553,553,553,77,95,95,114,114,114,114,114,0,29,29],"floor_reached":56,"playtime":16749,"items_purged":["Strike_R","Strike_R"],"score":1315,"play_id":"b99e78be-8c31-4282-b7f7-2ec2d8ef009c","local_time":"20190702162602","is_ascension_mode":true,"campfire_choices":[{"data":"Immolate","floor":10.0,"key":"SMITH"},{"data":"Dark Embrace","floor":12.0,"key":"SMITH"},{"data":"Rampage","floor":15.0,"key":"SMITH"},{"data":"Bash","floor":32.0,"key":"SMITH"},{"data":"Corruption","floor":40.0,"key":"SMITH"},{"data":"True Grit","floor":44.0,"key":"SMITH"},{"data":"Juggernaut","floor":47.0,"key":"SMITH"},{"floor":49.0,"key":"RECALL"},{"data":"Flame Barrier","floor":52.0,"key":"SMITH"}],"neow_cost":"PERCENT_DAMAGE","seed_source_timestamp":0,"circlet_count":0,"master_deck":["Defend_R","Defend_R","Defend_R","Defend_R","Bash+1","Rage","Immolate+1","Headbutt","Pommel Strike","True Grit+1","Rampage+1","Flame Barrier+1","Shrug It Off","Dark Embrace+1","Pummel","Feed","Intimidate","Seeing Red","Feel No Pain+1","Inflame","Intimidate+1","Juggernaut+1","Headbutt+1","Mayhem","Sadistic Nature","Transmutation","Corruption+1","Pummel+1","Battle Trance+1","Offering+1","Offering+1","Feel No Pain","Metallicize+1"],"special_seed":0,"relics":["Burning Blood","Vajra","Orichalcum","Happy Flower","Bronze Scales","Letter Opener","Velvet Choker","Bottled Flame","Incense Burner","WingedGreaves","Unceasing Top","Tiny Chest","Meat on the Bone","Red Mask","White Beast Statue","Lantern","Question Card","Membership Card","Toxic Egg 2","Red Skull"],"potions_floor_usage":[55,55,55],"damage_taken":[{"damage":0.0,"enemies":"2 Louse","floor":1.0,"turns":2.0},{"damage":0.0,"enemies":"Small Slimes","floor":2.0,"turns":2.0},{"damage":0.0,"enemies":"Cultist","floor":3.0,"turns":3.0},{"damage":28.0,"enemies":"Gremlin Nob","floor":6.0,"turns":4.0},{"damage":4.0,"enemies":"Lots of Slimes","floor":7.0,"turns":3.0},{"damage":3.0,"enemies":"3 Sentries","floor":8.0,"turns":2.0},{"damage":1.0,"enemies":"Large Slime","floor":11.0,"turns":2.0},{"damage":30.0,"enemies":"Lagavulin","floor":13.0,"turns":6.0},{"damage":0.0,"enemies":"Exordium Wildlife","floor":14.0,"turns":2.0},{"damage":15.0,"enemies":"Slime Boss","floor":16.0,"turns":8.0},{"damage":8.0,"enemies":"Shell Parasite","floor":18.0,"turns":4.0},{"damage":0.0,"enemies":"Chosen","floor":21.0,"turns":4.0},{"damage":0.0,"enemies":"Gremlin Leader","floor":23.0,"turns":3.0},{"damage":15.0,"enemies":"Snake Plant","floor":24.0,"turns":2.0},{"damage":10.0,"enemies":"Slavers","floor":25.0,"turns":3.0},{"damage":12.0,"enemies":"Snecko","floor":27.0,"turns":4.0},{"damage":10.0,"enemies":"Book of Stabbing","floor":28.0,"turns":5.0},{"damage":4.0,"enemies":"Gremlin Leader","floor":29.0,"turns":4.0},{"damage":1.0,"enemies":"Slavers","floor":30.0,"turns":3.0},{"damage":0.0,"enemies":"Masked Bandits","floor":31.0,"turns":1.0},{"damage":41.0,"enemies":"Champ","floor":33.0,"turns":11.0},{"damage":8.0,"enemies":"3 Shapes","floor":35.0,"turns":2.0},{"damage":0.0,"enemies":"Orb Walker","floor":36.0,"turns":3.0},{"damage":14.0,"enemies":"Sphere and 2 Shapes","floor":39.0,"turns":4.0},{"damage":1.0,"enemies":"Jaw Worm Horde","floor":41.0,"turns":2.0},{"damage":13.0,"enemies":"Maw","floor":46.0,"turns":6.0},{"damage":2.0,"enemies":"Sphere and 2 Shapes","floor":48.0,"turns":3.0},{"damage":30.0,"enemies":"Donu and Deca","floor":50.0,"turns":7.0},{"damage":51.0,"enemies":"Shield and Spear","floor":54.0,"turns":6.0},{"damage":79,"enemies":"The Heart","floor":55,"turns":7}],"seed_played":"5616781265236640452","potions_obtained":[{"floor":6.0,"key":"Regen Potion"},{"floor":8.0,"key":"Energy Potion"},{"floor":11.0,"key":"PowerPotion"},{"floor":13.0,"key":"Dexterity Potion"},{"floor":16.0,"key":"Regen Potion"},{"floor":18.0,"key":"LiquidBronze"},{"floor":24.0,"key":"EssenceOfSteel"},{"floor":25.0,"key":"FearPotion"},{"floor":28.0,"key":"Weak Potion"},{"floor":30.0,"key":"Strength Potion"},{"floor":33.0,"key":"AttackPotion"},{"floor":35.0,"key":"Swift Potion"},{"floor":36.0,"key":"PowerPotion"},{"floor":39.0,"key":"Ancient Potion"},{"floor":41.0,"key":"EssenceOfSteel"},{"floor":46.0,"key":"EssenceOfSteel"},{"floor":54.0,"key":"Regen Potion"}],"is_trial":false,"path_per_floor":["M","M","M","$","?","E","M","E","T","R","M","R","E","M","R","B",null,"M","?","?","M","$","E","M","E","T","M","E","E","E","?","R","B",null,"M","M","?","T","M","R","M","?","T","R","$","M","R","M","R","B",null,"R","$","E","B",null],"character_chosen":"IRONCLAD","items_purchased":["Feel No Pain","Bottled Flame","Membership Card","Toxic Egg 2","Battle Trance+1","Offering+1","LiquidBronze","LiquidBronze","Feel No Pain"],"campfire_rested":0,"item_purchase_floors":[22,22,45,45,45,45,53,53,53],"current_hp_per_floor":[62,68,74,74,62,40,42,45,45,45,50,50,40,46,46,37,80,78,78,78,80,80,80,71,70,70,67,63,65,73,79,79,56,89,87,89,79,79,74,74,79,79,79,79,79,72,72,79,79,58,98,98,98,65,19],"gold":29,"neow_bonus":"TRANSFORM_TWO_CARDS","is_prod":false,"is_daily":false,"chose_seed":false,"campfire_upgraded":8,"win_rate":0,"timestamp":1562109962,"path_taken":["M","M","M","$","?","E","M","E","T","R","M","R","E","M","R","BOSS","M","?","?","?","$","E","M","E","T","?","E","E","E","?","R","BOSS","M","M","?","?","?","R","M","?","T","R","$","M","R","?","R","BOSS","R","$","E","BOSS"],"build_version":"2019-07-01","purchased_purges":2,"victory":true,"max_hp_per_floor":[80,80,80,80,80,80,80,80,80,80,80,80,80,80,80,80,80,80,80,80,80,80,80,80,83,83,86,86,86,89,89,89,89,89,89,89,89,89,92,92,92,92,92,92,92,92,92,95,95,98,98,98,98,98,98],"card_choices":[{"not_picked":["Shrug It Off","Sword Boomerang"],"picked":"Headbutt","floor":1.0},{"not_picked":["Perfected Strike","Body Slam"],"picked":"Pommel Strike","floor":2.0},{"not_picked":["Inflame","Carnage"],"picked":"True Grit","floor":3.0},{"not_picked":["Clash","Rage"],"picked":"Rampage","floor":6.0},{"not_picked":["Rupture","Rage"],"picked":"Flame Barrier","floor":7.0},{"not_picked":["Iron Wave","Corruption"],"picked":"Shrug It Off","floor":8.0},{"not_picked":["Wild Strike","Power Through"],"picked":"Dark Embrace","floor":11.0},{"not_picked":["Second Wind","Blood for Blood"],"picked":"Pummel","floor":13.0},{"not_picked":["Clash","Rage","Fire Breathing"],"picked":"SKIP","floor":14.0},{"not_picked":["Bludgeon","Brutality"],"picked":"Feed","floor":16.0},{"not_picked":["Searing Blow","Clothesline"],"picked":"Intimidate","floor":18.0},{"not_picked":["Headbutt","Power Through"],"picked":"Seeing Red","floor":21.0},{"not_picked":["Pommel Strike","Body Slam+1"],"picked":"Inflame","floor":23.0},{"not_picked":["Brutality","Rage","Ghostly Armor+1"],"picked":"SKIP","floor":24.0},{"not_picked":["Ghostly Armor","Twin Strike"],"picked":"Intimidate+1","floor":25.0},{"not_picked":["Reckless Charge","Clash","Flex+1"],"picked":"SKIP","floor":27.0},{"not_picked":["Clothesline","Shrug It Off","Entrench+1"],"picked":"SKIP","floor":28.0},{"not_picked":["Uppercut+1","Twin Strike","Feel No Pain+1"],"picked":"SKIP","floor":29.0},{"not_picked":["Dual Wield+1","Shrug It Off","Wild Strike+1"],"picked":"SKIP","floor":30.0},{"not_picked":["Bludgeon","Immolate"],"picked":"Juggernaut","floor":33.0},{"not_picked":["Second Wind","Heavy Blade","Pommel Strike"],"picked":"SKIP","floor":35.0},{"not_picked":["Fire Breathing+1","Iron Wave"],"picked":"Headbutt+1","floor":36.0},{"not_picked":["Flash of Steel","Swift Strike"],"picked":"Mayhem","floor":37.0},{"not_picked":["Forethought","Deep Breath"],"picked":"Sadistic Nature","floor":37.0},{"not_picked":["Bandage Up","Jack Of All Trades"],"picked":"Transmutation","floor":37.0},{"not_picked":["Heavy Blade","Pommel Strike"],"picked":"Corruption","floor":39.0},{"not_picked":["Intimidate+1","Headbutt"],"picked":"Pummel+1","floor":41.0},{"not_picked":["Perfected Strike","Pummel","Flex+1"],"picked":"Offering+1","floor":46.0},{"not_picked":["Clothesline+1","Entrench+1","Thunderclap","Flex+1"],"picked":"SKIP","floor":48.0},{"not_picked":["Second Wind+1","Rupture","Perfected Strike+1"],"picked":"Metallicize+1","floor":54.0}],"player_experience":113195,"relics_obtained":[{"floor":6.0,"key":"Orichalcum"},{"floor":8.0,"key":"Happy Flower"},{"floor":9.0,"key":"Bronze Scales"},{"floor":13.0,"key":"Letter Opener"},{"floor":23.0,"key":"Incense Burner"},{"floor":25.0,"key":"WingedGreaves"},{"floor":28.0,"key":"Unceasing Top"},{"floor":29.0,"key":"Tiny Chest"},{"floor":30.0,"key":"Meat on the Bone"},{"floor":31.0,"key":"Red Mask"},{"floor":38.0,"key":"Lantern"},{"floor":43.0,"key":"Question Card"},{"floor":54.0,"key":"Red Skull"}],"event_choices":[{"damage_healed":0.0,"max_hp_gain":0.0,"max_hp_loss":0.0,"gold_gain":0.0,"event_name":"Scrap Ooze","player_choice":"Success","floor":5.0,"gold_loss":0.0,"damage_taken":12.0,"relics_obtained":["Vajra"]},{"cards_removed":["Strike_R"],"damage_healed":0.0,"max_hp_gain":0.0,"max_hp_loss":0.0,"gold_gain":0.0,"event_name":"Beggar","player_choice":"Gave Gold","floor":19.0,"gold_loss":75.0,"damage_taken":0.0},{"damage_healed":0.0,"max_hp_gain":0.0,"max_hp_loss":0.0,"gold_gain":100.0,"event_name":"The Joust","player_choice":"Bet on Murderer","floor":20.0,"gold_loss":50.0,"damage_taken":0.0},{"damage_healed":0.0,"max_hp_gain":0.0,"max_hp_loss":0.0,"gold_gain":0.0,"event_name":"Masked Bandits","player_choice":"Fought Bandits","floor":31.0,"gold_loss":0.0,"damage_taken":0.0},{"damage_healed":0.0,"max_hp_gain":0.0,"max_hp_loss":0.0,"gold_gain":0.0,"event_name":"SensoryStone","player_choice":"Memory 3","floor":37.0,"gold_loss":0.0,"damage_taken":10.0},{"damage_healed":0.0,"max_hp_gain":0.0,"max_hp_loss":0.0,"gold_gain":0.0,"event_name":"Upgrade Shrine","player_choice":"Upgraded","floor":42.0,"gold_loss":0.0,"damage_taken":0.0,"cards_upgraded":["Feel No Pain"]}],"is_beta":false,"boss_relics":[{"not_picked":["Runic Pyramid","Orrery"],"picked":"Velvet Choker"},{"not_picked":["Cursed Key","Black Star"],"picked":"White Beast Statue"}],"items_purged_floors":[4,45],"is_endless":false,"potions_floor_spawned":[6,8,11,13,16,18,24,25,28,30,33,35,36,39,41,46,48,54],"ascension_level":1}