{"gold_per_floor":[15,30,50,62,62,62,79,79,79,79,96,106,106,106,106,184,184,203,203,203,222,165,165,178,178,178,178,198,198,198,208,208,208],"floor_reached":33,"playtime":1415,"items_purged":[],"score":503,"play_id":"8a302649-e452-4e8b-a34b-fdc530248374","local_time":"20190719165331","is_ascension_mode":true,"campfire_choices":[{"data":"Buffer","floor":6.0,"key":"SMITH"},{"data":"Loop","floor":8.0,"key":"SMITH"},{"data":"Turbo","floor":10.0,"key":"SMITH"},{"data":"Zap","floor":15.0,"key":"SMITH"},{"data":"Biased Cognition","floor":23.0,"key":"SMITH"},{"data":"Hologram","floor":25.0,"key":"SMITH"},{"data":"Static Discharge","floor":27.0,"key":"SMITH"},{"data":"Reboot","floor":29.0,"key":"SMITH"},{"floor":32,"key":"RECALL"}],"neow_cost":"NO_GOLD","seed_source_timestamp":547101050094774,"circlet_count":0,"master_deck":["AscendersBane","Defend_B","Defend_B","Defend_B","Defend_B","Zap+1","Dualcast","Buffer+1","Turbo+1","Skim+1","Cold Snap","Cold Snap","Skim","Loop+1","Reboot+1","Go for the Eyes+1","Biased Cognition+1","Go for the Eyes+1","Blizzard+1","Skim","Static Discharge+1","Ball Lightning+1","Hologram+1","Cold Snap+1","Cold Snap+1","Sunder+1"],"special_seed":0,"relics":["Cracked Core","Cables","Molten Egg 2","Inserter"],"potions_floor_usage":[30],"damage_taken":[{"damage":3.0,"enemies":"2 Louse","floor":1.0,"turns":2.0},{"damage":9.0,"enemies":"Jaw Worm","floor":2.0,"turns":4.0},{"damage":3.0,"enemies":"Small Slimes","floor":3.0,"turns":4.0},{"damage":2.0,"enemies":"2 Fungi Beasts","floor":4.0,"turns":5.0},{"damage":0.0,"enemies":"Looter","floor":7.0,"turns":3.0},{"damage":8.0,"enemies":"Exordium Wildlife","floor":11.0,"turns":4.0},{"damage":0.0,"enemies":"3 Louse","floor":12.0,"turns":5.0},{"damage":4.0,"enemies":"The Guardian","floor":16.0,"turns":15.0},{"damage":6.0,"enemies":"Chosen","floor":18.0,"turns":4.0},{"damage":4.0,"enemies":"3 Byrds","floor":21.0,"turns":4.0},{"damage":16.0,"enemies":"Cultist and Chosen","floor":24.0,"turns":4.0},{"damage":0.0,"enemies":"Centurion and Healer","floor":28.0,"turns":7.0},{"damage":0,"enemies":"Masked Bandits","floor":30,"turns":1},{"damage":0,"enemies":"Sentry and Sphere","floor":31,"turns":6},{"damage":36,"enemies":"Champ","floor":33,"turns":3}],"seed_played":"-1446524061115407324","potions_obtained":[{"floor":1.0,"key":"Energy Potion"},{"floor":2.0,"key":"Ancient Potion"},{"floor":4.0,"key":"EssenceOfSteel"},{"floor":11.0,"key":"SmokeBomb"},{"floor":21.0,"key":"Swift Potion"},{"floor":28.0,"key":"SteroidPotion"}],"is_trial":false,"path_per_floor":["M","M","M","M","?","R","M","R","T","R","M","M","T","?","R","B",null,"M","?","?","M","$","R","M","R","T","R","M","R","?","M","R","B"],"character_chosen":"DEFECT","items_purchased":["Hologram"],"campfire_rested":0,"item_purchase_floors":[22],"current_hp_per_floor":[61,52,49,47,47,47,47,47,47,47,39,39,39,18,18,14,57,51,51,51,47,47,47,31,31,31,31,31,31,31,31,31,0],"gold":208,"neow_bonus":"TRANSFORM_TWO_CARDS","is_prod":false,"is_daily":false,"chose_seed":false,"campfire_upgraded":8,"win_rate":0,"timestamp":1563580411,"path_taken":["M","M","M","M","?","R","M","R","T","R","M","M","?","?","R","BOSS","M","?","?","M","$","R","M","R","T","R","M","R","?","M","R","BOSS"],"build_version":"2019-07-18","purchased_purges":0,"victory":false,"max_hp_per_floor":[71,71,71,71,71,71,71,71,71,71,71,71,71,71,71,71,71,71,71,71,71,71,71,71,71,71,71,71,71,71,71,71,71],"card_choices":[{"not_picked":["Turbo","FTL"],"picked":"Skim","floor":1.0},{"not_picked":["BootSequence","Compile Driver"],"picked":"Cold Snap","floor":2.0},{"not_picked":["Turbo","Ball Lightning"],"picked":"Cold Snap","floor":3.0},{"not_picked":["Leap","FTL"],"picked":"Skim","floor":4.0},{"not_picked":["Compile Driver","Beam Cell"],"picked":"Loop","floor":7.0},{"not_picked":["Chaos","Heatsinks"],"picked":"Reboot","floor":11.0},{"not_picked":["Scrape","Hello World"],"picked":"Go for the Eyes","floor":12.0},{"not_picked":["Thunder Strike+1","Creative AI"],"picked":"Biased Cognition","floor":16.0},{"not_picked":["Reprogram","Melter+1"],"picked":"Go for the Eyes+1","floor":18.0},{"not_picked":["Beam Cell+1","Tempest"],"picked":"Ball Lightning+1","floor":21.0},{"not_picked":["Turbo","Gash+1"],"picked":"Cold Snap+1","floor":24.0},{"not_picked":["Ball Lightning+1","Gash+1"],"picked":"Cold Snap+1","floor":28.0},{"not_picked":["Streamline+1","Steam Power"],"picked":"Sunder+1","floor":31}],"player_experience":2828318,"relics_obtained":[{"floor":9.0,"key":"Cables"},{"floor":13.0,"key":"Molten Egg 2"}],"event_choices":[{"damage_healed":0.0,"max_hp_gain":0.0,"max_hp_loss":0.0,"gold_gain":0.0,"cards_transformed":["Strike_B"],"event_name":"Living Wall","player_choice":"Change","floor":5.0,"gold_loss":0.0,"damage_taken":0.0,"cards_obtained":["Go for the Eyes"]},{"damage_healed":0.0,"max_hp_gain":0.0,"max_hp_loss":0.0,"gold_gain":0.0,"event_name":"Shining Light","player_choice":"Entered Light","floor":14.0,"gold_loss":0.0,"damage_taken":21.0,"cards_upgraded":["Skim","Go for the Eyes"]},{"damage_healed":0.0,"max_hp_gain":0.0,"max_hp_loss":0.0,"gold_gain":0.0,"event_name":"The Library","player_choice":"Read","floor":19.0,"gold_loss":0.0,"damage_taken":0.0,"cards_obtained":["Blizzard"]},{"damage_healed":0.0,"max_hp_gain":0.0,"max_hp_loss":0.0,"gold_gain":0.0,"cards_transformed":["Strike_B","Go for the Eyes"],"event_name":"Drug Dealer","player_choice":"Became Test Subject","floor":20.0,"gold_loss":0.0,"damage_taken":0.0,"cards_obtained":["Skim","Static Discharge"]},{"damage_healed":0,"gold_gain":0,"player_choice":"Fought Bandits","damage_taken":0,"max_hp_gain":0,"max_hp_loss":0,"event_name":"Masked Bandits","floor":30,"gold_loss":0}],"is_beta":true,"boss_relics":[{"not_picked":["Velvet Choker","Sozu"],"picked":"Inserter"}],"items_purged_floors":[],"is_endless":false,"potions_floor_spawned":[1,2,4,11,21,28],"killed_by":"Champ","ascension_level":20}