{"gold_per_floor":[117,117,35,35,51,76,76,105,105,115,134,161,176,196,196,295,295,313,326,326,326,340,340,372,312,394,394,97,123,143,169,169,272,272,290,270,290,310,324,324],"floor_reached":40,"playtime":1212,"items_purged":["Decay"],"score":854,"play_id":"f0999b84-8728-413a-bb20-2a01962c728a","local_time":"20190325161249","is_ascension_mode":true,"campfire_choices":[{"data":"True Grit","floor":7,"key":"SMITH"},{"data":"Demon Form","floor":15,"key":"SMITH"},{"data":"Limit Break","floor":23,"key":"SMITH"},{"data":"Battle Trance","floor":27,"key":"SMITH"},{"floor":32,"key":"REST"}],"neow_cost":"NONE","seed_source_timestamp":1030113534251064,"circlet_count":0,"master_deck":["AscendersBane","Defend_R","Defend_R","Defend_R","Defend_R","Bash","Armaments+1","Whirlwind+1","True Grit+1","Limit Break+1","Battle Trance+1","Iron Wave+1","Demon Form+1","Sword Boomerang+1","Heavy Blade+1","Offering","Disarm+1","Bite+1","Bite+1","Bite+1","Bite+1","Bite+1","Combust","Reckless Charge+1","Corruption","Sword Boomerang+1","Feel No Pain","Reaper+1","Reaper+1"],"relics":["Burning Blood","NeowsBlessing","Molten Egg 2","Lantern","Orichalcum","Art of War","Cursed Key","Happy Flower","Mercury Hourglass","Centennial Puzzle","Sundial","Prayer Wheel","Busted Crown"],"potions_floor_usage":[8,16,19,29,37],"damage_taken":[{"damage":0,"enemies":"Small Slimes","floor":1,"turns":1},{"damage":0,"enemies":"Jaw Worm","floor":5,"turns":1},{"damage":0,"enemies":"Gremlin Nob","floor":6,"turns":1},{"damage":36,"enemies":"Lagavulin","floor":8,"turns":9},{"damage":0,"enemies":"Cultist","floor":10,"turns":3},{"damage":16,"enemies":"Exordium Thugs","floor":11,"turns":5},{"damage":18,"enemies":"Gremlin Nob","floor":12,"turns":5},{"damage":4,"enemies":"3 Louse","floor":13,"turns":3},{"damage":1,"enemies":"Red Slaver","floor":14,"turns":5},{"damage":23,"enemies":"Hexaghost","floor":16,"turns":6},{"damage":3,"enemies":"3 Byrds","floor":18,"turns":3},{"damage":22,"enemies":"2 Thieves","floor":19,"turns":4},{"damage":23,"enemies":"Centurion and Healer","floor":22,"turns":5},{"damage":33,"enemies":"Gremlin Leader","floor":24,"turns":4},{"damage":45,"enemies":"Book of Stabbing","floor":29,"turns":5},{"damage":20,"enemies":"Snake Plant","floor":30,"turns":4},{"damage":45,"enemies":"Slavers","floor":31,"turns":5},{"damage":49,"enemies":"Champ","floor":33,"turns":7},{"damage":20,"enemies":"3 Shapes","floor":35,"turns":2},{"damage":30,"enemies":"Orb Walker","floor":37,"turns":4},{"damage":49,"enemies":"Jaw Worm Horde","floor":38,"turns":4},{"damage":43,"enemies":"Writhing Mass","floor":39,"turns":4},{"damage":86,"enemies":"Nemesis","floor":40,"turns":5}],"seed_played":"8433208078256276895","potions_obtained":[{"floor":1,"key":"BloodPotion"},{"floor":5,"key":"Swift Potion"},{"floor":10,"key":"BloodPotion"},{"floor":16,"key":"SteroidPotion"},{"floor":18,"key":"Energy Potion"},{"floor":29,"key":"Ancient Potion"},{"floor":31,"key":"FearPotion"},{"floor":36,"key":"BloodPotion"},{"floor":38,"key":"SteroidPotion"}],"is_trial":false,"path_per_floor":["M","?","$","?","M","E","R","E","T","M","M","E","M","M","R","B",null,"M","M","?","?","M","R","E","?","T","R","$","E","M","E","R","B",null,"M","?","M","M","M","E"],"character_chosen":"IRONCLAD","items_purchased":["Whirlwind+1","Corruption","Centennial Puzzle"],"campfire_rested":1,"item_purchase_floors":[3,28,28],"current_hp_per_floor":[78,75,75,75,80,80,80,58,58,66,58,48,52,59,59,44,71,76,62,62,62,66,66,51,51,51,51,51,44,39,12,36,47,72,58,58,62,78,55,0],"gold":324,"neow_bonus":"THREE_ENEMY_KILL","is_prod":false,"is_daily":false,"chose_seed":false,"campfire_upgraded":4,"win_rate":0,"timestamp":1553544769,"path_taken":["M","?","$","?","M","E","R","E","T","M","M","E","M","?","R","BOSS","M","M","?","?","M","R","E","?","T","R","$","E","M","E","R","BOSS","M","?","M","M","?","E"],"build_version":"2019-01-23","purchased_purges":1,"victory":false,"max_hp_per_floor":[80,80,80,80,80,80,80,80,80,80,80,80,80,80,80,80,80,80,80,80,80,80,80,80,80,80,80,80,80,80,80,80,80,80,80,80,80,80,80,80],"card_choices":[{"not_picked":["Pommel Strike","Second Wind"],"picked":"Armaments","floor":1},{"not_picked":["Headbutt+1","Warcry"],"picked":"True Grit","floor":5},{"not_picked":["Burning Pact","Twin Strike+1"],"picked":"Limit Break","floor":6},{"not_picked":["Armaments","Metallicize"],"picked":"Battle Trance","floor":8},{"not_picked":["Blood for Blood+1","Thunderclap+1"],"picked":"Iron Wave+1","floor":10},{"not_picked":["Warcry","Searing Blow+1"],"picked":"Demon Form","floor":11},{"not_picked":["Evolve","True Grit"],"picked":"Sword Boomerang+1","floor":12},{"not_picked":["Armaments","Pommel Strike+1"],"picked":"Heavy Blade+1","floor":13},{"not_picked":["Combust","Whirlwind+1","Armaments"],"picked":"SKIP","floor":14},{"not_picked":["Demon Form","Limit Break"],"picked":"Offering","floor":16},{"not_picked":["Perfected Strike+1","Headbutt+1"],"picked":"Disarm+1","floor":18},{"not_picked":["Thunderclap+1","Warcry"],"picked":"Anger+1","floor":19},{"not_picked":["Body Slam+1","Clothesline+1","Reckless Charge+1"],"picked":"SKIP","floor":22},{"not_picked":["Uppercut+1","Dark Embrace","Wild Strike+1"],"picked":"SKIP","floor":24},{"not_picked":["Warcry","Bloodletting"],"picked":"Sword Boomerang+1","floor":29},{"not_picked":["Entrench","Burning Pact"],"picked":"Feel No Pain","floor":30},{"not_picked":["Hemokinesis+1","Dual Wield"],"picked":"Reaper+1","floor":31},{"not_picked":["Immolate+1","Impervious"],"picked":"Reaper+1","floor":33},{"not_picked":["Thunderclap+1"],"picked":"SKIP","floor":35},{"not_picked":["Headbutt+1"],"picked":"SKIP","floor":35},{"not_picked":["Headbutt+1"],"picked":"SKIP","floor":37},{"not_picked":["Headbutt+1"],"picked":"SKIP","floor":37},{"not_picked":["Perfected Strike+1"],"picked":"SKIP","floor":38},{"not_picked":["Thunderclap+1"],"picked":"SKIP","floor":38},{"not_picked":["Pommel Strike+1"],"picked":"SKIP","floor":39},{"not_picked":["Sever Soul+1"],"picked":"SKIP","floor":39}],"player_experience":213764,"relics_obtained":[{"floor":6,"key":"Lantern"},{"floor":8,"key":"Blood Vial"},{"floor":9,"key":"Orichalcum"},{"floor":12,"key":"Art of War"},{"floor":24,"key":"Happy Flower"},{"floor":26,"key":"Mercury Hourglass"},{"floor":29,"key":"Sundial"},{"floor":31,"key":"Prayer Wheel"}],"event_choices":[{"damage_healed":0,"gold_gain":0,"player_choice":"Success","damage_taken":3,"relics_obtained":["Molten Egg 2"],"max_hp_gain":0,"max_hp_loss":0,"event_name":"Scrap Ooze","floor":2,"gold_loss":0},{"damage_healed":0,"gold_gain":0,"player_choice":"Upgraded","damage_taken":0,"max_hp_gain":0,"max_hp_loss":0,"event_name":"Upgrade Shrine","floor":4,"gold_loss":0,"cards_upgraded":["Armaments"]},{"damage_healed":0,"gold_gain":0,"player_choice":"Read","damage_taken":0,"max_hp_gain":0,"max_hp_loss":0,"event_name":"The Library","floor":20,"gold_loss":0,"cards_obtained":["Body Slam"]},{"damage_healed":0,"gold_gain":0,"player_choice":"Became a vampire (Vial)","damage_taken":0,"max_hp_gain":0,"max_hp_loss":0,"event_name":"Vampires","floor":21,"relics_lost":["Blood Vial"],"gold_loss":0,"cards_obtained":["Bite","Bite","Bite","Bite","Bite"]},{"damage_healed":0,"gold_gain":0,"cards_transformed":["Anger","Body Slam"],"player_choice":"Transformed Cards","damage_taken":0,"max_hp_gain":0,"max_hp_loss":0,"event_name":"Designer","floor":25,"gold_loss":60,"cards_obtained":["Combust","Reckless Charge"]},{"damage_healed":0,"gold_gain":0,"player_choice":"Bought 1 Potion","damage_taken":0,"max_hp_gain":0,"max_hp_loss":0,"event_name":"The Woman in Blue","floor":36,"gold_loss":0}],"is_beta":false,"boss_relics":[{"not_picked":["Astrolabe","Runic Pyramid"],"picked":"Cursed Key"},{"not_picked":["Coffee Dripper","White Beast Statue"],"picked":"Busted Crown"}],"items_purged_floors":[28],"is_endless":false,"potions_floor_spawned":[1,5,10,12,16,18,29,31,33,38,39],"killed_by":"Nemesis","ascension_level":12}