{"gold_per_floor":[118,118,193,212,7,35,35,60,86,86,117,4,4,42,42,170,170,185,210,210,235,27,70,70,70,118,142,142,175,190,231,231,362,362,377,396,32,32,48,83,5,38,120,156,181,181,181,197,197,197,197,197,5,46,46],"floor_reached":56,"playtime":8989,"items_purged":["Strike_G","Eviscerate"],"score":2213,"play_id":"ba55748a-5651-4799-aba6-ec768e94d47f","local_time":"20190805233154","is_ascension_mode":true,"campfire_choices":[{"data":"Terror","floor":10.0,"key":"SMITH"},{"data":"Noxious Fumes","floor":13.0,"key":"SMITH"},{"data":"The Bomb","floor":15.0,"key":"SMITH"},{"floor":24.0,"key":"RECALL"},{"floor":32.0,"key":"REST"},{"floor":46.0,"key":"REST"},{"floor":49.0,"key":"REST"},{"floor":52.0,"key":"REST"}],"neow_cost":"NONE","seed_source_timestamp":0,"circlet_count":0,"master_deck":["AscendersBane","Survivor","Neutralize","Dash","Dagger Spray","Noxious Fumes+1","Terror+1","Blur","The Bomb+1","Corpse Explosion+1","Malaise+1","Catalyst+1","Well Laid Plans","Ghostly+1","Ghostly+1","Ghostly+1","Ghostly+1","Ghostly+1","Escape Plan+1","Master of Strategy+1","Bouncing Flask+1","Backflip+1","Storm of Steel+1","Terror+1","Well Laid Plans","Outmaneuver+1","Dash","Reflex+1","Setup+1","Expertise+1","PiercingWail+1","Adrenaline+1","Ghostly+1","Backflip+1","Cloak And Dagger+1","Venomology+1","After Image","Catalyst+1"],"special_seed":0,"relics":["Ring of the Snake","NeowsBlessing","Membership Card","Blood Vial","Golden Idol","Potion Belt","Singing Bowl","Toxic Egg 2","Fusion Hammer","Dream Catcher","Unceasing Top","Art of War","Oddly Smooth Stone","Du-Vu Doll","Smiling Mask","Gremlin Horn","Pandora\u0027s Box","DollysMirror","Tingsha","Meat on the Bone","Omamori","Ancient Tea Set","Mummified Hand","ClockworkSouvenir","Snake Skull"],"potions_floor_usage":[55,55,55,55,55,55,55],"damage_taken":[{"damage":0.0,"enemies":"Cultist","floor":1.0,"turns":1.0},{"damage":0.0,"enemies":"Jaw Worm","floor":4.0,"turns":1.0},{"damage":0.0,"enemies":"3 Sentries","floor":6.0,"turns":1.0},{"damage":2.0,"enemies":"Small Slimes","floor":8.0,"turns":4.0},{"damage":6.0,"enemies":"Gremlin Nob","floor":11.0,"turns":3.0},{"damage":10.0,"enemies":"3 Sentries","floor":14.0,"turns":5.0},{"damage":0.0,"enemies":"Slime Boss","floor":16.0,"turns":6.0},{"damage":0.0,"enemies":"3 Byrds","floor":18.0,"turns":2.0},{"damage":0.0,"enemies":"Chosen","floor":19.0,"turns":3.0},{"damage":2.0,"enemies":"Centurion and Healer","floor":21.0,"turns":3.0},{"damage":0.0,"enemies":"Book of Stabbing","floor":23.0,"turns":7.0},{"damage":3.0,"enemies":"Chosen and Byrds","floor":27.0,"turns":4.0},{"damage":5.0,"enemies":"Gremlin Leader","floor":29.0,"turns":6.0},{"damage":0.0,"enemies":"Snecko","floor":30.0,"turns":4.0},{"damage":0.0,"enemies":"Book of Stabbing","floor":31.0,"turns":4.0},{"damage":4.0,"enemies":"Champ","floor":33.0,"turns":10.0},{"damage":0.0,"enemies":"3 Darklings","floor":35.0,"turns":2.0},{"damage":0.0,"enemies":"3 Shapes","floor":36.0,"turns":5.0},{"damage":12.0,"enemies":"Jaw Worm Horde","floor":39.0,"turns":3.0},{"damage":4.0,"enemies":"Reptomancer","floor":40.0,"turns":6.0},{"damage":8.0,"enemies":"Nemesis","floor":42.0,"turns":7.0},{"damage":0.0,"enemies":"Reptomancer","floor":44.0,"turns":7.0},{"damage":0.0,"enemies":"3 Darklings","floor":45.0,"turns":3.0},{"damage":3.0,"enemies":"Writhing Mass","floor":48.0,"turns":6.0},{"damage":3.0,"enemies":"Awakened One","floor":50.0,"turns":15.0},{"damage":1,"enemies":"Shield and Spear","floor":54,"turns":4},{"damage":23,"enemies":"The Heart","floor":55,"turns":7}],"seed_played":"5989839313646645098","potions_obtained":[{"floor":1.0,"key":"Fire Potion"},{"floor":4.0,"key":"Explosive Potion"},{"floor":11.0,"key":"FearPotion"},{"floor":14.0,"key":"Poison Potion"},{"floor":19.0,"key":"SteroidPotion"},{"floor":21.0,"key":"LiquidBronze"},{"floor":23.0,"key":"SteroidPotion"},{"floor":30.0,"key":"Energy Potion"},{"floor":39.0,"key":"Ancient Potion"},{"floor":44.0,"key":"Dexterity Potion"}],"is_trial":false,"path_per_floor":["M","?","?","M","$","E","?","M","T","R","E","$","R","E","R","B",null,"M","M","?","M","$","E","R","?","T","M","?","E","M","E","R","B",null,"M","M","$","?","M","E","$","E","T","E","M","R","?","M","R","B",null,"R","$","E","B",null],"character_chosen":"THE_SILENT","items_purchased":["Membership Card","The Bomb","AttackPotion","Master of Strategy+1","Dream Catcher","DollysMirror","Tingsha","Backflip+1","Regen Potion","Omamori","EntropicBrew","LiquidBronze","ClockworkSouvenir"],"campfire_rested":4,"item_purchase_floors":[5,12,12,22,22,37,37,37,37,41,53,53,53],"current_hp_per_floor":[63,56,45,45,45,45,45,45,45,45,41,41,41,33,33,35,58,60,62,32,30,30,34,34,34,34,31,31,30,34,38,40,36,39,40,40,40,40,28,40,40,34,34,38,42,48,48,47,50,47,49,52,52,51,29],"gold":46,"neow_bonus":"THREE_ENEMY_KILL","is_prod":false,"is_daily":false,"chose_seed":false,"campfire_upgraded":3,"win_rate":0,"timestamp":1565073114,"path_taken":["M","?","?","M","$","E","?","M","T","R","E","?","R","E","R","BOSS","M","?","?","M","$","E","R","?","T","?","?","E","M","E","R","BOSS","M","M","$","?","M","E","?","E","T","E","?","R","?","M","R","BOSS","R","$","E","BOSS"],"build_version":"2019-07-17","purchased_purges":2,"victory":true,"max_hp_per_floor":[70,70,70,70,70,70,65,65,65,65,65,65,65,65,65,65,65,65,65,32,32,32,34,34,34,34,34,34,36,38,40,40,40,40,40,40,40,40,40,40,40,42,42,44,46,48,48,50,50,50,50,52,52,52,52],"card_choices":[{"not_picked":["Endless Agony","Eviscerate"],"picked":"Dash","floor":1.0},{"not_picked":["Riddle With Holes","Deflect"],"picked":"Dagger Spray","floor":4.0},{"not_picked":["Backflip","Terror"],"picked":"Noxious Fumes","floor":6.0},{"not_picked":["Dagger Throw","Deadly Poison"],"picked":"Terror","floor":8.0},{"not_picked":["Tactician","Dagger Spray"],"picked":"Blur","floor":11.0},{"not_picked":["Dagger Spray","Flying Knee"],"picked":"Corpse Explosion","floor":14.0},{"not_picked":["Venomology+1","Die Die Die"],"picked":"Malaise+1","floor":16.0},{"not_picked":["Accuracy+1","Riddle With Holes+1"],"picked":"Catalyst+1","floor":18.0},{"not_picked":["Blur+1","Prepared+1"],"picked":"Well Laid Plans","floor":19.0},{"not_picked":["Dagger Spray","Expertise+1"],"picked":"Escape Plan+1","floor":21.0},{"not_picked":["Predator","Deadly Poison+1","Setup+1"],"picked":"Singing Bowl","floor":23.0},{"not_picked":["Setup+1","Eviscerate"],"picked":"Bouncing Flask+1","floor":27.0},{"not_picked":["Slice","Quick Slash","Heel Hook"],"picked":"Singing Bowl","floor":29.0},{"not_picked":["Distraction+1","Prepared+1","Expertise+1"],"picked":"Singing Bowl","floor":30.0},{"not_picked":["Poisoned Stab","Tools of the Trade","Crippling Poison+1"],"picked":"Singing Bowl","floor":31.0},{"not_picked":["Dodge and Roll+1","Well Laid Plans+1"],"picked":"Backflip+1","floor":32.0},{"not_picked":["Unload","Phantasmal Killer+1"],"picked":"Storm of Steel+1","floor":33.0},{"not_picked":["Underhanded Strike+1","Dagger Throw+1"],"picked":"PiercingWail+1","floor":35.0},{"not_picked":["Escape Plan+1","Dagger Throw"],"picked":"Adrenaline+1","floor":36.0},{"not_picked":["Bane","All Out Attack+1"],"picked":"Cloak And Dagger+1","floor":39.0},{"not_picked":["Eviscerate","Dagger Spray+1"],"picked":"Venomology+1","floor":40.0},{"not_picked":["Noxious Fumes+1","Acrobatics+1","Backflip+1"],"picked":"Singing Bowl","floor":42.0},{"not_picked":["Slice","Dodge and Roll+1","Quick Slash+1"],"picked":"Singing Bowl","floor":44.0},{"not_picked":["Dodge and Roll+1","Backflip+1","Poisoned Stab"],"picked":"Singing Bowl","floor":45.0},{"not_picked":["Underhanded Strike+1","Bane+1","Riddle With Holes+1"],"picked":"Singing Bowl","floor":46.0},{"not_picked":["Slice","Bane","Dagger Spray+1"],"picked":"Singing Bowl","floor":48.0},{"not_picked":["Masterful Stab+1","Quick Slash+1"],"picked":"After Image","floor":49.0},{"not_picked":["Quick Slash","Flying Knee","Blur+1"],"picked":"Singing Bowl","floor":52.0},{"not_picked":["Backflip+1","Doppelganger+1"],"picked":"Catalyst+1","floor":54}],"player_experience":513972,"relics_obtained":[{"floor":6.0,"key":"Blood Vial"},{"floor":9.0,"key":"Potion Belt"},{"floor":11.0,"key":"Singing Bowl"},{"floor":14.0,"key":"Toxic Egg 2"},{"floor":23.0,"key":"Unceasing Top"},{"floor":26.0,"key":"Oddly Smooth Stone"},{"floor":29.0,"key":"Smiling Mask"},{"floor":31.0,"key":"Gremlin Horn"},{"floor":40.0,"key":"Meat on the Bone"},{"floor":42.0,"key":"Ancient Tea Set"},{"floor":44.0,"key":"Mummified Hand"},{"floor":54,"key":"Snake Skull"}],"event_choices":[{"cards_removed":["Strike_G"],"damage_healed":0.0,"max_hp_gain":0.0,"max_hp_loss":0.0,"gold_gain":0.0,"event_name":"Golden Wing","player_choice":"Card Removal","floor":2.0,"gold_loss":0.0,"damage_taken":7.0},{"damage_healed":0.0,"max_hp_gain":0.0,"max_hp_loss":0.0,"gold_gain":75.0,"event_name":"World of Goop","player_choice":"Gather Gold","floor":3.0,"gold_loss":0.0,"damage_taken":11.0},{"damage_healed":0.0,"max_hp_gain":0.0,"max_hp_loss":5.0,"gold_gain":0.0,"event_name":"Golden Idol","player_choice":"Lose Max HP","floor":7.0,"gold_loss":0.0,"damage_taken":0.0,"relics_obtained":["Golden Idol"]},{"damage_healed":0.0,"max_hp_gain":0.0,"max_hp_loss":33.0,"gold_gain":0.0,"event_name":"Ghosts","player_choice":"Became a Ghost","floor":20.0,"gold_loss":0.0,"damage_taken":0.0,"cards_obtained":["Ghostly","Ghostly","Ghostly","Ghostly","Ghostly"]},{"damage_healed":0.0,"max_hp_gain":0.0,"max_hp_loss":0.0,"gold_gain":0.0,"event_name":"WeMeetAgain","player_choice":"Gave Potion","floor":25.0,"gold_loss":0.0,"damage_taken":0.0,"relics_obtained":["Art of War"]},{"damage_healed":0.0,"max_hp_gain":0.0,"max_hp_loss":0.0,"gold_gain":0.0,"event_name":"The Mausoleum","player_choice":"Opened","floor":28.0,"gold_loss":0.0,"damage_taken":0.0,"relics_obtained":["Du-Vu Doll"]},{"damage_healed":0.0,"max_hp_gain":0.0,"max_hp_loss":0.0,"gold_gain":0.0,"event_name":"SecretPortal","player_choice":"Ignored","floor":38.0,"gold_loss":0.0,"damage_taken":0.0},{"damage_healed":0.0,"max_hp_gain":0.0,"max_hp_loss":0.0,"gold_gain":0.0,"event_name":"Tomb of Lord Red Mask","player_choice":"Ignored","floor":47.0,"gold_loss":0.0,"damage_taken":0.0}],"is_beta":false,"boss_relics":[{"not_picked":["WristBlade","Orrery"],"picked":"Fusion Hammer"},{"not_picked":["Black Star","Sozu"],"picked":"Pandora\u0027s Box"}],"items_purged_floors":[22,37],"is_endless":false,"potions_floor_spawned":[1,4,11,14,19,21,23,30,39,44,45,48],"ascension_level":11}