{"gold_per_floor":[117,130,149,4,4,37,37,71,71,71,105,55,81,91,91,165,165,165,80,80,80,80,80,20,20,20,20,20,20,20,20,20,20],"floor_reached":33,"playtime":2701,"items_purged":[],"score":555,"play_id":"6ae94370-9e7c-4a33-95fc-ecd88eadf79a","local_time":"20190808235517","is_ascension_mode":true,"campfire_choices":[{"floor":7.0,"key":"REST"},{"data":"Armaments","floor":15.0,"key":"SMITH"},{"floor":28,"key":"REST"},{"floor":32,"key":"REST"}],"neow_cost":"NONE","seed_source_timestamp":0,"circlet_count":0,"master_deck":["AscendersBane","Strike_R","Strike_R","Defend_R","Defend_R","Defend_R+1","Defend_R+1","Bash","Cleave","Iron Wave","Body Slam","Immolate","Heavy Blade","Pommel Strike","Armaments+1","Juggernaut","Body Slam","Fiend Fire","Shrug It Off","Iron Wave+1"],"special_seed":0,"relics":["Burning Blood","Smiling Mask","Bronze Scales","Blood Vial","Letter Opener","Anchor","Kunai","Strawberry","Dream Catcher","Ectoplasm","Boot","War Paint","Singing Bowl","Bag of Marbles","Omamori","Frozen Egg 2"],"potions_floor_usage":[24,29,33],"damage_taken":[{"damage":2.0,"enemies":"2 Louse","floor":1.0,"turns":5.0},{"damage":0.0,"enemies":"Small Slimes","floor":2.0,"turns":3.0},{"damage":8.0,"enemies":"Jaw Worm","floor":3.0,"turns":4.0},{"damage":50.0,"enemies":"Lagavulin","floor":6.0,"turns":8.0},{"damage":32.0,"enemies":"Gremlin Nob","floor":8.0,"turns":4.0},{"damage":31.0,"enemies":"Lagavulin","floor":11.0,"turns":8.0},{"damage":3.0,"enemies":"Blue Slaver","floor":14.0,"turns":3.0},{"damage":37.0,"enemies":"The Guardian","floor":16.0,"turns":13.0},{"damage":19,"enemies":"Spheric Guardian","floor":18,"turns":4},{"damage":27,"enemies":"Slavers","floor":23,"turns":5},{"damage":9,"enemies":"2 Thieves","floor":24,"turns":3},{"damage":37,"enemies":"Gremlin Leader","floor":27,"turns":5},{"damage":30,"enemies":"Book of Stabbing","floor":29,"turns":5},{"damage":15,"enemies":"Snake Plant","floor":30,"turns":3},{"damage":0,"enemies":"Cultist and Chosen","floor":31,"turns":5},{"damage":73,"enemies":"Champ","floor":33,"turns":11}],"seed_played":"182395652790204460","potions_obtained":[{"floor":6.0,"key":"Dexterity Potion"},{"floor":8.0,"key":"BloodPotion"},{"floor":11.0,"key":"Block Potion"},{"floor":18,"key":"Dexterity Potion"},{"floor":23,"key":"GamblersBrew"},{"floor":30,"key":"FearPotion"},{"floor":31,"key":"SmokeBomb"}],"is_trial":false,"path_per_floor":["M","M","M","$","?","E","R","E","T","?","E","?","T","M","R","B",null,"M","?","?","?","$","E","M","?","T","E","R","E","M","M","R","B"],"character_chosen":"IRONCLAD","items_purchased":["Bronze Scales"],"campfire_rested":3,"item_purchase_floors":[4],"current_hp_per_floor":[76,80,78,78,78,34,58,34,34,34,38,38,38,43,43,14,69,58,58,58,58,58,41,42,42,42,15,42,22,17,27,56,0],"gold":20,"neow_bonus":"RANDOM_COMMON_RELIC","is_prod":false,"is_daily":false,"chose_seed":false,"campfire_upgraded":1,"win_rate":0,"timestamp":1565333717,"path_taken":["M","M","M","$","?","E","R","E","T","?","E","?","?","M","R","BOSS","M","?","?","?","?","E","M","?","T","E","R","E","M","?","R","BOSS"],"build_version":"2019-07-17","purchased_purges":0,"victory":false,"max_hp_per_floor":[80,80,80,80,80,80,80,80,80,80,87,87,87,87,87,87,87,87,87,87,87,87,89,91,91,91,93,93,95,97,99,99,99],"card_choices":[{"not_picked":["Wild Strike","Warcry"],"picked":"Cleave","floor":1.0},{"not_picked":["True Grit","Shrug It Off"],"picked":"Iron Wave","floor":2.0},{"not_picked":["Twin Strike","Bloodletting"],"picked":"Body Slam","floor":3.0},{"not_picked":["Wild Strike","Twin Strike"],"picked":"Heavy Blade","floor":6.0},{"not_picked":["Flex","Reckless Charge","Pummel"],"picked":"SKIP","floor":8.0},{"not_picked":["Wild Strike","Rupture"],"picked":"Pommel Strike","floor":11.0},{"not_picked":["Blood for Blood","Rampage"],"picked":"Armaments","floor":14.0},{"not_picked":["Brutality","Exhume"],"picked":"Juggernaut","floor":16.0},{"not_picked":["Carnage+1","Wild Strike"],"picked":"Body Slam","floor":18},{"not_picked":["Armaments","Fire Breathing","Body Slam"],"picked":"Singing Bowl","floor":23},{"not_picked":["Havoc","Flex","Headbutt"],"picked":"Singing Bowl","floor":24},{"not_picked":["Pommel Strike","Evolve","Clash"],"picked":"Singing Bowl","floor":27},{"not_picked":["Flex","Pommel Strike"],"picked":"Shrug It Off","floor":28},{"not_picked":["Fiend Fire","Dual Wield","Pommel Strike"],"picked":"Singing Bowl","floor":29},{"not_picked":["Perfected Strike","Pommel Strike+1","Wild Strike"],"picked":"Singing Bowl","floor":30},{"not_picked":["Twin Strike","Iron Wave","Thunderclap"],"picked":"Singing Bowl","floor":31},{"not_picked":["Rampage","Entrench"],"picked":"Iron Wave+1","floor":32}],"player_experience":547381,"relics_obtained":[{"floor":6.0,"key":"Blood Vial"},{"floor":8.0,"key":"Letter Opener"},{"floor":9.0,"key":"Anchor"},{"floor":11.0,"key":"Strawberry"},{"floor":13.0,"key":"Dream Catcher"},{"floor":23,"key":"Singing Bowl"},{"floor":26,"key":"Bag of Marbles"},{"floor":27,"key":"Omamori"},{"floor":29,"key":"Frozen Egg 2"}],"event_choices":[{"damage_healed":0.0,"max_hp_gain":0.0,"max_hp_loss":0.0,"gold_gain":0.0,"cards_transformed":["Strike_R"],"event_name":"Living Wall","player_choice":"Change","floor":5.0,"gold_loss":0.0,"damage_taken":0.0,"cards_obtained":["Immolate"]},{"damage_healed":0.0,"max_hp_gain":0.0,"max_hp_loss":0.0,"gold_gain":0.0,"event_name":"Dead Adventurer","player_choice":"Searched \u00271\u0027 times","floor":10.0,"gold_loss":0.0,"damage_taken":0.0,"relics_obtained":["Kunai"]},{"cards_removed":["Strike_R"],"damage_healed":0.0,"max_hp_gain":0.0,"max_hp_loss":0.0,"gold_gain":0.0,"event_name":"The Cleric","player_choice":"Card Removal","floor":12.0,"gold_loss":50.0,"damage_taken":0.0},{"damage_healed":0,"gold_gain":0,"player_choice":"Obtained Relic","damage_taken":0,"relics_obtained":["Boot"],"max_hp_gain":0,"max_hp_loss":0,"event_name":"Addict","floor":19,"gold_loss":85},{"damage_healed":0,"gold_gain":0,"player_choice":"Opened","damage_taken":0,"relics_obtained":["War Paint"],"max_hp_gain":0,"max_hp_loss":0,"event_name":"The Mausoleum","floor":20,"gold_loss":0},{"damage_healed":0,"gold_gain":0,"player_choice":"Ignored","damage_taken":0,"max_hp_gain":0,"max_hp_loss":0,"event_name":"Beggar","floor":21,"gold_loss":0},{"damage_healed":0,"gold_gain":0,"cards_transformed":["Strike_R"],"player_choice":"Transformed","damage_taken":0,"max_hp_gain":0,"max_hp_loss":0,"event_name":"Transmorgrifier","floor":25,"gold_loss":0,"cards_obtained":["Fiend Fire"]}],"is_beta":false,"boss_relics":[{"not_picked":["Lizard Tail","Runic Cube"],"picked":"Ectoplasm"}],"items_purged_floors":[],"is_endless":false,"potions_floor_spawned":[6,8,11,18,23,30,31],"killed_by":"Champ","ascension_level":13}