{"gold_per_floor":[110,127,143,162,174,174,191,5,5,5,20,20,20,39,39,136,136,152,168,188,113,132,132,132,150,173,193,193,208,29,42,42,147,147,164,212,224,224,5,5,19,19,46,60,60,60,76,28,28,28],"floor_reached":50,"playtime":2398,"items_purged":["Strike_R"],"score":467,"play_id":"2daea41d-73b1-49b7-9369-83908bdcd5ad","local_time":"20190902145531","is_ascension_mode":false,"campfire_choices":[{"data":"Whirlwind","floor":6,"key":"SMITH"},{"floor":10,"key":"REST"},{"data":"Havoc","floor":12,"key":"SMITH"},{"floor":15,"key":"REST"},{"floor":23,"key":"REST"},{"data":"Body Slam","floor":28,"key":"SMITH"},{"floor":32,"key":"REST"},{"floor":40,"key":"REST"},{"data":"Immolate","floor":42,"key":"SMITH"},{"floor":46,"key":"REST"},{"floor":49,"key":"REST"}],"neow_cost":"NONE","seed_source_timestamp":266681035564800,"circlet_count":0,"master_deck":["Strike_R","Defend_R","Defend_R","Defend_R","Defend_R","Bash","Havoc+1","Pummel","Whirlwind+1","Spot Weakness","True Grit","Spot Weakness","Hemokinesis","Shrug It Off","Pommel Strike","Immolate+1","Body Slam+1","Headbutt+1","Headbutt","Heavy Blade","Shockwave","Flex","Fiend Fire","Inflame","Reckless Charge","Clumsy","Power Through+1","Battle Trance+1","Fiend Fire"],"relics":["Burning Blood","Lantern","Gremlin Horn","Cursed Key","Bag of Marbles","Pen Nib","Mark of Pain","FossilizedHelix","Bag of Preparation","Dream Catcher"],"potions_floor_usage":[16,27,27,33,33,36,44],"damage_taken":[{"damage":5,"enemies":"Cultist","floor":1,"turns":4},{"damage":0,"enemies":"Small Slimes","floor":2,"turns":4},{"damage":0,"enemies":"2 Louse","floor":3,"turns":1},{"damage":16,"enemies":"2 Fungi Beasts","floor":4,"turns":3},{"damage":15,"enemies":"Red Slaver","floor":5,"turns":4},{"damage":9,"enemies":"3 Louse","floor":7,"turns":2},{"damage":14,"enemies":"Large Slime","floor":11,"turns":3},{"damage":15,"enemies":"Blue Slaver","floor":14,"turns":2},{"damage":77,"enemies":"Hexaghost","floor":16,"turns":11},{"damage":5,"enemies":"Spheric Guardian","floor":18,"turns":3},{"damage":23,"enemies":"2 Thieves","floor":19,"turns":2},{"damage":23,"enemies":"Snake Plant","floor":20,"turns":4},{"damage":13,"enemies":"Cultist and Chosen","floor":22,"turns":4},{"damage":3,"enemies":"Snecko","floor":25,"turns":3},{"damage":8,"enemies":"Centurion and Healer","floor":27,"turns":3},{"damage":10,"enemies":"Sentry and Sphere","floor":29,"turns":3},{"damage":19,"enemies":"Snake Plant","floor":31,"turns":2},{"damage":67,"enemies":"Automaton","floor":33,"turns":8},{"damage":10,"enemies":"Orb Walker","floor":35,"turns":2},{"damage":34,"enemies":"2 Orb Walkers","floor":36,"turns":4},{"damage":0,"enemies":"3 Darklings","floor":37,"turns":1},{"damage":17,"enemies":"Jaw Worm Horde","floor":41,"turns":2},{"damage":32,"enemies":"Maw","floor":44,"turns":6},{"damage":16,"enemies":"Writhing Mass","floor":47,"turns":4},{"damage":83,"enemies":"Time Eater","floor":50,"turns":7}],"seed_played":"-8855186240020119292","potions_obtained":[{"floor":1,"key":"Fire Potion"},{"floor":5,"key":"EssenceOfSteel"},{"floor":14,"key":"SkillPotion"},{"floor":18,"key":"Fire Potion"},{"floor":19,"key":"AttackPotion"},{"floor":20,"key":"Fire Potion"},{"floor":27,"key":"Dexterity Potion"},{"floor":33,"key":"EssenceOfSteel"},{"floor":35,"key":"EssenceOfSteel"},{"floor":41,"key":"Ancient Potion"}],"is_trial":false,"path_per_floor":["M","M","M","M","M","R","M","$","T","R","M","R","?","M","R","B",null,"M","M","M","?","M","R","?","M","T","M","R","M","$","M","R","B",null,"M","?","M","?","$","R","M","R","T","M","?","R","M","$","R","B"],"character_chosen":"IRONCLAD","items_purchased":["Hemokinesis","Lantern","Pen Nib","Flex","Bag of Preparation","SteroidPotion"],"campfire_rested":7,"item_purchase_floors":[8,8,30,30,39,48],"current_hp_per_floor":[80,80,80,70,61,61,58,58,58,80,72,72,65,56,80,9,80,80,63,46,46,39,63,63,66,66,64,64,60,60,47,71,10,80,76,48,54,54,54,78,67,67,67,41,41,65,55,55,79,0],"gold":28,"neow_bonus":"TRANSFORM_CARD","is_prod":false,"is_daily":false,"chose_seed":false,"campfire_upgraded":4,"win_rate":0.0,"timestamp":1567428931,"path_taken":["M","M","M","M","M","R","M","$","T","R","M","R","?","M","R","BOSS","M","M","M","?","M","R","?","M","T","M","R","M","$","M","R","BOSS","M","?","M","?","$","R","M","R","T","?","?","R","M","$","R","BOSS"],"build_version":"2019-07-17","purchased_purges":1,"victory":false,"max_hp_per_floor":[80,80,80,80,80,80,80,80,80,80,80,80,80,80,80,80,80,80,80,80,80,80,80,80,80,80,80,80,80,80,80,80,80,80,80,80,80,80,80,80,80,80,80,80,80,80,80,80,80,80],"card_choices":[{"not_picked":["True Grit","Havoc"],"picked":"Pummel","floor":1},{"not_picked":["Sword Boomerang","Havoc"],"picked":"Whirlwind","floor":2},{"not_picked":["Disarm","Reckless Charge"],"picked":"Spot Weakness","floor":3},{"not_picked":["Blood for Blood","Evolve","Feel No Pain"],"picked":"SKIP","floor":4},{"not_picked":["Spot Weakness","Seeing Red"],"picked":"True Grit","floor":5},{"not_picked":["Intimidate","True Grit"],"picked":"Spot Weakness","floor":7},{"not_picked":["Dark Embrace","Twin Strike"],"picked":"Shrug It Off","floor":11},{"not_picked":["Evolve","Pummel"],"picked":"Pommel Strike","floor":14},{"not_picked":["Demon Form","Offering"],"picked":"Immolate","floor":16},{"not_picked":["Flex","Carnage"],"picked":"Body Slam","floor":18},{"not_picked":["Rampage","Iron Wave"],"picked":"Headbutt+1","floor":19},{"not_picked":["Thunderclap","Perfected Strike"],"picked":"Headbutt","floor":20},{"not_picked":["Thunderclap","Clothesline","Warcry"],"picked":"SKIP","floor":22},{"not_picked":["Clash","Havoc","Entrench+1"],"picked":"SKIP","floor":25},{"not_picked":["Clothesline","Headbutt"],"picked":"Heavy Blade","floor":27},{"not_picked":["Headbutt","Hemokinesis+1"],"picked":"Shockwave","floor":29},{"not_picked":["Rampage","Warcry","Feel No Pain"],"picked":"SKIP","floor":31},{"not_picked":["Exhume","Berserk"],"picked":"Fiend Fire","floor":33},{"not_picked":["Twin Strike+1","Carnage","Entrench+1"],"picked":"SKIP","floor":35},{"not_picked":["Disarm+1","Anger"],"picked":"Inflame","floor":36},{"not_picked":["Clash+1","Sentinel+1","True Grit+1"],"picked":"SKIP","floor":37},{"not_picked":["Flex+1","Anger"],"picked":"Reckless Charge","floor":41},{"not_picked":["Flex+1","Carnage+1"],"picked":"Power Through+1","floor":44},{"not_picked":["Clothesline+1","Second Wind+1"],"picked":"Battle Trance+1","floor":46},{"not_picked":["Havoc","Body Slam"],"picked":"Fiend Fire","floor":47}],"player_experience":51756,"relics_obtained":[{"floor":9,"key":"Gremlin Horn"},{"floor":26,"key":"Bag of Marbles"},{"floor":36,"key":"FossilizedHelix"},{"floor":43,"key":"Dream Catcher"}],"event_choices":[{"cards_removed":["Strike_R"],"damage_healed":0,"gold_gain":0,"player_choice":"Card Removal","damage_taken":7,"max_hp_gain":0,"max_hp_loss":0,"event_name":"Golden Wing","floor":13,"gold_loss":0},{"cards_removed":["Strike_R"],"damage_healed":0,"gold_gain":0,"player_choice":"Gave Gold","damage_taken":0,"max_hp_gain":0,"max_hp_loss":0,"event_name":"Beggar","floor":21,"gold_loss":75},{"damage_healed":0,"gold_gain":0,"player_choice":"Ignored","damage_taken":0,"max_hp_gain":0,"max_hp_loss":0,"event_name":"Cursed Tome","floor":24,"gold_loss":0},{"damage_healed":0,"gold_gain":0,"player_choice":"Fight","damage_taken":0,"max_hp_gain":0,"max_hp_loss":0,"event_name":"Mysterious Sphere","floor":36,"gold_loss":0},{"cards_removed":["Clumsy"],"damage_healed":0,"gold_gain":0,"player_choice":"Removed Curses","damage_taken":0,"max_hp_gain":0,"max_hp_loss":0,"event_name":"Fountain of Cleansing","floor":38,"gold_loss":0},{"damage_healed":0,"gold_gain":0,"player_choice":"Ignored","damage_taken":0,"max_hp_gain":0,"max_hp_loss":0,"event_name":"Tomb of Lord Red Mask","floor":45,"gold_loss":0}],"is_beta":false,"boss_relics":[{"not_picked":["Coffee Dripper","Runic Cube"],"picked":"Cursed Key"},{"not_picked":["Calling Bell","White Beast Statue"],"picked":"Mark of Pain"}],"items_purged_floors":[39],"is_endless":false,"potions_floor_spawned":[1,5,14,18,19,20,27,33,35,41],"killed_by":"Time Eater","ascension_level":0}