{"gold_per_floor":[110,130,150,160,172,172,190,209,209,209,240,240,240,251,251,251],"floor_reached":16,"playtime":587,"items_purged":[],"score":212,"play_id":"b109f418-ea81-49f2-81bd-22a3a844b1e4","local_time":"20190203030136","is_ascension_mode":true,"campfire_choices":[{"data":"Lockon","floor":6,"key":"SMITH"},{"data":"Capacitor","floor":10,"key":"SMITH"},{"data":"Biased Cognition","floor":13,"key":"SMITH"},{"data":"Zap","floor":15,"key":"SMITH"}],"neow_cost":"NONE","seed_source_timestamp":455798223140301,"circlet_count":0,"master_deck":["AscendersBane","Strike_B","Strike_B","Defend_B","Defend_B","Defend_B","Defend_B","Zap+1","Dualcast","Ball Lightning","Conserve Battery","Capacitor+1","Ball Lightning","Lockon+1","Steam","Cold Snap","Biased Cognition+1","Cold Snap"],"relics":["Cracked Core","Matryoshka"],"potions_floor_usage":[],"damage_taken":[{"damage":0,"enemies":"Cultist","floor":1,"turns":3},{"damage":0,"enemies":"2 Louse","floor":2,"turns":1},{"damage":0,"enemies":"Small Slimes","floor":3,"turns":4},{"damage":0,"enemies":"2 Fungi Beasts","floor":4,"turns":3},{"damage":0,"enemies":"Looter","floor":5,"turns":2},{"damage":9,"enemies":"Red Slaver","floor":7,"turns":2},{"damage":14,"enemies":"Large Slime","floor":8,"turns":5},{"damage":8,"enemies":"Gremlin Nob","floor":11,"turns":3},{"damage":0,"enemies":"Exordium Wildlife","floor":14,"turns":3},{"damage":34,"enemies":"Hexaghost","floor":16,"turns":9}],"seed_played":"9008839864705275909","potions_obtained":[{"floor":1,"key":"Energy Potion"},{"floor":4,"key":"Dexterity Potion"}],"is_trial":false,"path_per_floor":["M","M","M","M","M","R","M","M","T","R","E","?","R","M","R","B"],"character_chosen":"DEFECT","items_purchased":[],"campfire_rested":0,"item_purchase_floors":[],"current_hp_per_floor":[64,64,64,64,64,64,55,41,41,41,33,33,33,33,33,0],"gold":251,"neow_bonus":"REMOVE_CARD","is_prod":false,"is_daily":false,"chose_seed":false,"campfire_upgraded":4,"win_rate":0,"timestamp":1549191696,"path_taken":["M","M","M","?","M","R","M","M","T","R","E","?","R","?","R","BOSS"],"build_version":"2019-01-23","purchased_purges":0,"victory":false,"max_hp_per_floor":[71,71,71,71,71,71,71,71,71,71,71,71,71,71,71,71],"card_choices":[{"not_picked":["Scrape","Stack"],"picked":"Ball Lightning","floor":1},{"not_picked":["Beam Cell","Go for the Eyes"],"picked":"Conserve Battery","floor":2},{"not_picked":["Barrage","Sweeping Beam"],"picked":"Capacitor","floor":3},{"not_picked":["Stack","Reinforced Body"],"picked":"Ball Lightning","floor":4},{"not_picked":["Double Energy","Blizzard"],"picked":"Lockon","floor":5},{"not_picked":["Rebound","Scrape"],"picked":"Steam","floor":7},{"not_picked":["Steam Power","Coolheaded"],"picked":"Cold Snap","floor":8},{"not_picked":["Chill","Sweeping Beam"],"picked":"Biased Cognition","floor":11},{"not_picked":["Go for the Eyes","Rebound"],"picked":"Cold Snap","floor":14}],"player_experience":2774060,"relics_obtained":[{"floor":11,"key":"Matryoshka"}],"event_choices":[{"cards_removed":["Strike_B"],"damage_healed":0,"gold_gain":0,"player_choice":"Offered Basic","damage_taken":0,"max_hp_gain":0,"max_hp_loss":0,"event_name":"Bonfire Elementals","floor":12,"gold_loss":0}],"is_beta":true,"boss_relics":[],"items_purged_floors":[],"is_endless":false,"potions_floor_spawned":[1,4,14],"killed_by":"Hexaghost","ascension_level":20}