{"gold_per_floor":[112,112,112,112,129,129,157,2,29,29,46,46,96,124,124,198,198,210,210,210],"floor_reached":20,"playtime":1399,"items_purged":[],"score":456,"play_id":"60a38842-c3be-4c5b-bcf5-ffb8102fe17d","local_time":"20190805024027","is_ascension_mode":true,"campfire_choices":[{"data":"Hologram","floor":6,"key":"SMITH"},{"data":"White Noise","floor":10,"key":"SMITH"},{"floor":15,"key":"RECALL"}],"neow_cost":"NONE","seed_source_timestamp":255262936325007,"circlet_count":0,"master_deck":["AscendersBane","Strike_B","Strike_B","Strike_B","Defend_B","Defend_B","Defend_B","Defend_B","Zap+1","Dualcast","White Noise+1","Hologram+1","Hologram","Echo Form","Cold Snap","Reboot","Creative AI","Ball Lightning"],"relics":["Cracked Core","NeowsBlessing","Dead Branch","Lantern","Orichalcum","Kunai","Philosopher\u0027s Stone"],"potions_floor_usage":[18,20],"damage_taken":[{"damage":0,"enemies":"Cultist","floor":1,"turns":1},{"damage":0,"enemies":"Jaw Worm","floor":5,"turns":1},{"damage":0,"enemies":"Gremlin Nob","floor":7,"turns":1},{"damage":0,"enemies":"2 Louse","floor":11,"turns":3},{"damage":0,"enemies":"Lagavulin","floor":14,"turns":7},{"damage":27,"enemies":"Slime Boss","floor":16,"turns":8},{"damage":21,"enemies":"Shell Parasite","floor":18,"turns":5},{"damage":41,"enemies":"Masked Bandits","floor":20,"turns":2}],"seed_played":"-8205227169341715720","potions_obtained":[{"floor":5,"key":"Dexterity Potion"},{"floor":11,"key":"Energy Potion"},{"floor":16,"key":"Block Potion"}],"is_trial":false,"path_per_floor":["M","$","?","?","M","R","E","$","T","R","M","?","?","E","R","B",null,"M","T","?"],"character_chosen":"DEFECT","items_purchased":["Echo Form"],"campfire_rested":0,"item_purchase_floors":[8],"current_hp_per_floor":[64,64,57,57,57,57,57,57,57,57,57,57,57,57,57,30,61,40,40,0],"gold":210,"neow_bonus":"THREE_ENEMY_KILL","is_prod":false,"is_daily":false,"chose_seed":false,"campfire_upgraded":2,"win_rate":0,"timestamp":1564998027,"path_taken":["M","?","?","?","?","R","E","$","T","R","M","?","?","E","R","BOSS","M","?","?"],"build_version":"2019-07-18","purchased_purges":0,"victory":false,"max_hp_per_floor":[71,71,71,71,71,71,71,71,71,71,71,71,71,71,71,71,71,71,71,71],"card_choices":[{"not_picked":["Leap","Redo"],"picked":"White Noise","floor":1},{"not_picked":["Blizzard","Recycle"],"picked":"Hologram","floor":5},{"not_picked":["Heatsinks","Turbo"],"picked":"Hologram","floor":7},{"not_picked":["Compile Driver","Consume"],"picked":"Cold Snap","floor":11},{"not_picked":["Capacitor","Stack"],"picked":"Reboot","floor":14},{"not_picked":["Amplify","Reboot"],"picked":"Creative AI","floor":16},{"not_picked":["Barrage","Undo"],"picked":"Ball Lightning","floor":18}],"player_experience":2871155,"relics_obtained":[{"floor":7,"key":"Dead Branch"},{"floor":9,"key":"Lantern"},{"floor":14,"key":"Kunai"}],"event_choices":[{"cards_removed":["Strike_B"],"damage_healed":0,"gold_gain":0,"player_choice":"Card Removal","damage_taken":7,"max_hp_gain":0,"max_hp_loss":0,"event_name":"Golden Wing","floor":3,"gold_loss":0},{"damage_healed":0,"gold_gain":0,"player_choice":"Upgraded","damage_taken":0,"max_hp_gain":0,"max_hp_loss":0,"event_name":"Upgrade Shrine","floor":4,"gold_loss":0,"cards_upgraded":["Zap"]},{"damage_healed":0,"gold_gain":0,"player_choice":"Searched \u00271\u0027 times","damage_taken":0,"relics_obtained":["Orichalcum"],"max_hp_gain":0,"max_hp_loss":0,"event_name":"Dead Adventurer","floor":12,"gold_loss":0},{"damage_healed":0,"gold_gain":50,"player_choice":"Pray","damage_taken":0,"max_hp_gain":0,"max_hp_loss":0,"event_name":"Golden Shrine","floor":13,"gold_loss":0},{"damage_healed":0,"gold_gain":0,"player_choice":"Fought Bandits","damage_taken":0,"max_hp_gain":0,"max_hp_loss":0,"event_name":"Masked Bandits","floor":20,"gold_loss":0}],"is_beta":true,"boss_relics":[{"not_picked":["Tiny House","White Beast Statue"],"picked":"Philosopher\u0027s Stone"}],"items_purged_floors":[],"is_endless":false,"potions_floor_spawned":[5,11,16],"killed_by":"Masked Bandits","ascension_level":20}