{"gold_per_floor":[111,125,138,63,63,90,102,25,105,105,132,144,114,102,102,102],"floor_reached":16,"playtime":853,"items_purged":["Strike_R"],"score":164,"play_id":"61ba145c-f09d-4734-95f0-44fddba608dc","local_time":"20190816225545","is_ascension_mode":true,"campfire_choices":[{"floor":10,"key":"REST"},{"data":"Bash","floor":15,"key":"SMITH"}],"neow_cost":"TEN_PERCENT_HP_LOSS","seed_source_timestamp":41292401551939,"circlet_count":0,"master_deck":["Strike_R","Strike_R","Strike_R","Defend_R","Defend_R","Defend_R+1","Defend_R","Bash+1","Offering","Wild Strike","Shrug It Off","True Grit+1","Rupture","Corruption","Flame Barrier","Dropkick","Pommel Strike","Warcry","Feel No Pain"],"relics":["Burning Blood","Calipers","Ornamental Fan","War Paint"],"potions_floor_usage":[11,11,14],"damage_taken":[{"damage":12,"enemies":"Cultist","floor":1,"turns":3},{"damage":7,"enemies":"Jaw Worm","floor":2,"turns":3},{"damage":1,"enemies":"2 Louse","floor":3,"turns":3},{"damage":61,"enemies":"3 Sentries","floor":6,"turns":16},{"damage":9,"enemies":"Red Slaver","floor":7,"turns":6},{"damage":6,"enemies":"Gremlin Nob","floor":11,"turns":4},{"damage":3,"enemies":"Blue Slaver","floor":12,"turns":5},{"damage":11,"enemies":"Exordium Thugs","floor":14,"turns":4},{"damage":46,"enemies":"Hexaghost","floor":16,"turns":11}],"seed_played":"-5532431606981205108","potions_obtained":[{"floor":3,"key":"Block Potion"},{"floor":6,"key":"Ancient Potion"},{"floor":7,"key":"Weak Potion"},{"floor":13,"key":"FairyPotion"},{"floor":13,"key":"Block Potion"}],"is_trial":false,"path_per_floor":["M","M","M","$","?","E","M","$","T","R","E","M","?","M","R","B"],"character_chosen":"IRONCLAD","items_purchased":["Dropkick"],"campfire_rested":1,"item_purchase_floors":[8],"current_hp_per_floor":[66,65,70,70,70,15,12,12,12,33,33,36,36,31,31,0],"gold":102,"neow_bonus":"THREE_RARE_CARDS","is_prod":false,"is_daily":false,"chose_seed":false,"campfire_upgraded":1,"win_rate":0,"timestamp":1565963745,"path_taken":["M","?","M","$","?","E","M","$","T","R","E","?","?","M","R","BOSS"],"build_version":"2019-07-17","purchased_purges":1,"victory":false,"max_hp_per_floor":[72,72,72,72,72,72,72,72,72,72,72,72,72,72,72,72],"card_choices":[{"not_picked":["Dark Embrace","Juggernaut"],"picked":"Offering","floor":0},{"not_picked":["Perfected Strike","Pommel Strike"],"picked":"Wild Strike","floor":1},{"not_picked":["Body Slam","Thunderclap"],"picked":"Shrug It Off","floor":2},{"not_picked":["Heavy Blade","Blood for Blood"],"picked":"True Grit","floor":3},{"not_picked":["Feel No Pain","Warcry"],"picked":"Corruption","floor":6},{"not_picked":["Clothesline","Seeing Red"],"picked":"Flame Barrier","floor":7},{"not_picked":["Wild Strike","Whirlwind"],"picked":"Pommel Strike","floor":11},{"not_picked":["Perfected Strike","Iron Wave"],"picked":"Warcry","floor":12},{"not_picked":["Warcry","Pommel Strike"],"picked":"Feel No Pain","floor":14}],"player_experience":147076,"relics_obtained":[{"floor":6,"key":"Calipers"},{"floor":9,"key":"Ornamental Fan"},{"floor":11,"key":"War Paint"}],"event_choices":[{"damage_healed":0,"gold_gain":0,"cards_transformed":["Strike_R"],"player_choice":"Transformed","damage_taken":0,"max_hp_gain":0,"max_hp_loss":0,"event_name":"Transmorgrifier","floor":5,"gold_loss":0,"cards_obtained":["Rupture"]},{"damage_healed":0,"gold_gain":0,"player_choice":"Bought 2 Potions","damage_taken":0,"max_hp_gain":0,"max_hp_loss":0,"event_name":"The Woman in Blue","floor":13,"gold_loss":0}],"is_beta":false,"boss_relics":[],"items_purged_floors":[4],"is_endless":false,"potions_floor_spawned":[3,6,7],"killed_by":"Hexaghost","ascension_level":4}