{"gold_per_floor":[118,136,136,15,33,33,63,63,89,89,105,2,32,50,50,145,145,162,162,162,162,65,124,124,134,160,160,177,194,194,229,229,332,332,352,367,367],"floor_reached":37,"playtime":1503,"items_purged":["Strike_R"],"score":630,"play_id":"a3eef832-31ca-40a3-b77b-c38447d33206","local_time":"20190226194353","is_ascension_mode":true,"campfire_choices":[{"data":"Demon Form","floor":6.0,"key":"SMITH"},{"data":"Armaments","floor":8.0,"key":"SMITH"},{"data":"Bash","floor":10.0,"key":"SMITH"},{"data":"Metallicize","floor":15.0,"key":"SMITH"},{"floor":24,"key":"REST"},{"data":"True Grit","floor":27,"key":"SMITH"},{"floor":32,"key":"REST"}],"neow_cost":"TEN_PERCENT_HP_LOSS","seed_source_timestamp":0,"circlet_count":0,"master_deck":["Defend_R","Defend_R","Defend_R","Defend_R","Bash+1","Demon Form+1","Pommel Strike","Sword Boomerang","Metallicize+1","Armaments+1","Thunderclap+1","Impervious","Ghostly Armor","Shockwave","Shrug It Off","Iron Wave+1","Demon Form","Clothesline+1","Bite+1","Bite+1","Bite+1","Bite+1","Bite+1","True Grit+1","Double Tap","Battle Trance","Rage","Shrug It Off+1","Reaper+1","Warcry+1","Fiend Fire+1"],"special_seed":0,"relics":["Burning Blood","Smiling Mask","Molten Egg 2","Regal Pillow","Happy Flower","Eternal Feather","Calipers","MutagenicStrength","Tiny Chest","Potion Belt","Centennial Puzzle","Black Star"],"potions_floor_usage":[23,29,31,31,37],"damage_taken":[{"damage":1.0,"enemies":"Cultist","floor":1.0,"turns":4.0},{"damage":9.0,"enemies":"Jaw Worm","floor":2.0,"turns":5.0},{"damage":5.0,"enemies":"Small Slimes","floor":5.0,"turns":4.0},{"damage":29.0,"enemies":"Gremlin Nob","floor":7.0,"turns":4.0},{"damage":5.0,"enemies":"Blue Slaver","floor":11.0,"turns":5.0},{"damage":13.0,"enemies":"3 Sentries","floor":13.0,"turns":7.0},{"damage":12.0,"enemies":"Large Slime","floor":14.0,"turns":6.0},{"damage":13.0,"enemies":"Slime Boss","floor":16.0,"turns":6.0},{"damage":20,"enemies":"Spheric Guardian","floor":18,"turns":6},{"damage":42,"enemies":"Book of Stabbing","floor":23,"turns":6},{"damage":23,"enemies":"2 Thieves","floor":25,"turns":5},{"damage":26,"enemies":"Cultist and Chosen","floor":28,"turns":7},{"damage":14,"enemies":"Centurion and Healer","floor":29,"turns":5},{"damage":59,"enemies":"Slavers","floor":31,"turns":8},{"damage":58,"enemies":"Champ","floor":33,"turns":12},{"damage":19,"enemies":"3 Darklings","floor":35,"turns":10},{"damage":16,"enemies":"3 Shapes","floor":36,"turns":7},{"damage":72,"enemies":"Jaw Worm Horde","floor":37,"turns":5}],"seed_played":"1493405657620900643","potions_obtained":[{"floor":2.0,"key":"Swift Potion"},{"floor":11.0,"key":"Explosive Potion"},{"floor":13.0,"key":"FairyPotion"},{"floor":23,"key":"Regen Potion"},{"floor":25,"key":"SteroidPotion"},{"floor":29,"key":"SkillPotion"},{"floor":33,"key":"PowerPotion"}],"is_trial":false,"path_per_floor":["M","M","T","$","M","R","E","R","T","R","M","$","E","M","R","B",null,"M","T","?","?","$","E","R","M","T","R","M","M","?","E","R","B",null,"M","M","M"],"character_chosen":"IRONCLAD","items_purchased":["Metallicize","Ghostly Armor","Shockwave","Fire Potion","True Grit"],"campfire_rested":2,"item_purchase_floors":[4,12,12,22,22],"current_hp_per_floor":[72,69,69,69,70,70,47,47,47,47,48,48,41,35,35,28,61,47,47,47,47,47,14,50,42,42,50,38,50,50,20,50,13,41,50,50,0],"gold":367,"neow_bonus":"THREE_RARE_CARDS","is_prod":false,"is_daily":false,"chose_seed":false,"campfire_upgraded":5,"win_rate":0,"timestamp":1551228233,"path_taken":["M","M","?","$","?","R","E","R","T","R","M","?","E","M","R","BOSS","M","?","?","?","$","E","R","M","T","R","?","M","?","E","R","BOSS","M","M","M"],"build_version":"2019-01-23","purchased_purges":1,"victory":false,"max_hp_per_floor":[72,72,72,72,72,72,72,72,72,72,72,72,72,72,72,72,72,72,72,72,50,50,50,50,50,50,50,50,50,50,50,50,50,50,50,50,50],"card_choices":[{"not_picked":["Brutality","Fiend Fire"],"picked":"Demon Form","floor":0.0},{"not_picked":["Anger","Clash"],"picked":"Pommel Strike","floor":1.0},{"not_picked":["Clothesline","Iron Wave"],"picked":"Sword Boomerang","floor":2.0},{"not_picked":["Sword Boomerang","Twin Strike"],"picked":"Armaments","floor":5.0},{"not_picked":["Cleave","Fire Breathing"],"picked":"Thunderclap","floor":7.0},{"not_picked":["True Grit","Clothesline+1"],"picked":"Impervious","floor":11.0},{"not_picked":["Clash+1","Flame Barrier"],"picked":"Shrug It Off","floor":13.0},{"not_picked":["True Grit","Flex"],"picked":"Iron Wave+1","floor":14.0},{"not_picked":["Offering","Berserk"],"picked":"Demon Form","floor":16.0},{"not_picked":["Thunderclap+1","Evolve"],"picked":"Clothesline+1","floor":18},{"not_picked":["Combust","Cleave+1"],"picked":"Double Tap","floor":23},{"not_picked":["Clash+1","Warcry"],"picked":"Battle Trance","floor":25},{"not_picked":["Feel No Pain","Shockwave+1"],"picked":"Rage","floor":28},{"not_picked":["Combust","Sword Boomerang+1"],"picked":"Shrug It Off+1","floor":29},{"not_picked":["Clothesline+1","Burning Pact","Feel No Pain"],"picked":"SKIP","floor":31},{"not_picked":["Brutality","Impervious"],"picked":"Reaper+1","floor":33},{"not_picked":["Headbutt+1","Iron Wave+1"],"picked":"Warcry+1","floor":35},{"not_picked":["Warcry","Wild Strike+1"],"picked":"Fiend Fire+1","floor":36}],"player_experience":145426,"relics_obtained":[{"floor":3.0,"key":"Smiling Mask"},{"floor":7.0,"key":"Molten Egg 2"},{"floor":9.0,"key":"Regal Pillow"},{"floor":13.0,"key":"Happy Flower"},{"floor":19,"key":"Calipers"},{"floor":23,"key":"Tiny Chest"},{"floor":26,"key":"Potion Belt"},{"floor":31,"key":"Centennial Puzzle"}],"event_choices":[{"damage_healed":0,"gold_gain":0,"player_choice":"Inject Mutagens","damage_taken":0,"relics_obtained":["MutagenicStrength"],"max_hp_gain":0,"max_hp_loss":0,"event_name":"Drug Dealer","floor":20,"gold_loss":0},{"damage_healed":0,"gold_gain":0,"player_choice":"Became a vampire","damage_taken":0,"max_hp_gain":0,"max_hp_loss":22,"event_name":"Vampires","floor":21,"gold_loss":0,"cards_obtained":["Bite","Bite","Bite","Bite","Bite"]},{"damage_healed":0,"gold_gain":0,"player_choice":"Ignored","damage_taken":0,"max_hp_gain":0,"max_hp_loss":0,"event_name":"Ghosts","floor":30,"gold_loss":0}],"is_beta":false,"boss_relics":[{"not_picked":["Tiny House","White Beast Statue"],"picked":"Eternal Feather"},{"not_picked":["Calling Bell","Empty Cage"],"picked":"Black Star"}],"items_purged_floors":[4],"is_endless":false,"potions_floor_spawned":[2,11,13,23,25,29,33],"killed_by":"Jaw Worm Horde","ascension_level":9}