{"gold_per_floor":[113,188,188,188,238,276,10,46,103,144,144,159,159,23,23,122,122,137,155,10,10,25,25,69,87,110,124,124,143,162,232,232,322,322,336,336,20,44,44,60,60,22,49,87,87,87,125,125],"floor_reached":48,"playtime":3435,"items_purged":["Pain"],"score":1198,"play_id":"f611d9b3-c4e9-4a43-baf9-4d83957ffce0","local_time":"20190803125458","is_ascension_mode":true,"campfire_choices":[{"floor":11,"key":"REST"},{"data":"Crippling Poison","floor":15,"key":"SMITH"},{"floor":23,"key":"REST"},{"floor":28,"key":"REST"},{"floor":32,"key":"REST"},{"floor":41,"key":"REST"},{"floor":45,"key":"REST"}],"neow_cost":"NONE","seed_source_timestamp":67931096767568,"circlet_count":0,"master_deck":["AscendersBane","Strike_G","Strike_G","Strike_G+1","Strike_G","Defend_G","Defend_G","Defend_G","Defend_G","Defend_G","Survivor","Neutralize","Terror+1","Flechettes","Well Laid Plans","Poisoned Stab","Blur","Crippling Poison+1","Footwork","Blade Dance","Corpse Explosion","Dodge and Roll","Skewer+1","Footwork","Dash+1","Slice+1","Calculated Gamble","Calculated Gamble","Backflip+1","Prepared","Noxious Fumes","PiercingWail","After Image","Catalyst","Footwork","Catalyst","Backstab","Catalyst","Doubt","Footwork","Dash+1"],"relics":["Ring of the Snake","NeowsBlessing","Golden Idol","Shuriken","Membership Card","Turnip","Tiny Chest","Pen Nib","Oddly Smooth Stone","Runic Pyramid","Strawberry","FossilizedHelix","Dream Catcher","Gremlin Horn","Cursed Key","Paper Crane","Medical Kit","PreservedInsect","Centennial Puzzle","The Specimen","Whetstone"],"potions_floor_usage":[10,19,22,22,25,27,33,48],"damage_taken":[{"damage":0,"enemies":"Jaw Worm","floor":1,"turns":1},{"damage":0,"enemies":"Gremlin Nob","floor":6,"turns":1},{"damage":0,"enemies":"Lagavulin","floor":8,"turns":1},{"damage":8,"enemies":"Gremlin Nob","floor":10,"turns":3},{"damage":0,"enemies":"2 Louse","floor":12,"turns":3},{"damage":28,"enemies":"Slime Boss","floor":16,"turns":15},{"damage":9,"enemies":"3 Byrds","floor":18,"turns":3},{"damage":7,"enemies":"Shell Parasite","floor":19,"turns":6},{"damage":5,"enemies":"Snecko","floor":22,"turns":4},{"damage":32,"enemies":"Slavers","floor":24,"turns":3},{"damage":0,"enemies":"3 Cultists","floor":25,"turns":3},{"damage":0,"enemies":"Centurion and Healer","floor":27,"turns":5},{"damage":0,"enemies":"Snecko","floor":29,"turns":4},{"damage":0,"enemies":"3 Cultists","floor":30,"turns":3},{"damage":48,"enemies":"Automaton","floor":33,"turns":12},{"damage":8,"enemies":"3 Shapes","floor":35,"turns":5},{"damage":28,"enemies":"3 Darklings","floor":38,"turns":4},{"damage":0,"enemies":"Maw","floor":40,"turns":6},{"damage":15,"enemies":"Nemesis","floor":44,"turns":9},{"damage":34,"enemies":"Reptomancer","floor":47,"turns":6},{"damage":22,"enemies":"Transient","floor":48,"turns":4}],"seed_played":"3661277139753494111","potions_obtained":[{"floor":1,"key":"Poison Potion"},{"floor":10,"key":"EssenceOfSteel"},{"floor":16,"key":"Swift Potion"},{"floor":19,"key":"Fire Potion"},{"floor":24,"key":"SpeedPotion"},{"floor":25,"key":"EssenceOfSteel"},{"floor":30,"key":"Swift Potion"},{"floor":47,"key":"Swift Potion"}],"is_trial":false,"path_per_floor":["M","?","?","?","?","E","$","E","T","E","R","M","?","$","R","B",null,"M","M","$","?","M","R","E","M","T","M","R","M","M","T","R","B",null,"M","?","$","M","T","M","R","$","T","E","R","?","E","M"],"character_chosen":"THE_SILENT","items_purchased":["Membership Card","Well Laid Plans","Footwork","Oddly Smooth Stone","Blade Dance","Footwork","Strawberry","Dash","Footwork","Paper Crane","Medical Kit","Catalyst"],"campfire_rested":6,"item_purchase_floors":[7,7,14,14,14,20,20,20,37,37,37,37],"current_hp_per_floor":[59,48,25,25,25,25,25,25,25,17,36,36,36,36,36,8,52,43,36,43,22,17,40,8,8,8,8,31,31,31,31,54,6,60,52,52,52,24,24,24,47,47,47,32,55,55,21,0],"gold":125,"neow_bonus":"THREE_ENEMY_KILL","is_prod":false,"is_daily":false,"chose_seed":false,"campfire_upgraded":1,"win_rate":0,"timestamp":1564851298,"path_taken":["M","?","?","?","?","E","$","E","T","E","R","?","?","$","R","BOSS","M","M","?","?","M","R","E","M","T","M","R","M","M","?","R","BOSS","M","?","$","M","?","M","R","$","T","E","R","?","E","M"],"build_version":"2019-07-17","purchased_purges":1,"victory":false,"max_hp_per_floor":[66,66,66,66,66,66,66,66,66,66,66,66,66,66,66,66,66,66,66,73,78,78,78,78,78,78,78,78,78,78,78,78,78,78,78,78,78,78,78,78,78,78,78,78,78,74,74,74],"card_choices":[{"not_picked":["Catalyst","Outmaneuver"],"picked":"Terror","floor":1},{"not_picked":["Bane","Venomology"],"picked":"Flechettes","floor":6},{"not_picked":["Underhanded Strike","Sucker Punch"],"picked":"Poisoned Stab","floor":8},{"not_picked":["Predator","Dagger Throw"],"picked":"Blur","floor":10},{"not_picked":["Setup","Sucker Punch"],"picked":"Crippling Poison","floor":12},{"not_picked":["Adrenaline","Bullet Time"],"picked":"Corpse Explosion","floor":16},{"not_picked":["Dagger Spray","Poisoned Stab+1"],"picked":"Dodge and Roll","floor":18},{"not_picked":["Prepared","Sucker Punch"],"picked":"Skewer+1","floor":19},{"not_picked":["Poisoned Stab","Caltrops"],"picked":"Slice+1","floor":22},{"not_picked":["Bane","Quick Slash"],"picked":"Calculated Gamble","floor":24},{"not_picked":["Backflip","Poisoned Stab"],"picked":"Calculated Gamble","floor":25},{"not_picked":["Deflect","Tactician"],"picked":"Backflip+1","floor":27},{"not_picked":["Calculated Gamble","Dagger Spray"],"picked":"Prepared","floor":28},{"not_picked":["Deflect","Calculated Gamble"],"picked":"Noxious Fumes","floor":29},{"not_picked":["Acrobatics","Masterful Stab","Sucker Punch"],"picked":"SKIP","floor":30},{"not_picked":["Tools of the Trade","Blade Dance"],"picked":"PiercingWail","floor":32},{"not_picked":["Die Die Die","Grand Finale"],"picked":"After Image","floor":33},{"not_picked":["Poisoned Stab","Blade Dance+1"],"picked":"Catalyst","floor":35},{"not_picked":["Quick Slash","Blade Dance"],"picked":"Backstab","floor":38},{"not_picked":["Masterful Stab+1","Dagger Throw","Dagger Spray+1"],"picked":"SKIP","floor":40},{"not_picked":["Well Laid Plans","PiercingWail"],"picked":"Catalyst","floor":41},{"not_picked":["Calculated Gamble","Dagger Spray","Poisoned Stab+1"],"picked":"SKIP","floor":44},{"not_picked":["Acrobatics","Sucker Punch"],"picked":"Footwork","floor":45},{"not_picked":["All Out Attack","Sucker Punch"],"picked":"Dash+1","floor":47}],"player_experience":550974,"relics_obtained":[{"floor":6,"key":"Shuriken"},{"floor":8,"key":"Turnip"},{"floor":9,"key":"Tiny Chest"},{"floor":10,"key":"Pen Nib"},{"floor":24,"key":"FossilizedHelix"},{"floor":26,"key":"Dream Catcher"},{"floor":31,"key":"Gremlin Horn"},{"floor":39,"key":"PreservedInsect"},{"floor":43,"key":"Centennial Puzzle"},{"floor":44,"key":"The Specimen"},{"floor":47,"key":"Whetstone"}],"event_choices":[{"damage_healed":0,"gold_gain":75,"player_choice":"Gather Gold","damage_taken":11,"max_hp_gain":0,"max_hp_loss":0,"event_name":"World of Goop","floor":2,"gold_loss":0},{"damage_healed":0,"gold_gain":0,"player_choice":"Take Damage","damage_taken":23,"relics_obtained":["Golden Idol"],"max_hp_gain":0,"max_hp_loss":0,"event_name":"Golden Idol","floor":3,"gold_loss":0},{"damage_healed":0,"gold_gain":0,"player_choice":"Grow","damage_taken":0,"max_hp_gain":0,"max_hp_loss":0,"event_name":"Living Wall","floor":4,"gold_loss":0,"cards_upgraded":["Terror"]},{"damage_healed":0,"gold_gain":50,"player_choice":"Pray","damage_taken":0,"max_hp_gain":0,"max_hp_loss":0,"event_name":"Golden Shrine","floor":5,"gold_loss":0},{"cards_removed":["Strike_G"],"damage_healed":0,"gold_gain":0,"player_choice":"Purged","damage_taken":0,"max_hp_gain":0,"max_hp_loss":0,"event_name":"Purifier","floor":13,"gold_loss":0},{"damage_healed":0,"gold_gain":0,"player_choice":"Shed Blood","damage_taken":26,"max_hp_gain":5,"max_hp_loss":0,"event_name":"Forgotten Altar","floor":21,"gold_loss":0},{"damage_healed":0,"gold_gain":0,"player_choice":"Ignored","damage_taken":0,"max_hp_gain":0,"max_hp_loss":0,"event_name":"Mysterious Sphere","floor":36,"gold_loss":0},{"damage_healed":0,"gold_gain":0,"player_choice":"Max HP","damage_taken":0,"max_hp_gain":0,"max_hp_loss":4,"event_name":"Winding Halls","floor":46,"gold_loss":0}],"is_beta":false,"boss_relics":[{"not_picked":["Philosopher\u0027s Stone","Orrery"],"picked":"Runic Pyramid"},{"not_picked":["White Beast Statue","Velvet Choker"],"picked":"Cursed Key"}],"items_purged_floors":[42],"is_endless":false,"potions_floor_spawned":[1,10,16,19,24,25,30,47],"killed_by":"Transient","ascension_level":20}