{"gold_per_floor":[113,188,204,214,139,139,159,159,159,176,176,326,64,74,74,149,149,29,29,29,29,79,79,4,4,4,4,14,24,35,51,51,51],"floor_reached":33,"playtime":1605,"items_purged":["Doubt"],"score":470,"play_id":"bfd7793f-0b14-44fc-b197-140723954dfc","local_time":"20180913022029","is_ascension_mode":true,"campfire_choices":[{"data":"Zap","floor":6,"key":"SMITH"},{"data":"Hologram","floor":8,"key":"SMITH"},{"data":"Self Repair","floor":11,"key":"SMITH"},{"floor":15,"key":"REST"},{"data":"Defragment","floor":23,"key":"SMITH"},{"data":"Biased Cognition","floor":25,"key":"SMITH"},{"data":"Ball Lightning","floor":27,"key":"SMITH"},{"data":"Force Field","floor":32,"key":"SMITH"}],"neow_cost":"","seed_source_timestamp":904098160293556,"circlet_count":0,"master_deck":["Strike_B+1","Strike_B+1","Strike_B+1","Defend_B+1","Defend_B+1","Defend_B+1","Defend_B+1","Zap+1","Dualcast","AscendersBane","Self Repair+1","Go for the Eyes","Stack","Hologram+1","Conserve Battery","Glacier","Chill","Biased Cognition+1","Ball Lightning+1","Defragment+1","Writhe","Force Field+1","Conserve Battery","White Noise","Seek"],"relics":["Cracked Core","Gambling Chip","Regal Pillow","Philosopher\u0027s Stone","Calipers","Pantograph"],"potions_floor_usage":[7,16,28,30,33],"damage_taken":[{"damage":2,"enemies":"2 Louse","floor":1,"turns":3},{"damage":4,"enemies":"Jaw Worm","floor":3,"turns":4},{"damage":23,"enemies":"Small Slimes","floor":4,"turns":5},{"damage":25,"enemies":"Exordium Thugs","floor":7,"turns":7},{"damage":13,"enemies":"Blue Slaver","floor":10,"turns":4},{"damage":5,"enemies":"Exordium Wildlife","floor":14,"turns":4},{"damage":50,"enemies":"The Guardian","floor":16,"turns":26},{"damage":9,"enemies":"2 Thieves","floor":18,"turns":5},{"damage":29,"enemies":"3 Byrds","floor":28,"turns":5},{"damage":5,"enemies":"Shelled Parasite and Fungi","floor":29,"turns":10},{"damage":20,"enemies":"Chosen and Byrds","floor":30,"turns":5},{"damage":12,"enemies":"Snecko","floor":31,"turns":5},{"damage":72,"enemies":"Automaton","floor":33,"turns":8}],"seed_played":"-4443485158358257954","potions_obtained":[{"floor":1,"key":"Regen Potion"},{"floor":10,"key":"FearPotion"},{"floor":14,"key":"Fire Potion"},{"floor":28,"key":"Fruit Juice"},{"floor":29,"key":"LiquidBronze"},{"floor":31,"key":"Explosive Potion"}],"is_trial":false,"path_per_floor":["M","?","M","M","?","R","M","R","T","M","R","?","$","M","R","B",null,"M","?","?","?","?","R","$","R","T","R","M","M","M","M","R"],"character_chosen":"DEFECT","items_purchased":["Glacier","Regal Pillow"],"campfire_rested":1,"item_purchase_floors":[13,13],"current_hp_per_floor":[62,51,54,38,38,38,35,35,35,22,22,22,22,27,63,23,59,60,60,60,60,60,60,60,60,60,60,46,51,41,46,46,0],"gold":51,"neow_bonus":"","is_prod":false,"is_daily":false,"chose_seed":false,"campfire_upgraded":7,"win_rate":0,"timestamp":1536830429,"path_taken":["M","?","M","M","?","R","?","R","T","M","R","?","$","M","R","BOSS","M","?","?","?","?","R","$","R","T","R","?","M","M","M","R","BOSS"],"build_version":"2018-09-12","purchased_purges":1,"victory":false,"max_hp_per_floor":[71,71,71,71,71,71,71,71,71,71,71,71,71,71,71,71,71,71,71,71,71,71,71,71,71,71,71,76,76,76,76,76,76],"card_choices":[{"not_picked":["Scrape","Redo"],"picked":"Self Repair","floor":1},{"not_picked":["Redo","Barrage"],"picked":"Go for the Eyes","floor":3},{"not_picked":["Rebound","Barrage"],"picked":"Stack","floor":4},{"not_picked":["Stack","Compile Driver"],"picked":"Hologram","floor":7},{"not_picked":["Leap","Melter"],"picked":"Conserve Battery","floor":10},{"not_picked":["Compile Driver","Hologram"],"picked":"Chill","floor":14},{"not_picked":["Thunder Strike","Machine Learning"],"picked":"Biased Cognition","floor":16},{"not_picked":["Conserve Battery","Steam Power+1"],"picked":"Ball Lightning","floor":18},{"not_picked":["Hologram+1","Recycle"],"picked":"Force Field","floor":28},{"not_picked":["Rebound","Genetic Algorithm"],"picked":"Conserve Battery","floor":29},{"not_picked":["Beam Cell+1","Storm"],"picked":"White Noise","floor":30},{"not_picked":["Aggregate","Steam"],"picked":"Seek","floor":31}],"player_experience":2328723,"relics_obtained":[{"floor":9,"key":"Gambling Chip"},{"floor":26,"key":"Pantograph"}],"event_choices":[{"event_name":"World of Goop","player_choice":"Gather Gold","floor":2,"damage_taken":0},{"event_name":"The Cleric","player_choice":"Card Removal","floor":5,"damage_taken":0},{"event_name":"Liars Game","player_choice":"agreed","floor":12,"damage_taken":0},{"event_name":"The Library","player_choice":"Read","floor":19,"damage_taken":0},{"event_name":"Back to Basics","player_choice":"Simplicity","floor":20,"damage_taken":0},{"event_name":"The Mausoleum","player_choice":"Yes","floor":21,"damage_taken":0},{"event_name":"Nest","player_choice":"Stole From Cult","floor":22,"damage_taken":0}],"is_beta":true,"boss_relics":[{"not_picked":["Lizard Tail","Empty Cage"],"picked":"Philosopher\u0027s Stone"}],"items_purged_floors":[24],"is_endless":false,"potions_floor_spawned":[1,10,14,28,29,31],"killed_by":"Automaton","ascension_level":20}