{"gold_per_floor":[110,110,129,149,149,149,176,176,176,54,65,65,96,108,108,213,213,233,233,5,5,18,18,31,31,31,481,481],"floor_reached":28,"playtime":930,"items_purged":["Strike_B"],"score":271,"play_id":"5ead2a8b-295f-4412-8397-28d44b29a216","local_time":"20190211203925","is_ascension_mode":true,"campfire_choices":[{"data":"Echo Form","floor":6,"key":"SMITH"},{"data":"Self Repair","floor":12,"key":"SMITH"},{"data":"Coolheaded","floor":15,"key":"SMITH"},{"data":"Buffer","floor":23,"key":"SMITH"},{"data":"Amplify","floor":25,"key":"SMITH"}],"neow_cost":"TEN_PERCENT_HP_LOSS","seed_source_timestamp":451612849030982,"circlet_count":0,"master_deck":["Strike_B","Strike_B+1","Strike_B","Defend_B+1","Defend_B","Defend_B+1","Defend_B","Zap","Dualcast","Echo Form+1","Chill+1","Genetic Algorithm","Self Repair+1","Coolheaded+1","Compile Driver","Amplify+1","Ball Lightning","Buffer+1","Self Repair","Shame","Darkness+1","Static Discharge+1","Normality"],"relics":["Cracked Core","Bird Faced Urn","Meat on the Bone","War Paint","Cursed Key","DataDisk","Regal Pillow","Bottled Lightning"],"potions_floor_usage":[7,16,28,28,28,28,28],"damage_taken":[{"damage":4,"enemies":"Jaw Worm","floor":1,"turns":3},{"damage":0,"enemies":"Cultist","floor":3,"turns":4},{"damage":5,"enemies":"2 Louse","floor":4,"turns":2},{"damage":40,"enemies":"3 Sentries","floor":7,"turns":10},{"damage":7,"enemies":"Blue Slaver","floor":11,"turns":4},{"damage":18,"enemies":"Lagavulin","floor":13,"turns":9},{"damage":8,"enemies":"2 Fungi Beasts","floor":14,"turns":4},{"damage":4,"enemies":"Slime Boss","floor":16,"turns":8},{"damage":39,"enemies":"3 Byrds","floor":18,"turns":6},{"damage":0,"enemies":"Spheric Guardian","floor":22,"turns":7},{"damage":21,"enemies":"Chosen and Byrds","floor":24,"turns":10},{"damage":44,"enemies":"Slavers","floor":28,"turns":5}],"seed_played":"6245981340827328908","potions_obtained":[{"floor":4,"key":"SkillPotion"},{"floor":7,"key":"PowerPotion"},{"floor":16,"key":"Dexterity Potion"},{"floor":18,"key":"FearPotion"},{"floor":19,"key":"Swift Potion"},{"floor":19,"key":"EntropicBrew"}],"is_trial":false,"path_per_floor":["M","?","M","M","?","R","E","?","T","$","M","R","E","M","R","B",null,"M","?","$","?","M","R","M","R","T","?","E"],"character_chosen":"DEFECT","items_purchased":["Compile Driver","DataDisk","Self Repair"],"campfire_rested":0,"item_purchase_floors":[10,20,20],"current_hp_per_floor":[64,64,64,59,64,64,31,16,16,16,30,30,50,68,68,73,73,48,48,48,48,73,73,73,73,73,31,0],"gold":481,"neow_bonus":"THREE_RARE_CARDS","is_prod":false,"is_daily":false,"chose_seed":false,"campfire_upgraded":5,"win_rate":0,"timestamp":1549935565,"path_taken":["M","?","M","?","?","R","E","?","T","$","M","R","E","M","R","BOSS","M","?","?","?","?","R","M","R","T","?","E"],"build_version":"2019-01-23","purchased_purges":1,"victory":false,"max_hp_per_floor":[68,68,68,68,73,73,73,73,73,73,73,73,73,73,73,73,73,73,73,73,73,73,73,73,73,73,73,73],"card_choices":[{"not_picked":["Machine Learning","Thunder Strike"],"picked":"Echo Form","floor":0},{"not_picked":["Steam","Coolheaded"],"picked":"Chill","floor":1},{"not_picked":["Barrage","Redo"],"picked":"Genetic Algorithm","floor":3},{"not_picked":["Glacier","Double Energy"],"picked":"Self Repair","floor":4},{"not_picked":["Compile Driver","Stack"],"picked":"Coolheaded","floor":7},{"not_picked":["Rebound","Recycle","Auto Shields"],"picked":"SKIP","floor":11},{"not_picked":["Gash","Genetic Algorithm"],"picked":"Amplify","floor":13},{"not_picked":["Cold Snap","Beam Cell"],"picked":"Ball Lightning","floor":14},{"not_picked":["Multi-Cast","Creative AI"],"picked":"Buffer","floor":16},{"not_picked":["Aggregate+1","Stack","Barrage+1"],"picked":"SKIP","floor":18},{"not_picked":["Aggregate+1","Doom and Gloom"],"picked":"Darkness+1","floor":22},{"not_picked":["Cold Snap","Tempest"],"picked":"Static Discharge+1","floor":24}],"player_experience":55985,"relics_obtained":[{"floor":7,"key":"Bird Faced Urn"},{"floor":9,"key":"Meat on the Bone"},{"floor":13,"key":"War Paint"},{"floor":26,"key":"Bottled Lightning"}],"event_choices":[{"damage_healed":0,"gold_gain":0,"player_choice":"0 cards matched","damage_taken":0,"max_hp_gain":0,"max_hp_loss":0,"event_name":"Match and Keep!","floor":2,"gold_loss":0,"cards_obtained":[]},{"damage_healed":0,"gold_gain":0,"player_choice":"Donut","damage_taken":0,"max_hp_gain":5,"max_hp_loss":0,"event_name":"Big Fish","floor":5,"gold_loss":0},{"damage_healed":0,"gold_gain":0,"player_choice":"Entered Light","damage_taken":15,"max_hp_gain":0,"max_hp_loss":0,"event_name":"Shining Light","floor":8,"gold_loss":0,"cards_upgraded":["Strike_B","Defend_B"]},{"damage_healed":0,"gold_gain":0,"player_choice":"Got Potions","damage_taken":0,"max_hp_gain":0,"max_hp_loss":0,"event_name":"Lab","floor":19,"gold_loss":0},{"damage_healed":0,"gold_gain":0,"player_choice":"Stole Relic","damage_taken":0,"relics_obtained":["Regal Pillow"],"max_hp_gain":0,"max_hp_loss":0,"event_name":"Addict","floor":21,"gold_loss":0,"cards_obtained":["Shame"]},{"damage_healed":0,"gold_gain":450,"player_choice":"GOLD GOLD GOLD GOLD GOLD ","damage_taken":42,"max_hp_gain":0,"max_hp_loss":0,"event_name":"Knowing Skull","floor":27,"potions_obtained":[],"gold_loss":0,"cards_obtained":[]}],"is_beta":false,"boss_relics":[{"not_picked":["White Beast Statue","Snecko Eye"],"picked":"Cursed Key"}],"items_purged_floors":[10],"is_endless":false,"potions_floor_spawned":[4,7,16,18,22],"killed_by":"Slavers","ascension_level":4}