{"gold_per_floor":[111,111,36,211,34,34,93,93,93,93,93,107,120,138,138,237,237,251,251,251,269,287,287,298,298,298,298,298,298,298,51,51,149,149,164,1163,1163,1182,1182,1182,689,714,714,727,727,727,132,147,147,147],"floor_reached":51,"playtime":1869,"items_purged":["Doubt","Normality","Normality"],"score":734,"play_id":"52de863c-d94d-49c1-b5be-79934c4d7be0","local_time":"20180926020426","is_ascension_mode":false,"campfire_choices":[{"data":"Streamline","floor":6,"key":"SMITH"},{"data":"Beam Cell","floor":8,"key":"SMITH"},{"data":"Zap","floor":10,"key":"SMITH"},{"data":"Beam Cell","floor":15,"key":"SMITH"},{"data":"Biased Cognition","floor":23,"key":"SMITH"},{"data":"Dualcast","floor":25,"key":"SMITH"},{"data":"Stack","floor":28,"key":"SMITH"},{"data":"Sweeping Beam","floor":32,"key":"SMITH"},{"floor":40,"key":"REST"},{"floor":46,"key":"REST"},{"floor":49,"key":"REST"}],"neow_cost":"","seed_source_timestamp":1077744588494766,"circlet_count":0,"master_deck":["Strike_B","Strike_B","Strike_B","Strike_B","Defend_B","Defend_B","Defend_B","Defend_B","Zap+1","Dualcast+1","Beam Cell+1","Streamline+1","Cold Snap","Self Repair","Beam Cell+1","Sweeping Beam+1","Rebound","Stack+1","Biased Cognition+1","Hologram+1","Static Discharge+1","Chill","Zap+1","Violence","Ball Lightning","Echo Form","Ball Lightning+1","Scrape+1","Discovery","Panacea","Transmutation","Chrysalis","Rebound+1","Leap+1","Defragment","Conserve Battery+1"],"relics":["Cracked Core","Symbiotic Virus","Anchor","Inserter","Enchiridion","Ancient Tea Set","Torii","MutagenicStrength","Fusion Hammer","Strange Spoon","Bottled Lightning","Strawberry","Kunai"],"potions_floor_usage":[18,33,50,50],"damage_taken":[{"damage":2,"enemies":"2 Louse","floor":1,"turns":4},{"damage":0,"enemies":"Jaw Worm","floor":12,"turns":2},{"damage":0,"enemies":"Small Slimes","floor":13,"turns":2},{"damage":0,"enemies":"Blue Slaver","floor":14,"turns":2},{"damage":30,"enemies":"Hexaghost","floor":16,"turns":7},{"damage":7,"enemies":"Shell Parasite","floor":18,"turns":3},{"damage":8,"enemies":"2 Thieves","floor":21,"turns":4},{"damage":14,"enemies":"Shelled Parasite and Fungi","floor":22,"turns":4},{"damage":3,"enemies":"Centurion and Healer","floor":24,"turns":6},{"damage":49,"enemies":"Champ","floor":33,"turns":9},{"damage":0,"enemies":"3 Shapes","floor":35,"turns":1},{"damage":0,"enemies":"Orb Walker","floor":38,"turns":2},{"damage":36,"enemies":"Nemesis","floor":42,"turns":5},{"damage":2,"enemies":"3 Darklings","floor":44,"turns":8},{"damage":1,"enemies":"Transient","floor":48,"turns":5},{"damage":32,"enemies":"Awakened One","floor":50,"turns":11}],"seed_played":"-4191839474364344292","potions_obtained":[{"floor":1,"key":"EssenceOfSteel"},{"floor":12,"key":"FearPotion"},{"floor":16,"key":"Explosive Potion"},{"floor":21,"key":"Ancient Potion"},{"floor":38,"key":"Swift Potion"}],"is_trial":false,"path_per_floor":["M","?","$","?","$","R","?","R","T","R","?","M","M","M","R","B",null,"M","?","?","M","M","R","M","R","T","T","R","?","?","$","R","B",null,"M","?","?","M","?","R","$","E","T","M","?","R","$","M","R","B"],"character_chosen":"DEFECT","items_purchased":["Streamline","Cold Snap","Self Repair","Beam Cell","Violence","Ball Lightning","Strange Spoon","Chrysalis","Defragment","Kunai","Ancient Potion","FocusPotion"],"campfire_rested":3,"item_purchase_floors":[3,3,5,5,31,31,41,41,47,47,47,47],"current_hp_per_floor":[73,78,78,78,78,78,78,78,78,78,78,80,80,80,80,50,80,80,80,64,63,56,56,60,60,60,60,60,60,60,60,60,18,80,80,80,80,80,70,80,80,51,58,70,70,87,87,86,87,55],"gold":147,"neow_bonus":"","is_prod":false,"is_daily":false,"chose_seed":false,"campfire_upgraded":8,"win_rate":0,"timestamp":1537952666,"path_taken":["M","?","$","?","$","R","?","R","T","R","?","M","M","M","R","BOSS","M","?","?","?","M","R","M","R","T","?","R","?","?","?","R","BOSS","M","?","?","?","?","R","$","E","T","M","?","R","$","M","R","BOSS"],"build_version":"2018-09-25","purchased_purges":3,"victory":true,"max_hp_per_floor":[75,80,80,80,80,80,80,80,80,80,80,80,80,80,80,80,80,80,80,80,80,80,80,80,80,80,80,80,80,80,80,80,80,80,80,80,80,80,80,80,80,80,87,87,87,87,87,87,87,87],"card_choices":[{"not_picked":["Fusion","Turbo"],"picked":"Beam Cell","floor":1},{"not_picked":["Skim","Redo"],"picked":"Sweeping Beam","floor":12},{"not_picked":["Reprogram","Tempest"],"picked":"Rebound","floor":13},{"not_picked":["Cold Snap","Heatsinks"],"picked":"Stack","floor":14},{"not_picked":["Rainbow","Machine Learning"],"picked":"Biased Cognition","floor":16},{"not_picked":["Skim","Streamline"],"picked":"Hologram+1","floor":18},{"not_picked":["Compile Driver","Recycle+1"],"picked":"Sunder+1","floor":21},{"not_picked":["Heatsinks","Conserve Battery"],"picked":"Static Discharge+1","floor":22},{"not_picked":["Cold Snap","Streamline"],"picked":"Chill","floor":24},{"not_picked":["Fission","Creative AI"],"picked":"Echo Form","floor":33},{"not_picked":["Leap+1","Force Field"],"picked":"Ball Lightning+1","floor":35},{"not_picked":["Recycle+1","BootSequence"],"picked":"Scrape+1","floor":38},{"not_picked":["Jack Of All Trades","Swift Strike"],"picked":"Discovery","floor":39},{"not_picked":["Transmutation","Secret Weapon"],"picked":"Panacea","floor":39},{"not_picked":["Purity","Dramatic Entrance"],"picked":"Transmutation","floor":39},{"not_picked":["Redo","Reprogram"],"picked":"Rebound+1","floor":42},{"not_picked":["Turbo","Rebound"],"picked":"Leap+1","floor":44},{"not_picked":["Stack","Go for the Eyes"],"picked":"Conserve Battery+1","floor":48}],"player_experience":2414724,"relics_obtained":[{"floor":9,"key":"Symbiotic Virus"},{"floor":20,"key":"Enchiridion"},{"floor":26,"key":"Ancient Tea Set"},{"floor":27,"key":"Torii"},{"floor":42,"key":"Bottled Lightning"},{"floor":43,"key":"Strawberry"}],"event_choices":[{"event_name":"Big Fish","player_choice":"Donut","floor":2,"damage_taken":0},{"event_name":"Liars Game","player_choice":"agreed","floor":4,"damage_taken":0},{"event_name":"Golden Wing","player_choice":"Gained Gold","floor":7,"damage_taken":0},{"event_name":"Dead Adventurer","player_choice":"Searched \u00272\u0027 times","floor":11,"damage_taken":0},{"event_name":"Vampires","player_choice":"Ignored","floor":19,"damage_taken":0},{"event_name":"Cursed Tome","player_choice":"Obtained Book","floor":20,"damage_taken":0},{"event_name":"Duplicator","player_choice":"One dupe","floor":29,"damage_taken":0},{"event_name":"Drug Dealer","player_choice":"Inject Mutagens","floor":30,"damage_taken":0},{"event_name":"MindBloom","player_choice":"Gold","floor":36,"damage_taken":0},{"event_name":"Mysterious Sphere","player_choice":"Ignore","floor":37,"damage_taken":0},{"event_name":"SensoryStone","player_choice":"Memory 3","floor":39,"damage_taken":0},{"event_name":"Falling","player_choice":"Removed Attack","floor":45,"damage_taken":0}],"is_beta":true,"boss_relics":[{"not_picked":["Lizard Tail","White Beast Statue"],"picked":"Inserter"},{"not_picked":["Velvet Choker","Runic Dome"],"picked":"Fusion Hammer"}],"items_purged_floors":[5,41,47],"is_endless":false,"potions_floor_spawned":[1,12,16,21,38,42],"ascension_level":0}