{"gold_per_floor":[112,112,62,79,154,154,173,173,221,240,269,280,290,215,215,310,310,322,349,404,80,80,80,170,195,195,220,233,247,247,259,259,355,355,370,0,20,120,120,120,154,154,454,454,55,277,288,303,303,303],"floor_reached":51,"playtime":3085,"items_purged":["Strike_G","Strike_G","Strike_G+1"],"score":931,"play_id":"5ade203c-e47e-4d78-af91-8d1b892b4600","local_time":"20190818150913","is_ascension_mode":true,"campfire_choices":[{"data":"After Image","floor":6,"key":"SMITH"},{"data":"Neutralize","floor":8,"key":"SMITH"},{"data":"Noxious Fumes","floor":15,"key":"SMITH"},{"floor":23,"key":"REST"},{"data":"Footwork","floor":30,"key":"SMITH"},{"data":"Catalyst","floor":32,"key":"SMITH"},{"data":"Night Terror","floor":40,"key":"SMITH"},{"data":"Adrenaline","floor":42,"key":"SMITH"},{"data":"Backflip","floor":44,"key":"SMITH"},{"floor":49,"key":"REST"}],"neow_cost":"NONE","seed_source_timestamp":14644723696687,"circlet_count":0,"master_deck":["Defend_G+1","Defend_G+1","Defend_G+1","Defend_G+1","Survivor","Neutralize+1","After Image+1","Terror","Cloak And Dagger","Catalyst+1","Distraction","Noxious Fumes+1","Footwork+1","Adrenaline+1","Backflip+1","Prepared+1","Catalyst","Dodge and Roll+1","Expertise","Night Terror+1","Calculated Gamble+1","Envenom","Noxious Fumes+1","Acrobatics","Catalyst+1"],"relics":["Ring of the Snake","Regal Pillow","Happy Flower","Sozu","Red Mask","PreservedInsect","Whetstone","Centennial Puzzle","Pear","Bottled Tornado","Dodecahedron","Bird Faced Urn","Bronze Scales","Old Coin","Lantern","Lee\u0027s Waffle"],"potions_floor_usage":[10,16],"damage_taken":[{"damage":0,"enemies":"Jaw Worm","floor":1,"turns":5},{"damage":0,"enemies":"Small Slimes","floor":4,"turns":5},{"damage":0,"enemies":"Cultist","floor":7,"turns":4},{"damage":5,"enemies":"Exordium Thugs","floor":10,"turns":5},{"damage":27,"enemies":"Lagavulin","floor":11,"turns":12},{"damage":5,"enemies":"Exordium Wildlife","floor":12,"turns":4},{"damage":0,"enemies":"Looter","floor":13,"turns":4},{"damage":14,"enemies":"Hexaghost","floor":16,"turns":13},{"damage":13,"enemies":"3 Byrds","floor":18,"turns":6},{"damage":26,"enemies":"Masked Bandits","floor":19,"turns":7},{"damage":0,"enemies":"Book of Stabbing","floor":25,"turns":5},{"damage":13,"enemies":"Gremlin Leader","floor":27,"turns":7},{"damage":0,"enemies":"Shell Parasite","floor":28,"turns":5},{"damage":0,"enemies":"Centurion and Healer","floor":29,"turns":8},{"damage":0,"enemies":"Snecko","floor":31,"turns":6},{"damage":20,"enemies":"Automaton","floor":33,"turns":11},{"damage":0,"enemies":"Orb Walker","floor":35,"turns":5},{"damage":0,"enemies":"3 Shapes","floor":37,"turns":6},{"damage":16,"enemies":"Mind Bloom Boss Battle","floor":38,"turns":10},{"damage":9,"enemies":"Nemesis","floor":41,"turns":3},{"damage":2,"enemies":"Transient","floor":47,"turns":5},{"damage":15,"enemies":"Sphere and 2 Shapes","floor":48,"turns":4},{"damage":48,"enemies":"Awakened One","floor":50,"turns":12}],"seed_played":"973104142396796570","potions_obtained":[{"floor":1,"key":"Fire Potion"},{"floor":7,"key":"Block Potion"}],"is_trial":false,"path_per_floor":["M","?","?","M","?","R","M","R","T","M","E","M","M","$","R","B",null,"M","?","T","$","?","R","?","E","T","E","M","M","R","M","R","B",null,"M","$","M","?","?","R","E","R","T","R","$","?","M","M","R","B",null],"character_chosen":"THE_SILENT","items_purchased":["Catalyst","Whetstone","Dodecahedron","Lantern","Lee\u0027s Waffle","Acrobatics"],"campfire_rested":2,"item_purchase_floors":[21,21,36,45,45,45],"current_hp_per_floor":[70,63,63,63,56,56,56,56,56,51,24,19,19,19,19,5,70,57,31,31,31,31,67,53,53,63,50,50,50,50,50,50,30,80,80,80,80,64,64,64,59,59,59,59,87,87,87,72,87,43],"gold":303,"neow_bonus":"ONE_RANDOM_RARE_CARD","is_prod":false,"is_daily":false,"chose_seed":false,"campfire_upgraded":8,"win_rate":0,"timestamp":1566108553,"path_taken":["M","?","?","M","?","R","M","R","T","M","E","M","?","$","R","BOSS","M","?","?","$","?","R","?","E","T","E","M","M","R","M","R","BOSS","M","$","?","?","?","R","E","R","T","R","$","?","M","M","R","BOSS"],"build_version":"2019-07-17","purchased_purges":3,"victory":true,"max_hp_per_floor":[70,70,70,70,70,70,70,70,70,70,70,70,70,70,70,70,70,70,70,70,70,70,70,70,70,80,80,80,80,80,80,80,80,80,80,80,80,80,80,80,80,80,80,80,87,87,87,87,87,87],"card_choices":[{"not_picked":["Endless Agony","Tactician"],"picked":"Terror","floor":1},{"not_picked":["Deflect","Outmaneuver","Poisoned Stab"],"picked":"SKIP","floor":4},{"not_picked":["Dagger Spray","Catalyst"],"picked":"Cloak And Dagger","floor":7},{"not_picked":["Quick Slash","Underhanded Strike"],"picked":"Catalyst","floor":10},{"not_picked":["Poisoned Stab","Eviscerate"],"picked":"Distraction","floor":11},{"not_picked":["Endless Agony","Deadly Poison"],"picked":"Noxious Fumes","floor":12},{"not_picked":["Expertise","Slice"],"picked":"Footwork","floor":13},{"not_picked":["Malaise","Glass Knife"],"picked":"Adrenaline","floor":16},{"not_picked":["Blade Dance+1","Cloak And Dagger"],"picked":"Backflip","floor":18},{"not_picked":["Masterful Stab+1","Deflect"],"picked":"Prepared+1","floor":19},{"not_picked":["Dagger Spray","Calculated Gamble+1"],"picked":"Dodge and Roll+1","floor":25},{"not_picked":["Noxious Fumes","Expertise","Endless Agony"],"picked":"SKIP","floor":27},{"not_picked":["Wraith Form v2","Cloak And Dagger"],"picked":"Expertise","floor":28},{"not_picked":["Sucker Punch","Slice","Backflip"],"picked":"SKIP","floor":29},{"not_picked":["Masterful Stab+1","Distraction+1","Outmaneuver"],"picked":"SKIP","floor":31},{"not_picked":["Adrenaline","Wraith Form v2"],"picked":"Night Terror","floor":33},{"not_picked":["Dodge and Roll","Prepared+1"],"picked":"Calculated Gamble+1","floor":35},{"not_picked":["Dagger Spray","Blade Dance+1","Heel Hook"],"picked":"SKIP","floor":37},{"not_picked":["Heel Hook+1","Deflect+1"],"picked":"Envenom","floor":38},{"not_picked":["Slice+1","Deadly Poison+1"],"picked":"Noxious Fumes+1","floor":41},{"not_picked":["Poisoned Stab","Dagger Throw"],"picked":"Catalyst+1","floor":47},{"not_picked":["Quick Slash+1","Acrobatics","Underhanded Strike"],"picked":"SKIP","floor":48},{"not_picked":["Quick Slash+1","Acrobatics","Underhanded Strike"],"picked":"SKIP","floor":48}],"player_experience":176693,"relics_obtained":[{"floor":9,"key":"Regal Pillow"},{"floor":11,"key":"Happy Flower"},{"floor":19,"key":"Red Mask"},{"floor":20,"key":"PreservedInsect"},{"floor":25,"key":"Centennial Puzzle"},{"floor":26,"key":"Pear"},{"floor":27,"key":"Bottled Tornado"},{"floor":38,"key":"Bird Faced Urn"},{"floor":41,"key":"Bronze Scales"},{"floor":43,"key":"Old Coin"}],"event_choices":[{"cards_removed":["Defend_G"],"damage_healed":0,"gold_gain":0,"player_choice":"Card Removal","damage_taken":7,"max_hp_gain":0,"max_hp_loss":0,"event_name":"Golden Wing","floor":2,"gold_loss":0},{"cards_removed":["Strike_G"],"damage_healed":0,"gold_gain":0,"player_choice":"Card Removal","damage_taken":0,"max_hp_gain":0,"max_hp_loss":0,"event_name":"The Cleric","floor":3,"gold_loss":50},{"damage_healed":0,"gold_gain":75,"player_choice":"Touch","damage_taken":7,"max_hp_gain":0,"max_hp_loss":0,"event_name":"FaceTrader","floor":5,"gold_loss":0},{"damage_healed":0,"gold_gain":0,"player_choice":"Fought Bandits","damage_taken":0,"max_hp_gain":0,"max_hp_loss":0,"event_name":"Masked Bandits","floor":19,"gold_loss":0},{"damage_healed":0,"gold_gain":0,"player_choice":"Simplicity","damage_taken":0,"max_hp_gain":0,"max_hp_loss":0,"event_name":"Back to Basics","floor":22,"gold_loss":0,"cards_upgraded":["Defend_G","Defend_G","Defend_G","Defend_G"]},{"damage_healed":0,"gold_gain":90,"player_choice":"GOLD ","damage_taken":14,"max_hp_gain":0,"max_hp_loss":0,"event_name":"Knowing Skull","floor":24,"potions_obtained":[],"gold_loss":0,"cards_obtained":[]},{"damage_healed":0,"gold_gain":0,"player_choice":"Fight","damage_taken":0,"max_hp_gain":0,"max_hp_loss":0,"event_name":"MindBloom","floor":38,"gold_loss":0},{"cards_removed":["Strike_G"],"damage_healed":0,"gold_gain":0,"player_choice":"Removed Attack","damage_taken":0,"max_hp_gain":0,"max_hp_loss":0,"event_name":"Falling","floor":39,"gold_loss":0},{"damage_healed":0,"gold_gain":222,"player_choice":"Wore Mask","damage_taken":0,"max_hp_gain":0,"max_hp_loss":0,"event_name":"Tomb of Lord Red Mask","floor":46,"gold_loss":0}],"is_beta":false,"boss_relics":[{"not_picked":["Runic Dome","Cursed Key"],"picked":"Sozu"},{"not_picked":["Velvet Choker","Calling Bell","Pandora\u0027s Box"]}],"items_purged_floors":[14,21,36],"is_endless":false,"potions_floor_spawned":[1,7,19,25,28,35,41],"ascension_level":4}