{"gold_per_floor":[131,143,105,117,129,141,184,196,208,250,278,290,315,350,362,474,486,518,1070,1101,1113,541,541,556,587,613,632,632,732,747,765,765,866,1166,1184,1184,429,439,458,458],"floor_reached":40,"playtime":1095,"items_purged":["Strike_B+1","Strike_B+1"],"score":438,"play_id":"4473d476-e3bc-47e0-bb35-b2658c2b7f02","local_time":"20190406004245","is_ascension_mode":false,"campfire_choices":[{"data":"Zap","floor":6,"key":"SMITH"},{"data":"Ball Lightning","floor":8,"key":"SMITH"},{"data":"Compile Driver","floor":12,"key":"SMITH"},{"data":"Coolheaded","floor":15,"key":"SMITH"},{"floor":23,"key":"REST"},{"floor":28,"key":"REST"},{"data":"Streamline","floor":32,"key":"SMITH"}],"neow_cost":"NONE","seed_source_timestamp":2011350017434154,"circlet_count":0,"master_deck":["Strike_B+1","Defend_B","Defend_B","Defend_B","Defend_B","Zap+1","Dualcast","Streamline+1","Ball Lightning+1","Compile Driver+1","Coolheaded+1","Coolheaded","Conserve Battery","Coolheaded+1","Barrage+1","Sweeping Beam","Streamline+1","Gash+1","Hologram","Gash","Gash"],"relics":["Cracked Core","MawBank","Regal Pillow","Whetstone","Potion Belt","Bag of Preparation","DataDisk","Sozu","OrangePellets","Blood Vial","Omamori","Art of War","Centennial Puzzle","Calling Bell","Lantern","Symbiotic Virus","Old Coin","Spirit Poop","Happy Flower","Toy Ornithopter","Gremlin Horn"],"potions_floor_usage":[20],"damage_taken":[{"damage":0,"enemies":"2 Louse","floor":1,"turns":1},{"damage":16,"enemies":"Lagavulin","floor":7,"turns":6},{"damage":27,"enemies":"Gremlin Nob","floor":10,"turns":4},{"damage":0,"enemies":"Small Slimes","floor":11,"turns":2},{"damage":0,"enemies":"Cultist","floor":13,"turns":3},{"damage":4,"enemies":"Hexaghost","floor":16,"turns":8},{"damage":2,"enemies":"3 Byrds","floor":18,"turns":3},{"damage":1,"enemies":"2 Thieves","floor":20,"turns":3},{"damage":11,"enemies":"Snake Plant","floor":24,"turns":3},{"damage":15,"enemies":"Gremlin Leader","floor":25,"turns":5},{"damage":0,"enemies":"Cultist and Chosen","floor":27,"turns":4},{"damage":4,"enemies":"3 Cultists","floor":30,"turns":3},{"damage":11,"enemies":"Snake Plant","floor":31,"turns":3},{"damage":56,"enemies":"Champ","floor":33,"turns":11},{"damage":9,"enemies":"3 Shapes","floor":35,"turns":6},{"damage":7,"enemies":"3 Darklings","floor":38,"turns":4},{"damage":4,"enemies":"Writhing Mass","floor":39,"turns":5},{"damage":63,"enemies":"Nemesis","floor":40,"turns":6}],"seed_played":"-4911994542581480129","potions_obtained":[{"floor":1,"key":"Swift Potion"},{"floor":11,"key":"Ancient Potion"},{"floor":16,"key":"SkillPotion"}],"is_trial":false,"path_per_floor":["M","?","?","$","?","R","E","R","T","E","M","R","M","T","R","B",null,"M","?","M","?","$","R","M","E","T","M","R","?","M","M","R","B",null,"M","?","$","M","M","E"],"character_chosen":"DEFECT","items_purchased":["OrangePellets","Blood Vial","Omamori","Hologram","Happy Flower","Toy Ornithopter","Gremlin Horn"],"campfire_rested":2,"item_purchase_floors":[22,22,22,37,37,37,37],"current_hp_per_floor":[75,60,60,60,60,60,44,44,44,17,17,17,17,17,17,13,75,73,24,23,23,23,60,51,38,38,40,75,75,71,62,62,8,75,66,66,66,61,59,0],"gold":458,"neow_bonus":"RANDOM_COMMON_RELIC","is_prod":false,"is_daily":false,"chose_seed":false,"campfire_upgraded":5,"win_rate":0,"timestamp":1554525765,"path_taken":["M","?","?","$","?","R","E","R","T","E","?","R","?","?","R","BOSS","M","?","?","?","$","R","?","E","T","M","R","?","M","?","R","BOSS","M","?","$","M","?","E"],"build_version":"2019-01-23","purchased_purges":2,"victory":false,"max_hp_per_floor":[75,75,75,75,75,75,75,75,75,75,75,75,75,75,75,75,75,75,75,75,75,75,75,75,75,75,75,75,75,75,75,75,75,75,75,75,75,75,75,75],"card_choices":[{"not_picked":["Double Energy","Capacitor"],"picked":"Streamline","floor":1},{"not_picked":["Rip and Tear","Sunder"],"picked":"Ball Lightning","floor":7},{"not_picked":["Leap","Rip and Tear"],"picked":"Compile Driver","floor":10},{"not_picked":["Rebound","Leap","Stack"],"picked":"SKIP","floor":11},{"not_picked":["Fission","Beam Cell"],"picked":"Coolheaded","floor":13},{"not_picked":["Auto Shields","Redo"],"picked":"Coolheaded","floor":18},{"not_picked":["Rebound","Sweeping Beam"],"picked":"Conserve Battery","floor":20},{"not_picked":["Rebound","Stack+1"],"picked":"Barrage+1","floor":24},{"not_picked":["Barrage","Echo Form"],"picked":"Sweeping Beam","floor":25},{"not_picked":["Turbo","Reinforced Body","Rebound"],"picked":"SKIP","floor":27},{"not_picked":["Rebound","FTL","Coolheaded"],"picked":"SKIP","floor":30},{"not_picked":["Rebound","Compile Driver"],"picked":"Streamline","floor":31},{"not_picked":["Melter","Cold Snap+1"],"picked":"Gash+1","floor":35},{"not_picked":["Sweeping Beam+1","Chill"],"picked":"Gash","floor":38},{"not_picked":["Compile Driver+1","Leap"],"picked":"Gash","floor":39}],"player_experience":244020,"relics_obtained":[{"floor":7,"key":"Whetstone"},{"floor":9,"key":"Potion Belt"},{"floor":10,"key":"Bag of Preparation"},{"floor":14,"key":"DataDisk"},{"floor":25,"key":"Art of War"},{"floor":26,"key":"Centennial Puzzle"},{"floor":34,"key":"Lantern"},{"floor":34,"key":"Symbiotic Virus"},{"floor":34,"key":"Old Coin"}],"event_choices":[{"damage_healed":0,"gold_gain":0,"player_choice":"Entered Light","damage_taken":15,"max_hp_gain":0,"max_hp_loss":0,"event_name":"Shining Light","floor":2,"gold_loss":0,"cards_upgraded":["Strike_B","Streamline"]},{"cards_removed":["Strike_B"],"damage_healed":0,"gold_gain":0,"player_choice":"Card Removal","damage_taken":0,"max_hp_gain":0,"max_hp_loss":0,"event_name":"The Cleric","floor":3,"gold_loss":50},{"damage_healed":0,"gold_gain":0,"player_choice":"Gave Potion","damage_taken":0,"relics_obtained":["Regal Pillow"],"max_hp_gain":0,"max_hp_loss":0,"event_name":"WeMeetAgain","floor":5,"gold_loss":0},{"damage_healed":0,"gold_gain":540,"player_choice":"GOLD GOLD GOLD GOLD GOLD GOLD ","damage_taken":49,"max_hp_gain":0,"max_hp_loss":0,"event_name":"Knowing Skull","floor":19,"potions_obtained":[],"gold_loss":0,"cards_obtained":[]},{"damage_healed":0,"gold_gain":0,"player_choice":"Copied","damage_taken":0,"max_hp_gain":0,"max_hp_loss":0,"event_name":"Duplicator","floor":21,"gold_loss":0,"cards_obtained":["Coolheaded"]},{"damage_healed":0,"gold_gain":100,"player_choice":"Pray","damage_taken":0,"max_hp_gain":0,"max_hp_loss":0,"event_name":"Golden Shrine","floor":29,"gold_loss":0},{"cards_removed":["Shame"],"damage_healed":0,"gold_gain":0,"player_choice":"Offered Curse","damage_taken":0,"relics_obtained":["Spirit Poop"],"max_hp_gain":0,"max_hp_loss":0,"event_name":"Bonfire Elementals","floor":36,"gold_loss":0}],"is_beta":false,"boss_relics":[{"not_picked":["Philosopher\u0027s Stone","Busted Crown"],"picked":"Sozu"},{"not_picked":["Tiny House","Snecko Eye"],"picked":"Calling Bell"}],"items_purged_floors":[22,37],"is_endless":false,"potions_floor_spawned":[1,11,16,20,25,30],"killed_by":"Nemesis","ascension_level":0}