{"gold_per_floor":[110,122,134,55,75,107,125,125,149,149,169,180,210,228,228,325,325,337,352,371,390,400,325,325,110,110,110,110,210,210],"floor_reached":30,"playtime":2225,"items_purged":["Strike_R"],"score":271,"play_id":"35a21fe7-fcb7-408f-b35b-eb0d056e84eb","local_time":"20190827124043","is_ascension_mode":false,"campfire_choices":[{"data":"Armaments","floor":8,"key":"SMITH"},{"floor":15,"key":"REST"},{"floor":24,"key":"REST"},{"floor":27,"key":"REST"}],"neow_cost":"NONE","seed_source_timestamp":316080830435462,"circlet_count":0,"master_deck":["Strike_R","Strike_R","Strike_R","Defend_R","Defend_R","Defend_R","Defend_R","Bash","Armaments","Shrug It Off","Shrug It Off","Shrug It Off","Armaments+1","Anger","Inflame","Pommel Strike","Shrug It Off","Uppercut","Clothesline","Headbutt","Brutality","Spot Weakness","Headbutt+1","Heavy Blade","Warcry+1","Ghostly Armor","Sword Boomerang","Flex","Fire Breathing","Spot Weakness","Reaper"],"relics":["White Beast Statue","Pantograph","Blood Vial","Fusion Hammer","Shovel","Unceasing Top","Darkstone Periapt"],"potions_floor_usage":[6,6,6,13,13,13,16,16,18,20,21,21,22,29],"damage_taken":[{"damage":2,"enemies":"Small Slimes","floor":1,"turns":4},{"damage":1,"enemies":"Cultist","floor":2,"turns":3},{"damage":2,"enemies":"2 Louse","floor":3,"turns":3},{"damage":5,"enemies":"2 Fungi Beasts","floor":5,"turns":5},{"damage":14,"enemies":"Gremlin Nob","floor":6,"turns":4},{"damage":0,"enemies":"Blue Slaver","floor":7,"turns":5},{"damage":4,"enemies":"Looter","floor":11,"turns":4},{"damage":0,"enemies":"Red Slaver","floor":12,"turns":4},{"damage":14,"enemies":"3 Sentries","floor":13,"turns":7},{"damage":0,"enemies":"Large Slime","floor":14,"turns":7},{"damage":23,"enemies":"Slime Boss","floor":16,"turns":15},{"damage":7,"enemies":"2 Thieves","floor":18,"turns":4},{"damage":5,"enemies":"Shell Parasite","floor":19,"turns":6},{"damage":12,"enemies":"Centurion and Healer","floor":20,"turns":7},{"damage":20,"enemies":"Cultist and Chosen","floor":21,"turns":5},{"damage":31,"enemies":"Sentry and Sphere","floor":22,"turns":6},{"damage":15,"enemies":"Colosseum Slavers","floor":29,"turns":5},{"damage":42,"enemies":"Colosseum Nobs","floor":29,"turns":5},{"damage":12,"enemies":"Chosen and Byrds","floor":30,"turns":4}],"seed_played":"-1771871989491699494","potions_obtained":[{"floor":1,"key":"FearPotion"},{"floor":2,"key":"Fire Potion"},{"floor":3,"key":"Fire Potion"},{"floor":5,"key":"AttackPotion"},{"floor":6,"key":"SteroidPotion"},{"floor":7,"key":"SpeedPotion"},{"floor":11,"key":"Poison Potion"},{"floor":13,"key":"Weak Potion"},{"floor":14,"key":"Dexterity Potion"},{"floor":16,"key":"Explosive Potion"},{"floor":18,"key":"Swift Potion"},{"floor":19,"key":"Block Potion"},{"floor":20,"key":"Weak Potion"},{"floor":21,"key":"Poison Potion"},{"floor":22,"key":"SkillPotion"},{"floor":29,"key":"GamblersBrew"}],"is_trial":false,"path_per_floor":["M","M","M","$","M","E","M","R","T","?","M","M","E","M","R","B",null,"M","M","M","M","M","?","R","$","T","R","?","?","M"],"character_chosen":"IRONCLAD","items_purchased":["Shrug It Off","Armaments","Sword Boomerang","Flex","Fire Breathing"],"campfire_rested":3,"item_purchase_floors":[4,4,25,25,25],"current_hp_per_floor":[78,77,75,75,70,56,56,56,56,56,52,52,38,40,64,57,80,73,70,60,42,13,13,37,37,37,61,61,8,0],"gold":210,"neow_bonus":"BOSS_RELIC","is_prod":false,"is_daily":false,"chose_seed":false,"campfire_upgraded":1,"win_rate":0,"timestamp":1566902443,"path_taken":["M","M","M","$","M","E","M","R","T","?","M","?","E","M","R","BOSS","M","M","M","M","M","?","R","$","T","R","?","?","M"],"build_version":"2019-06-28","purchased_purges":1,"victory":false,"max_hp_per_floor":[80,80,80,80,80,80,80,80,80,80,80,80,80,80,80,80,80,80,80,80,80,80,80,80,80,80,80,80,80,80],"card_choices":[{"not_picked":["Wild Strike","Iron Wave"],"picked":"Armaments","floor":1},{"not_picked":["Body Slam","Entrench"],"picked":"Shrug It Off","floor":2},{"not_picked":["Body Slam","Twin Strike"],"picked":"Shrug It Off","floor":3},{"not_picked":["Warcry","Havoc"],"picked":"Anger","floor":5},{"not_picked":["Pummel","Anger"],"picked":"Inflame","floor":6},{"not_picked":["Disarm","Barricade"],"picked":"Pommel Strike","floor":7},{"not_picked":["Body Slam","Cleave"],"picked":"Shrug It Off","floor":11},{"not_picked":["Bloodletting","Shockwave"],"picked":"Uppercut","floor":12},{"not_picked":["Perfected Strike","Reckless Charge"],"picked":"Clothesline","floor":13},{"not_picked":["Thunderclap","Infernal Blade"],"picked":"Headbutt","floor":14},{"not_picked":["Barricade","Impervious"],"picked":"Brutality","floor":16},{"not_picked":["Clothesline+1","Clash+1"],"picked":"Spot Weakness","floor":18},{"not_picked":["Body Slam","Cleave+1"],"picked":"Headbutt+1","floor":19},{"not_picked":["Feel No Pain","Cleave+1"],"picked":"Heavy Blade","floor":20},{"not_picked":["Corruption","Clothesline"],"picked":"Warcry+1","floor":21},{"not_picked":["Wild Strike","Bloodletting"],"picked":"Ghostly Armor","floor":22},{"not_picked":["Blood for Blood","Inflame"],"picked":"Reaper","floor":29}],"player_experience":96761,"relics_obtained":[{"floor":6,"key":"Pantograph"},{"floor":13,"key":"Blood Vial"},{"floor":26,"key":"Shovel"},{"floor":29,"key":"Unceasing Top"},{"floor":29,"key":"Darkstone Periapt"}],"event_choices":[{"damage_healed":0,"gold_gain":0,"player_choice":"Ignored","damage_taken":0,"max_hp_gain":0,"max_hp_loss":0,"event_name":"NoteForYourself","floor":10,"gold_loss":0},{"cards_removed":["Strike_R"],"damage_healed":0,"gold_gain":0,"player_choice":"Gave Gold","damage_taken":0,"max_hp_gain":0,"max_hp_loss":0,"event_name":"Beggar","floor":23,"gold_loss":75},{"damage_healed":0,"gold_gain":0,"player_choice":"Read","damage_taken":0,"max_hp_gain":0,"max_hp_loss":0,"event_name":"The Library","floor":28,"gold_loss":0,"cards_obtained":["Spot Weakness"]},{"damage_healed":0,"gold_gain":0,"player_choice":"Fight","damage_taken":0,"max_hp_gain":0,"max_hp_loss":0,"event_name":"Colosseum","floor":29,"gold_loss":0},{"damage_healed":0,"gold_gain":0,"player_choice":"Fought Nobs","damage_taken":0,"max_hp_gain":0,"max_hp_loss":0,"event_name":"Colosseum","floor":29,"gold_loss":0}],"is_beta":true,"boss_relics":[{"not_picked":["Velvet Choker","Busted Crown"],"picked":"Fusion Hammer"}],"items_purged_floors":[25],"is_endless":false,"potions_floor_spawned":[1,2,3,5,6,7,11,12,13,14,16,18,19,20,21,22,29,29],"killed_by":"Chosen and Byrds","ascension_level":0}