{"gold_per_floor":[112,130,130,143,143,143,153,163,163,177,177,191,13,13,13,108,108,126,126,126,140,160,160,180,180,180,219,232,232,246,286,286,376,376,390,612,632,632,288,288,307,323,404,11,31,31,51,65,65,65,65],"floor_reached":52,"playtime":3834,"items_purged":["Strike_B","Strike_B"],"score":1815,"play_id":"6921bf41-6781-4e95-883b-cd07b98096e3","local_time":"20180916045811","is_ascension_mode":true,"campfire_choices":[{"data":"Beam Cell","floor":6.0,"key":"SMITH"},{"data":"Go for the Eyes","floor":15.0,"key":"SMITH"},{"data":"Biased Cognition","floor":23.0,"key":"SMITH"},{"floor":29.0,"key":"REST"},{"floor":32.0,"key":"REST"},{"data":"Defragment","floor":40,"key":"SMITH"},{"floor":49,"key":"REST"}],"neow_cost":"NONE","seed_source_timestamp":221761333019908,"circlet_count":0,"master_deck":["Strike_B+1","Strike_B","Defend_B","Defend_B","Defend_B","Defend_B","Zap+1","Dualcast","AscendersBane","Gash+1","Beam Cell+1","Gash","Cold Snap","Coolheaded","Coolheaded","Sweeping Beam","Go for the Eyes+1","Stack","Leap","Stack","Sunder","Capacitor","White Noise+1","Biased Cognition+1","Melter+1","Ball Lightning","Glacier","Fusion+1","Go for the Eyes+1","Glacier","Defragment+1","Leap","Stack","Stack","Chill","Consume","Aggregate","All For One","Hologram","Gash","Go for the Eyes","BootSequence+1","Finesse","Dark Shackles","Panacea","Echo Form","Stack+1","Defragment+1","Dark Shackles","Ball Lightning+1","Writhe","Stack","Defragment","Stack","Stack"],"special_seed":0,"relics":["Cracked Core","Omamori","Prayer Wheel","Thread and Needle","Golden Idol","Sozu","StoneCalendar","Vajra","Art of War","Red Mask","War Paint","Runic Pyramid","Membership Card","DataDisk","Gremlin Horn","OrangePellets","Emotion Chip"],"potions_floor_usage":[],"damage_taken":[{"damage":2.0,"enemies":"Jaw Worm","floor":1.0,"turns":4.0},{"damage":14.0,"enemies":"Small Slimes","floor":2.0,"turns":4.0},{"damage":0.0,"enemies":"2 Louse","floor":4.0,"turns":3.0},{"damage":7.0,"enemies":"2 Fungi Beasts","floor":7.0,"turns":3.0},{"damage":7.0,"enemies":"Blue Slaver","floor":8.0,"turns":4.0},{"damage":1.0,"enemies":"3 Louse","floor":10.0,"turns":3.0},{"damage":0.0,"enemies":"Exordium Wildlife","floor":12.0,"turns":3.0},{"damage":4.0,"enemies":"The Guardian","floor":16.0,"turns":14.0},{"damage":5.0,"enemies":"Spheric Guardian","floor":18.0,"turns":6.0},{"damage":0.0,"enemies":"Chosen","floor":21.0,"turns":4.0},{"damage":12.0,"enemies":"Snake Plant","floor":22.0,"turns":5.0},{"damage":0.0,"enemies":"3 Cultists","floor":24.0,"turns":6.0},{"damage":21.0,"enemies":"Masked Bandits","floor":27.0,"turns":5.0},{"damage":8.0,"enemies":"Sentry and Sphere","floor":28.0,"turns":6.0},{"damage":0.0,"enemies":"Shelled Parasite and Fungi","floor":30.0,"turns":6.0},{"damage":11.0,"enemies":"Book of Stabbing","floor":31.0,"turns":6.0},{"damage":10.0,"enemies":"Champ","floor":33.0,"turns":22.0},{"damage":3.0,"enemies":"3 Darklings","floor":35.0,"turns":7.0},{"damage":0.0,"enemies":"Orb Walker","floor":37.0,"turns":5.0},{"damage":15,"enemies":"3 Darklings","floor":41,"turns":7},{"damage":0,"enemies":"Sphere and 2 Shapes","floor":42,"turns":8},{"damage":0,"enemies":"Transient","floor":45,"turns":6},{"damage":0,"enemies":"4 Shapes","floor":47,"turns":7},{"damage":1,"enemies":"Sphere and 2 Shapes","floor":48,"turns":7},{"damage":3,"enemies":"Donu and Deca","floor":50,"turns":15},{"damage":0,"enemies":"Time Eater","floor":51,"turns":16}],"seed_played":"-61861477693960296","potions_obtained":[{"floor":2.0,"key":"LiquidBronze"},{"floor":4.0,"key":"FairyPotion"},{"floor":12.0,"key":"SneckoOil"}],"is_trial":false,"path_per_floor":["M","M","?","M","?","R","M","M","T","M","?","M","$","?","R","B",null,"M","?","$","M","M","R","M","T","T","?","M","R","M","E","R","B",null,"M","?","M","?","$","R","M","M","T","$","M","?","M","M","R","B","B"],"character_chosen":"DEFECT","items_purchased":["Capacitor","White Noise","Membership Card","DataDisk","OrangePellets","Emotion Chip","Dark Shackles"],"campfire_rested":3,"item_purchase_floors":[13,13,39,39,44,44,44],"current_hp_per_floor":[62,48,37,37,60,60,53,46,46,45,45,45,45,24,24,20,58,53,53,53,53,41,41,41,41,41,20,12,33,33,22,43,33,62,59,59,59,49,49,49,34,34,34,34,34,48,48,47,68,65,65],"gold":65,"neow_bonus":"RANDOM_COMMON_RELIC","is_prod":false,"is_daily":false,"chose_seed":false,"campfire_upgraded":4,"win_rate":0,"timestamp":1537099091,"path_taken":["M","M","?","M","?","R","M","M","T","?","?","M","$","?","R","BOSS","M","?","?","M","M","R","M","?","T","?","M","R","M","E","R","BOSS","M","?","?","?","$","R","M","M","T","$","M","?","M","M","R","BOSS","BOSS"],"build_version":"2018-09-12","purchased_purges":2,"victory":true,"max_hp_per_floor":[71,71,71,71,71,71,71,71,71,71,71,71,71,71,71,71,71,71,71,71,71,71,71,71,71,71,71,71,71,71,71,71,71,71,71,71,71,71,71,71,71,71,71,71,71,71,71,71,71,71,71],"card_choices":[{"not_picked":["Conserve Battery","Force Field"],"picked":"Gash","floor":1.0},{"not_picked":["Melter","Auto Shields"],"picked":"Beam Cell","floor":2.0},{"not_picked":["Steam","Stack"],"picked":"Gash","floor":4.0},{"not_picked":["Steam","Loop"],"picked":"Cold Snap","floor":4.0},{"not_picked":["Leap","Heatsinks"],"picked":"Coolheaded","floor":7.0},{"not_picked":["Sweeping Beam","Blizzard"],"picked":"Coolheaded","floor":7.0},{"not_picked":["Hyperbeam","Lockon"],"picked":"Sweeping Beam","floor":8.0},{"not_picked":["Beam Cell","Stack"],"picked":"Go for the Eyes","floor":8.0},{"not_picked":["Force Field","Fusion"],"picked":"Stack","floor":10.0},{"not_picked":["Streamline","Redo"],"picked":"Leap","floor":10.0},{"not_picked":["Leap","Chaos"],"picked":"Stack","floor":12.0},{"not_picked":["FTL","Chaos"],"picked":"Sunder","floor":12.0},{"not_picked":["Core Surge","Multi-Cast"],"picked":"Biased Cognition","floor":16.0},{"not_picked":["Rip and Tear","Reinforced Body"],"picked":"Melter+1","floor":18.0},{"not_picked":["Sweeping Beam","Barrage"],"picked":"Ball Lightning","floor":18.0},{"not_picked":["Compile Driver","Gash"],"picked":"Glacier","floor":21.0},{"not_picked":["Turbo","Beam Cell"],"picked":"Fusion+1","floor":21.0},{"not_picked":["Recycle","Beam Cell"],"picked":"Go for the Eyes+1","floor":22.0},{"not_picked":["Compile Driver","Sweeping Beam"],"picked":"Glacier","floor":22.0},{"not_picked":["Static Discharge","Compile Driver"],"picked":"Defragment","floor":24.0},{"not_picked":["Static Discharge","Barrage"],"picked":"Leap","floor":24.0},{"not_picked":["Chill","Reinforced Body"],"picked":"Stack","floor":27.0},{"not_picked":["Melter","Multi-Cast"],"picked":"Stack","floor":28.0},{"not_picked":["BootSequence","Rip and Tear"],"picked":"Chill","floor":28.0},{"not_picked":["Sweeping Beam","Tempest"],"picked":"Consume","floor":30.0},{"not_picked":["Hello World","Barrage"],"picked":"Aggregate","floor":30.0},{"not_picked":["Redo","Turbo","Thunder Strike"],"picked":"SKIP","floor":31.0},{"not_picked":["Multi-Cast","Thunder Strike"],"picked":"All For One","floor":33.0},{"not_picked":["Turbo","Steam"],"picked":"Hologram","floor":35.0},{"not_picked":["Sweeping Beam+1","Compile Driver"],"picked":"Gash","floor":35.0},{"not_picked":["Cold Snap","FTL"],"picked":"Go for the Eyes","floor":37.0},{"not_picked":["Beam Cell","Streamline+1"],"picked":"BootSequence+1","floor":37.0},{"not_picked":["Discovery","Jack Of All Trades"],"picked":"Finesse","floor":38.0},{"not_picked":["Forethought","Good Instincts"],"picked":"Dark Shackles","floor":38.0},{"not_picked":["Trip","Enlightenment"],"picked":"Panacea","floor":38.0},{"not_picked":["Hologram","Cold Snap+1"],"picked":"Echo Form","floor":41},{"not_picked":["Barrage+1","Compile Driver","Ball Lightning"],"picked":"SKIP","floor":41},{"not_picked":["Leap","Ball Lightning"],"picked":"Stack+1","floor":42},{"not_picked":["Coolheaded","Leap+1"],"picked":"Defragment+1","floor":42},{"not_picked":["Compile Driver+1","Sweeping Beam"],"picked":"Ball Lightning+1","floor":45},{"not_picked":["Compile Driver","Streamline","Tempest"],"picked":"SKIP","floor":45},{"not_picked":["Sweeping Beam+1","Rip and Tear"],"picked":"Stack","floor":47},{"not_picked":["Blizzard+1","Lockon"],"picked":"Defragment","floor":47},{"not_picked":["Turbo+1","Tempest"],"picked":"Stack","floor":48},{"not_picked":["Coolheaded","All For One"],"picked":"Stack","floor":48}],"player_experience":2345183,"relics_obtained":[{"floor":9.0,"key":"Thread and Needle"},{"floor":25.0,"key":"Vajra"},{"floor":26.0,"key":"Art of War"},{"floor":27.0,"key":"Red Mask"},{"floor":31.0,"key":"War Paint"},{"floor":43,"key":"Gremlin Horn"}],"event_choices":[{"event_name":"Scrap Ooze","player_choice":"success","floor":3.0,"damage_taken":11.0},{"event_name":"Big Fish","player_choice":"Banana","floor":5.0,"damage_taken":0.0},{"event_name":"Golden Idol","player_choice":"Take Wound","floor":11.0,"damage_taken":0.0},{"event_name":"Shining Light","player_choice":"Entered Light","floor":14.0,"damage_taken":0.0},{"event_name":"Addict","player_choice":"Stole Relic","floor":19.0,"damage_taken":0.0},{"event_name":"Masked Bandits","player_choice":"Fought Bandits","floor":27.0,"damage_taken":0.0},{"event_name":"Tomb of Lord Red Mask","player_choice":"Wore Mask","floor":36.0,"damage_taken":0.0},{"event_name":"SensoryStone","player_choice":"Memory 3","floor":38.0,"damage_taken":0.0},{"event_name":"Winding Halls","player_choice":"Writhe","floor":46,"damage_taken":0}],"is_beta":true,"boss_relics":[{"not_picked":["Nuclear Battery","FrozenCore"],"picked":"Sozu"},{"not_picked":["Black Star","Empty Cage"],"picked":"Runic Pyramid"}],"items_purged_floors":[39,44],"is_endless":false,"potions_floor_spawned":[2,4,12,24,30,31,45,47,48],"ascension_level":20}