{"gold_per_floor":[115,115,115,115,130,130,144,144,171,189,220,220,233,252,252,330,330,346,346,346,266,36,69,28,28,51,70,70,83,83,0,0,74,74,94,114,129,129],"floor_reached":38,"playtime":3913,"items_purged":[],"score":788,"play_id":"7c934727-62c8-48ea-a538-93ed51978667","local_time":"20181022030142","is_ascension_mode":true,"campfire_choices":[{"data":"Zap","floor":6.0,"key":"SMITH"},{"data":"Defragment","floor":8.0,"key":"SMITH"},{"data":"Hologram","floor":12.0,"key":"SMITH"},{"data":"Go for the Eyes","floor":15.0,"key":"SMITH"},{"floor":25.0,"key":"REST"},{"data":"Force Field","floor":28.0,"key":"SMITH"},{"data":"Dualcast","floor":30.0,"key":"SMITH"},{"data":"Coolheaded","floor":32.0,"key":"SMITH"}],"neow_cost":"NONE","seed_source_timestamp":984241759934572,"circlet_count":0,"master_deck":["Strike_B","Defend_B","Defend_B","Defend_B","Defend_B","Zap+1","Dualcast+1","AscendersBane","Steam","Coolheaded+1","Hologram+1","Defragment+1","Go for the Eyes+1","Compile Driver","Coolheaded","Creative AI+1","Storm+1","Ball Lightning","Magnetism+1","Chill","Cold Snap","Static Discharge+1","Force Field+1","Creative AI+1","Force Field","Compile Driver","Echo Form+1"],"special_seed":0,"relics":["Cracked Core","Regal Pillow","Vajra","Frozen Egg 2","Eternal Feather","Shuriken","Juzu Bracelet","Nuclear Battery"],"potions_floor_usage":[33,36],"damage_taken":[{"damage":7.0,"enemies":"Jaw Worm","floor":1.0,"turns":4.0},{"damage":0.0,"enemies":"Small Slimes","floor":5.0,"turns":3.0},{"damage":0.0,"enemies":"Cultist","floor":7.0,"turns":4.0},{"damage":16.0,"enemies":"3 Louse","floor":10.0,"turns":4.0},{"damage":16.0,"enemies":"3 Sentries","floor":11.0,"turns":10.0},{"damage":5.0,"enemies":"Exordium Thugs","floor":13.0,"turns":5.0},{"damage":0.0,"enemies":"2 Fungi Beasts","floor":14.0,"turns":3.0},{"damage":2.0,"enemies":"The Guardian","floor":16.0,"turns":13.0},{"damage":5.0,"enemies":"Chosen","floor":18.0,"turns":6.0},{"damage":20.0,"enemies":"2 Thieves","floor":21.0,"turns":4.0},{"damage":22.0,"enemies":"Book of Stabbing","floor":23.0,"turns":5.0},{"damage":13.0,"enemies":"Snecko","floor":27.0,"turns":5.0},{"damage":12.0,"enemies":"Chosen and Byrds","floor":29.0,"turns":6.0},{"damage":21,"enemies":"Champ","floor":33,"turns":14},{"damage":23,"enemies":"3 Darklings","floor":35,"turns":5},{"damage":6,"enemies":"3 Shapes","floor":36,"turns":5},{"damage":24,"enemies":"Transient","floor":37,"turns":6},{"damage":15,"enemies":"Spire Growth","floor":38,"turns":5}],"seed_played":"-3070772378434343191","potions_obtained":[{"floor":7.0,"key":"Poison Potion"},{"floor":10.0,"key":"SteroidPotion"},{"floor":14.0,"key":"FocusPotion"},{"floor":16.0,"key":"FocusPotion"},{"floor":23.0,"key":"FearPotion"},{"floor":29.0,"key":"LiquidBronze"},{"floor":33,"key":"LiquidBronze"},{"floor":35,"key":"GamblersBrew"}],"is_trial":false,"path_per_floor":["M","?","$","?","M","R","M","R","T","M","E","R","M","M","R","B",null,"M","?","?","M","$","E","$","R","T","M","R","M","R","?","R","B",null,"M","M","M"],"character_chosen":"DEFECT","items_purchased":["Magnetism+1","Chill","Static Discharge+1"],"campfire_rested":1,"item_purchase_floors":[22,22,24],"current_hp_per_floor":[57,57,57,57,57,57,57,57,57,41,25,25,20,20,20,18,58,53,53,53,33,33,11,11,59,59,46,58,46,58,58,70,49,66,43,37,13,0],"gold":129,"neow_bonus":"RANDOM_COMMON_RELIC","is_prod":false,"is_daily":false,"chose_seed":false,"campfire_upgraded":7,"win_rate":0,"timestamp":1540202502,"path_taken":["M","?","$","?","M","R","M","R","T","M","E","R","M","?","R","BOSS","M","?","?","M","$","E","?","R","T","M","R","M","R","?","R","BOSS","M","M","M","M"],"build_version":"2018-10-19","purchased_purges":0,"victory":false,"max_hp_per_floor":[71,71,71,71,71,71,71,71,71,71,71,71,71,71,71,71,71,71,71,71,71,71,71,71,71,71,71,71,71,71,71,71,71,71,71,71,71,71],"card_choices":[{"not_picked":["Stack","Undo"],"picked":"Steam","floor":1.0},{"not_picked":["Tempest","Turbo"],"picked":"Hologram","floor":5.0},{"not_picked":["Cold Snap","Chaos"],"picked":"Defragment","floor":7.0},{"not_picked":["Turbo","Stack"],"picked":"Go for the Eyes","floor":10.0},{"not_picked":["Streamline","Hello World"],"picked":"Compile Driver","floor":11.0},{"not_picked":["Darkness","Stack"],"picked":"Coolheaded","floor":13.0},{"not_picked":["Rip and Tear","Genetic Algorithm","Recycle"],"picked":"SKIP","floor":14.0},{"not_picked":["Seek","Rainbow"],"picked":"Creative AI+1","floor":16.0},{"not_picked":["Doom and Gloom","Loop+1"],"picked":"Storm+1","floor":18.0},{"not_picked":["Hologram","Barrage+1"],"picked":"Ball Lightning","floor":21.0},{"not_picked":["Steam Power","Rebound"],"picked":"Cold Snap","floor":23.0},{"not_picked":["Rip and Tear","FTL"],"picked":"Force Field","floor":27.0},{"not_picked":["Beam Cell","Fusion","Redo"],"picked":"SKIP","floor":29.0},{"not_picked":["Reboot","All For One"],"picked":"Creative AI+1","floor":33},{"not_picked":["Barrage","Cold Snap"],"picked":"Force Field","floor":35},{"not_picked":["Redo","Reprogram+1"],"picked":"Compile Driver","floor":36},{"not_picked":["Recycle","Melter"],"picked":"Echo Form+1","floor":37}],"player_experience":2582295,"relics_obtained":[{"floor":9.0,"key":"Vajra"},{"floor":11.0,"key":"Frozen Egg 2"},{"floor":23.0,"key":"Shuriken"},{"floor":26.0,"key":"Juzu Bracelet"}],"event_choices":[{"damage_healed":0.0,"max_hp_gain":0.0,"max_hp_loss":0.0,"gold_gain":0.0,"cards_transformed":["Strike_B"],"event_name":"Living Wall","player_choice":"Change","floor":2.0,"gold_loss":0.0,"damage_taken":0.0,"cards_obtained":["Coolheaded"]},{"cards_removed":["Strike_B"],"damage_healed":0.0,"max_hp_gain":0.0,"max_hp_loss":0.0,"gold_gain":0.0,"event_name":"Bonfire Elementals","player_choice":"Offered Basic","floor":4.0,"gold_loss":0.0,"damage_taken":0.0},{"damage_healed":0.0,"max_hp_gain":0.0,"max_hp_loss":0.0,"gold_gain":0.0,"event_name":"Vampires","player_choice":"Ignored","floor":19.0,"gold_loss":0.0,"damage_taken":0.0},{"cards_removed":["Strike_B"],"damage_healed":0.0,"max_hp_gain":0.0,"max_hp_loss":0.0,"gold_gain":0.0,"event_name":"Wheel of Change","player_choice":"Card Removal","floor":20.0,"gold_loss":0.0,"damage_taken":0.0},{"damage_healed":0.0,"max_hp_gain":0.0,"max_hp_loss":0.0,"gold_gain":0.0,"event_name":"Masked Bandits","player_choice":"Paid Fearfully","floor":31.0,"gold_loss":83.0,"damage_taken":0.0}],"is_beta":true,"boss_relics":[{"not_picked":["Calling Bell","Lizard Tail"],"picked":"Eternal Feather"},{"not_picked":["Empty Cage","White Beast Statue"],"picked":"Nuclear Battery"}],"items_purged_floors":[],"is_endless":false,"potions_floor_spawned":[7,10,14,16,23,29,33,35],"killed_by":"Spire Growth","ascension_level":20}