{"gold_per_floor":[118,136,136,61,73,73,90,104,104,118,18,29,49,77,77,77],"floor_reached":16,"playtime":554,"items_purged":["Strike_R","Normality"],"score":148,"play_id":"df84a822-cdca-4737-93a0-ba3e537aa140","local_time":"20190902051546","is_ascension_mode":true,"campfire_choices":[{"data":"Cleave","floor":6,"key":"SMITH"},{"data":"Bludgeon","floor":15,"key":"SMITH"}],"neow_cost":"CURSE","seed_source_timestamp":540315450149978,"circlet_count":0,"master_deck":["Strike_R","Strike_R","Strike_R","Defend_R","Defend_R","Defend_R","Defend_R","Bash","Bludgeon+1","Cleave+1","Body Slam","Immolate"],"relics":["Burning Blood","Pear","Gremlin Horn"],"potions_floor_usage":[16],"damage_taken":[{"damage":7,"enemies":"Jaw Worm","floor":1,"turns":3},{"damage":1,"enemies":"Cultist","floor":2,"turns":3},{"damage":12,"enemies":"Small Slimes","floor":5,"turns":4},{"damage":17,"enemies":"3 Louse","floor":7,"turns":4},{"damage":14,"enemies":"Large Slime","floor":8,"turns":3},{"damage":17,"enemies":"Looter","floor":10,"turns":3},{"damage":7,"enemies":"Exordium Thugs","floor":12,"turns":3},{"damage":14,"enemies":"Exordium Wildlife","floor":13,"turns":3},{"damage":15,"enemies":"3 Sentries","floor":14,"turns":4},{"damage":50,"enemies":"The Guardian","floor":16,"turns":8}],"seed_played":"-5512512959639638609","potions_obtained":[{"floor":2,"key":"FairyPotion"},{"floor":10,"key":"SteroidPotion"}],"is_trial":false,"path_per_floor":["M","M","?","$","M","R","M","M","T","M","$","M","M","E","R","B"],"character_chosen":"IRONCLAD","items_purchased":[],"campfire_rested":0,"item_purchase_floors":[],"current_hp_per_floor":[71,76,76,76,70,70,59,51,61,50,50,49,41,32,32,0],"gold":77,"neow_bonus":"THREE_RARE_CARDS","is_prod":false,"is_daily":false,"chose_seed":false,"campfire_upgraded":2,"win_rate":0,"timestamp":1567394146,"path_taken":["M","M","?","$","M","R","M","M","T","M","$","M","M","E","R","BOSS"],"build_version":"2019-07-17","purchased_purges":2,"victory":false,"max_hp_per_floor":[80,80,80,80,80,80,80,80,90,90,90,90,90,90,90,90],"card_choices":[{"not_picked":["Reaper","Double Tap"],"picked":"Bludgeon","floor":0},{"not_picked":["Carnage","Hemokinesis"],"picked":"Cleave","floor":1},{"not_picked":["Iron Wave","Armaments"],"picked":"Body Slam","floor":2},{"not_picked":["Warcry","Havoc","Wild Strike"],"picked":"SKIP","floor":5},{"not_picked":["True Grit","Bloodletting","Battle Trance"],"picked":"SKIP","floor":7},{"not_picked":["Burning Pact","Anger","Intimidate"],"picked":"SKIP","floor":8},{"not_picked":["Heavy Blade","Rage"],"picked":"Immolate","floor":10},{"not_picked":["Uppercut","Intimidate","Pommel Strike"],"picked":"SKIP","floor":12},{"not_picked":["Shockwave","Corruption","Sword Boomerang"],"picked":"SKIP","floor":13},{"not_picked":["Rage","Fiend Fire","Feel No Pain"],"picked":"SKIP","floor":14}],"player_experience":170353,"relics_obtained":[{"floor":9,"key":"Pear"},{"floor":14,"key":"Gremlin Horn"}],"event_choices":[{"cards_removed":["Strike_R"],"damage_healed":0,"gold_gain":0,"player_choice":"Purged","damage_taken":0,"max_hp_gain":0,"max_hp_loss":0,"event_name":"Purifier","floor":3,"gold_loss":0}],"is_beta":false,"boss_relics":[],"items_purged_floors":[4,11],"is_endless":false,"potions_floor_spawned":[2,10],"killed_by":"The Guardian","ascension_level":8}