{"gold_per_floor":[109,128,128,21,38,38,56,85,155,205,224,236,254,94,94,171,171,181,181,181,97,22,22,34,34,34,34,51,51,51,69,69,148,148,163,180,180,180,180,180,193,193,193,204,221,240,240,257,257,257,257],"floor_reached":51,"playtime":2329,"items_purged":[],"score":1352,"play_id":"827671e3-a719-44d1-8798-755152758432","local_time":"20190818212313","is_ascension_mode":true,"campfire_choices":[{"data":"Sunder","floor":6,"key":"SMITH"},{"data":"Chaos","floor":15,"key":"SMITH"},{"floor":23,"key":"REST"},{"data":"Sunder","floor":25,"key":"SMITH"},{"floor":27,"key":"REST"},{"floor":32,"key":"REST"},{"data":"Blizzard","floor":40,"key":"SMITH"},{"floor":47,"key":"RECALL"},{"floor":49,"key":"REST"}],"neow_cost":"NONE","seed_source_timestamp":281324873208326,"circlet_count":0,"master_deck":["AscendersBane","Defend_B","Defend_B","Defend_B","Defend_B","Zap","Dualcast","Conserve Battery","Compile Driver","Sunder+1","Sunder+1","Dark Shackles","Chill","Leap","Chaos+1","Coolheaded","Skim","Machine Learning","Streamline","Glacier","Coolheaded","Blizzard+1","Conserve Battery+1","Echo Form","Cold Snap"],"relics":["Cracked Core","Ginger","Gremlin Horn","PreservedInsect","Snecko Eye","Nilry\u0027s Codex","Mummified Hand","Busted Crown"],"potions_floor_usage":[8,16,16,33],"damage_taken":[{"damage":10,"enemies":"Small Slimes","floor":1,"turns":3},{"damage":0,"enemies":"Cultist","floor":2,"turns":4},{"damage":3,"enemies":"Jaw Worm","floor":5,"turns":2},{"damage":2,"enemies":"Exordium Wildlife","floor":7,"turns":3},{"damage":28,"enemies":"Gremlin Nob","floor":8,"turns":4},{"damage":0,"enemies":"Red Slaver","floor":11,"turns":4},{"damage":0,"enemies":"2 Fungi Beasts","floor":12,"turns":2},{"damage":0,"enemies":"Large Slime","floor":13,"turns":4},{"damage":5,"enemies":"The Guardian","floor":16,"turns":12},{"damage":19,"enemies":"Spheric Guardian","floor":18,"turns":4},{"damage":13,"enemies":"2 Thieves","floor":24,"turns":2},{"damage":8,"enemies":"Cultist and Chosen","floor":28,"turns":4},{"damage":0,"enemies":"Snake Plant","floor":31,"turns":2},{"damage":0,"enemies":"Collector","floor":33,"turns":9},{"damage":0,"enemies":"Orb Walker","floor":35,"turns":3},{"damage":0,"enemies":"3 Darklings","floor":36,"turns":4},{"damage":8,"enemies":"Sphere and 2 Shapes","floor":41,"turns":5},{"damage":1,"enemies":"4 Shapes","floor":44,"turns":5},{"damage":0,"enemies":"3 Darklings","floor":45,"turns":3},{"damage":10,"enemies":"Maw","floor":46,"turns":5},{"damage":0,"enemies":"4 Shapes","floor":48,"turns":3},{"damage":36,"enemies":"Awakened One","floor":50,"turns":12},{"damage":48,"enemies":"Time Eater","floor":51,"turns":10}],"seed_played":"-7647061853461384856","potions_obtained":[{"floor":2,"key":"PowerPotion"},{"floor":8,"key":"PowerPotion"},{"floor":13,"key":"FearPotion"},{"floor":18,"key":"FocusPotion"},{"floor":33,"key":"Strength Potion"},{"floor":35,"key":"Fire Potion"},{"floor":45,"key":"Strength Potion"}],"is_trial":false,"path_per_floor":["M","M","?","$","M","R","M","E","T","?","M","M","M","$","R","B",null,"M","$","?","$","?","R","M","R","T","R","M","?","$","M","R","B",null,"M","M","?","?","$","R","M","?","T","M","M","M","R","M","R","B","B"],"character_chosen":"DEFECT","items_purchased":["Dark Shackles","PreservedInsect","Glacier"],"campfire_rested":4,"item_purchase_floors":[4,14,21],"current_hp_per_floor":[54,54,54,54,51,51,49,21,21,21,21,21,21,21,21,16,57,38,38,17,17,17,38,25,25,25,46,38,38,38,38,59,59,68,68,68,68,68,68,68,60,60,60,59,59,49,49,49,70,34,0],"gold":257,"neow_bonus":"TRANSFORM_CARD","is_prod":false,"is_daily":false,"chose_seed":false,"campfire_upgraded":4,"win_rate":0,"timestamp":1566188593,"path_taken":["M","M","?","$","?","R","M","E","T","?","M","M","M","?","R","BOSS","M","$","?","$","?","R","M","R","T","R","M","?","$","?","R","BOSS","M","M","?","?","$","R","M","?","T","M","M","M","R","M","R","BOSS","BOSS"],"build_version":"2019-08-15","purchased_purges":0,"victory":false,"max_hp_per_floor":[71,71,71,71,71,71,71,71,71,71,71,71,71,71,71,71,71,71,71,71,71,71,71,71,71,71,71,71,71,71,71,71,71,71,71,71,71,71,71,71,71,71,71,71,71,71,71,71,71,71,71],"card_choices":[{"not_picked":["Turbo","FTL"],"picked":"Compile Driver","floor":1},{"not_picked":["Leap","BootSequence"],"picked":"Sunder","floor":2},{"not_picked":["Skim","Steam"],"picked":"Chill","floor":5},{"not_picked":["Reprogram","Doom and Gloom"],"picked":"Leap","floor":7},{"not_picked":["Gash","Compile Driver"],"picked":"Chaos","floor":8},{"not_picked":["Hologram","Rebound"],"picked":"Steam","floor":11},{"not_picked":["Compile Driver","Sweeping Beam"],"picked":"Coolheaded","floor":12},{"not_picked":["Fusion","Hyperbeam"],"picked":"Skim","floor":13},{"not_picked":["Thunder Strike","Reboot"],"picked":"Machine Learning","floor":16},{"not_picked":["Leap","Coolheaded"],"picked":"Streamline","floor":18},{"not_picked":["Darkness","Consume"],"picked":"Coolheaded","floor":24},{"not_picked":["Sweeping Beam","Ball Lightning","BootSequence"],"picked":"SKIP","floor":28},{"not_picked":["Steam","Recycle"],"picked":"Conserve Battery+1","floor":31},{"not_picked":["Amplify","Reboot"],"picked":"Echo Form","floor":33},{"not_picked":["Turbo"],"picked":"SKIP","floor":35},{"not_picked":["Lockon"],"picked":"SKIP","floor":36},{"not_picked":["Gash+1"],"picked":"SKIP","floor":41},{"not_picked":["Self Repair"],"picked":"SKIP","floor":44},{"not_picked":["Double Energy+1"],"picked":"SKIP","floor":45},{"not_picked":["Streamline"],"picked":"SKIP","floor":46},{"not_picked":["Rebound+1"],"picked":"SKIP","floor":48}],"player_experience":2990633,"relics_obtained":[{"floor":8,"key":"Ginger"},{"floor":9,"key":"Gremlin Horn"},{"floor":20,"key":"Nilry\u0027s Codex"},{"floor":26,"key":"Mummified Hand"}],"event_choices":[{"damage_healed":0,"gold_gain":0,"cards_transformed":["Strike_B"],"player_choice":"Transformed","damage_taken":0,"max_hp_gain":0,"max_hp_loss":0,"event_name":"Transmorgrifier","floor":3,"gold_loss":0,"cards_obtained":["Sunder"]},{"damage_healed":0,"gold_gain":50,"player_choice":"Gained Gold","damage_taken":0,"max_hp_gain":0,"max_hp_loss":0,"event_name":"Golden Wing","floor":10,"gold_loss":0},{"damage_healed":0,"gold_gain":0,"player_choice":"Obtained Book","damage_taken":21,"max_hp_gain":0,"max_hp_loss":0,"event_name":"Cursed Tome","floor":20,"gold_loss":0},{"cards_removed":["Strike_B"],"damage_healed":0,"gold_gain":0,"player_choice":"Gave Gold","damage_taken":0,"max_hp_gain":0,"max_hp_loss":0,"event_name":"Beggar","floor":22,"gold_loss":75},{"damage_healed":0,"gold_gain":0,"cards_transformed":["Strike_B"],"player_choice":"Transformed","damage_taken":0,"max_hp_gain":0,"max_hp_loss":0,"event_name":"Transmorgrifier","floor":29,"gold_loss":0,"cards_obtained":["Blizzard"]},{"damage_healed":0,"gold_gain":0,"player_choice":"Ignored","damage_taken":0,"max_hp_gain":0,"max_hp_loss":0,"event_name":"Tomb of Lord Red Mask","floor":37,"gold_loss":0},{"damage_healed":0,"gold_gain":0,"player_choice":"Memory 1","damage_taken":0,"max_hp_gain":0,"max_hp_loss":0,"event_name":"SensoryStone","floor":38,"gold_loss":0},{"damage_healed":0,"gold_gain":0,"cards_transformed":["Steam"],"player_choice":"Transformed","damage_taken":0,"max_hp_gain":0,"max_hp_loss":0,"event_name":"Transmorgrifier","floor":42,"gold_loss":0,"cards_obtained":["Cold Snap"]}],"is_beta":true,"boss_relics":[{"not_picked":["Empty Cage","Velvet Choker"],"picked":"Snecko Eye"},{"not_picked":["Pandora\u0027s Box","Nuclear Battery"],"picked":"Busted Crown"}],"items_purged_floors":[],"is_endless":false,"potions_floor_spawned":[2,8,13,18,33,35,41,45,46],"killed_by":"Time Eater","ascension_level":20}