{"gold_per_floor":[114,114,131,141,141,141,174,174,174,194,194,213,37,53,53,127,127,143,143,158,171,190,190,209,222,245,245,38,72,72,85,85,157,157,170,187,77,77,89,89],"floor_reached":40,"playtime":1745,"items_purged":["Strike_B"],"score":784,"play_id":"97951fff-2b26-4445-88c4-b759b780dc95","local_time":"20181016041331","is_ascension_mode":true,"campfire_choices":[{"data":"Melter","floor":6.0,"key":"SMITH"},{"data":"Cold Snap","floor":8.0,"key":"SMITH"},{"data":"Dualcast","floor":11.0,"key":"SMITH"},{"data":"Hologram","floor":15.0,"key":"SMITH"},{"data":"Defragment","floor":23.0,"key":"SMITH"},{"data":"Biased Cognition","floor":27.0,"key":"SMITH"},{"data":"Capacitor","floor":30.0,"key":"SMITH"},{"data":"Loop","floor":32.0,"key":"SMITH"}],"neow_cost":"NONE","seed_source_timestamp":472962976784130,"circlet_count":0,"master_deck":["Strike_B","Strike_B+1","Strike_B","Defend_B","Defend_B","Defend_B","Defend_B","Zap+1","Dualcast+1","AscendersBane","Melter+1","Self Repair","Undo","Cold Snap+1","Compile Driver+1","Conserve Battery","Hologram+1","Biased Cognition+1","Defragment+1","Ball Lightning+1","Capacitor+1","Sweeping Beam","Stack","Electrodynamics","Glacier","Loop+1","Tempest+1","Beam Cell+1","Machine Learning","Go for the Eyes","Hologram","Blind+1","Steam+1"],"special_seed":0,"relics":["Cracked Core","Bag of Marbles","Symbiotic Virus","Bottled Flame","Meat on the Bone","Lantern","Sozu","Whetstone","Red Mask","Eternal Feather"],"potions_floor_usage":[39],"damage_taken":[{"damage":0.0,"enemies":"2 Louse","floor":1.0,"turns":3.0},{"damage":2.0,"enemies":"Jaw Worm","floor":3.0,"turns":3.0},{"damage":7.0,"enemies":"Small Slimes","floor":4.0,"turns":3.0},{"damage":15.0,"enemies":"Lagavulin","floor":7.0,"turns":7.0},{"damage":6.0,"enemies":"Blue Slaver","floor":10.0,"turns":2.0},{"damage":0.0,"enemies":"2 Fungi Beasts","floor":12.0,"turns":2.0},{"damage":0.0,"enemies":"Exordium Thugs","floor":14.0,"turns":4.0},{"damage":16.0,"enemies":"Slime Boss","floor":16.0,"turns":9.0},{"damage":12.0,"enemies":"Shell Parasite","floor":18.0,"turns":3.0},{"damage":3.0,"enemies":"3 Byrds","floor":20.0,"turns":5.0},{"damage":13.0,"enemies":"Snecko","floor":21.0,"turns":7.0},{"damage":8.0,"enemies":"3 Cultists","floor":22.0,"turns":5.0},{"damage":23.0,"enemies":"Centurion and Healer","floor":24.0,"turns":7.0},{"damage":0.0,"enemies":"Cultist and Chosen","floor":25.0,"turns":5.0},{"damage":0.0,"enemies":"Masked Bandits","floor":29.0,"turns":3.0},{"damage":18.0,"enemies":"Shelled Parasite and Fungi","floor":31.0,"turns":5.0},{"damage":50.0,"enemies":"Collector","floor":33.0,"turns":7.0},{"damage":3.0,"enemies":"3 Darklings","floor":35.0,"turns":3.0},{"damage":0.0,"enemies":"3 Shapes","floor":36.0,"turns":3.0},{"damage":39,"enemies":"Spire Growth","floor":39,"turns":6},{"damage":34,"enemies":"2 Orb Walkers","floor":40,"turns":4}],"seed_played":"871139499283131743","potions_obtained":[{"floor":1.0,"key":"Dexterity Potion"},{"floor":3.0,"key":"Block Potion"}],"is_trial":false,"path_per_floor":["M","?","M","M","?","R","E","R","T","M","R","M","$","M","R","B",null,"M","?","M","M","M","R","M","M","T","R","$","?","R","M","R","B",null,"M","M","$","?","M"],"character_chosen":"DEFECT","items_purchased":["Lantern","Glacier","Loop","Blind"],"campfire_rested":0,"item_purchase_floors":[13,28,28,37],"current_hp_per_floor":[64,59,57,57,36,36,28,28,28,41,41,48,48,55,55,39,63,51,51,55,49,48,48,44,51,51,51,51,51,51,52,52,14,57,54,54,54,54,34,0],"gold":89,"neow_bonus":"RANDOM_COMMON_RELIC","is_prod":false,"is_daily":false,"chose_seed":false,"campfire_upgraded":8,"win_rate":0,"timestamp":1539688411,"path_taken":["M","?","M","M","?","R","E","R","T","M","R","M","$","M","R","BOSS","M","?","M","M","M","R","M","M","T","R","$","?","R","M","R","BOSS","M","M","?","?","M","E"],"build_version":"2018-10-15v2","purchased_purges":1,"victory":false,"max_hp_per_floor":[71,71,71,71,71,71,71,71,71,71,71,71,71,71,71,71,71,71,71,71,71,71,71,71,71,71,71,71,71,71,71,71,71,71,71,71,71,71,71,71],"card_choices":[{"not_picked":["Barrage","Redo"],"picked":"Melter","floor":1.0},{"not_picked":["Rip and Tear","Hologram"],"picked":"Self Repair","floor":3.0},{"not_picked":["Turbo","Beam Cell"],"picked":"Undo","floor":4.0},{"not_picked":["Redo","Blizzard"],"picked":"Cold Snap","floor":7.0},{"not_picked":["Rebound","Sunder"],"picked":"Compile Driver","floor":10.0},{"not_picked":["Turbo","Storm"],"picked":"Conserve Battery","floor":12.0},{"not_picked":["Gash","Fusion"],"picked":"Hologram","floor":14.0},{"not_picked":["Thunder Strike","Rainbow"],"picked":"Biased Cognition","floor":16.0},{"not_picked":["Ball Lightning","Melter"],"picked":"Defragment","floor":18.0},{"not_picked":["Hologram","Reinforced Body"],"picked":"Ball Lightning","floor":20.0},{"not_picked":["Gash","Beam Cell"],"picked":"Capacitor","floor":21.0},{"not_picked":["Double Energy","Gash"],"picked":"Sweeping Beam","floor":22.0},{"not_picked":["Redo","Turbo"],"picked":"Stack","floor":24.0},{"not_picked":["Beam Cell","Sunder"],"picked":"Electrodynamics","floor":25.0},{"not_picked":["Redo","Cold Snap"],"picked":"Tempest+1","floor":29.0},{"not_picked":["Compile Driver","Redo"],"picked":"Beam Cell+1","floor":31.0},{"not_picked":["All For One","Creative AI"],"picked":"Machine Learning","floor":33.0},{"not_picked":["Steam Power","Redo"],"picked":"Go for the Eyes","floor":35.0},{"not_picked":["Leap","Stack"],"picked":"Hologram","floor":36.0},{"not_picked":["Hello World","Auto Shields"],"picked":"Steam+1","floor":39}],"player_experience":2558150,"relics_obtained":[{"floor":7.0,"key":"Bottled Flame"},{"floor":9.0,"key":"Meat on the Bone"},{"floor":26.0,"key":"Whetstone"},{"floor":29.0,"key":"Red Mask"}],"event_choices":[{"event_name":"Scrap Ooze","player_choice":"success","floor":2.0,"damage_taken":5.0},{"event_name":"Shining Light","player_choice":"Entered Light","floor":5.0,"damage_taken":0.0},{"event_name":"N\u0027loth","player_choice":"Ignored","floor":19.0,"damage_taken":0.0},{"event_name":"Masked Bandits","player_choice":"Fought Bandits","floor":29.0,"damage_taken":0.0},{"event_name":"Accursed Blacksmith","player_choice":"Forge","floor":38.0,"damage_taken":0.0}],"is_beta":true,"boss_relics":[{"not_picked":["Tiny House","Empty Cage"],"picked":"Sozu"},{"not_picked":["Pandora\u0027s Box","Nuclear Battery"],"picked":"Eternal Feather"}],"items_purged_floors":[28],"is_endless":false,"potions_floor_spawned":[1,3,7,10,14,18,20,24,31,36,39],"killed_by":"2 Orb Walkers","ascension_level":20}