{"gold_per_floor":[113,113,124,141,158,158,193,248,248,248,259,274,274,286,286,364,364,379,391,391,481,497,497,514,514,514,514,531,531,550,565,565,565],"floor_reached":33,"playtime":4144,"items_purged":[],"score":531,"play_id":"836e2284-975f-4065-90a7-dea734166e9b","local_time":"20190103023748","is_ascension_mode":true,"campfire_choices":[{"data":"Zap","floor":6,"key":"SMITH"},{"data":"Electrodynamics","floor":10,"key":"SMITH"},{"data":"Hologram","floor":13,"key":"SMITH"},{"data":"Cold Snap","floor":15,"key":"SMITH"},{"floor":23,"key":"REST"},{"data":"Hologram","floor":25,"key":"SMITH"},{"data":"Cold Snap","floor":27,"key":"SMITH"},{"data":"Good Instincts","floor":29,"key":"SMITH"},{"floor":32,"key":"REST"}],"neow_cost":"NONE","seed_source_timestamp":945183737046957,"circlet_count":0,"master_deck":["AscendersBane","Strike_B","Strike_B","Strike_B","Strike_B","Defend_B","Defend_B","Defend_B","Defend_B","Zap+1","Dualcast","Electrodynamics+1","Conserve Battery","Self Repair","Chill","Turbo","Cold Snap+1","Conserve Battery","Hologram+1","Cold Snap+1","Conserve Battery","Machine Learning","Conserve Battery","Hologram+1","Good Instincts+1","Go for the Eyes+1","Conserve Battery+1"],"relics":["Cracked Core","Symbiotic Virus","Bag of Preparation","Singing Bowl","Lizard Tail","Meat on the Bone"],"potions_floor_usage":[7,8,16,22,31,33],"damage_taken":[{"damage":2,"enemies":"Jaw Worm","floor":1,"turns":4},{"damage":0,"enemies":"Small Slimes","floor":3,"turns":2},{"damage":2,"enemies":"2 Louse","floor":4,"turns":4},{"damage":5,"enemies":"Exordium Thugs","floor":5,"turns":5},{"damage":3,"enemies":"3 Sentries","floor":7,"turns":2},{"damage":8,"enemies":"3 Sentries","floor":8,"turns":2},{"damage":0,"enemies":"Looter","floor":11,"turns":3},{"damage":7,"enemies":"Red Slaver","floor":12,"turns":3},{"damage":0,"enemies":"Blue Slaver","floor":14,"turns":3},{"damage":6,"enemies":"Slime Boss","floor":16,"turns":10},{"damage":12,"enemies":"2 Thieves","floor":18,"turns":3},{"damage":12,"enemies":"Shell Parasite","floor":19,"turns":8},{"damage":30,"enemies":"Chosen and Byrds","floor":22,"turns":9},{"damage":2,"enemies":"3 Cultists","floor":24,"turns":4},{"damage":25,"enemies":"Snake Plant","floor":28,"turns":6},{"damage":18,"enemies":"Shelled Parasite and Fungi","floor":30,"turns":5},{"damage":29,"enemies":"Snecko","floor":31,"turns":7},{"damage":144,"enemies":"Champ","floor":33,"turns":23}],"seed_played":"-9142695781905968519","potions_obtained":[{"floor":4,"key":"AttackPotion"},{"floor":7,"key":"AttackPotion"},{"floor":8,"key":"Strength Potion"},{"floor":11,"key":"FocusPotion"},{"floor":16,"key":"Swift Potion"},{"floor":22,"key":"Weak Potion"},{"floor":24,"key":"AttackPotion"},{"floor":28,"key":"SkillPotion"}],"is_trial":false,"path_per_floor":["M","?","M","M","M","R","E","?","T","R","M","M","R","M","R","B",null,"M","M","?","?","M","R","M","R","T","R","M","R","M","M","R","B"],"character_chosen":"DEFECT","items_purchased":[],"campfire_rested":2,"item_purchase_floors":[],"current_hp_per_floor":[62,62,62,67,69,69,71,63,63,63,70,70,70,71,71,71,71,66,61,61,40,19,40,47,47,47,47,41,41,44,34,57,0],"gold":565,"neow_bonus":"ONE_RANDOM_RARE_CARD","is_prod":false,"is_daily":false,"chose_seed":false,"campfire_upgraded":7,"win_rate":0,"timestamp":1546511868,"path_taken":["M","?","M","M","M","R","E","?","T","R","M","M","R","M","R","BOSS","M","M","?","?","?","R","M","R","T","R","M","R","M","M","R","BOSS"],"build_version":"2019-01-02","purchased_purges":0,"victory":false,"max_hp_per_floor":[71,71,71,71,71,71,71,71,71,71,71,71,71,71,71,71,71,71,71,71,71,73,73,75,75,75,75,75,75,77,77,77,77],"card_choices":[{"not_picked":["Sweeping Beam","Rebound"],"picked":"Conserve Battery","floor":1},{"not_picked":["Sweeping Beam","Lockon"],"picked":"Self Repair","floor":3},{"not_picked":["Barrage","Leap"],"picked":"Chill","floor":4},{"not_picked":["Double Energy","Streamline"],"picked":"Turbo","floor":5},{"not_picked":["Hello World","Chaos"],"picked":"Cold Snap","floor":7},{"not_picked":["Darkness","Beam Cell"],"picked":"Conserve Battery","floor":8},{"not_picked":["Redo","Static Discharge"],"picked":"Hologram","floor":11},{"not_picked":["Amplify","Beam Cell"],"picked":"Cold Snap","floor":12},{"not_picked":["Steam Power","FTL"],"picked":"Conserve Battery","floor":14},{"not_picked":["Creative AI","Fission"],"picked":"Machine Learning","floor":16},{"not_picked":["Steam","Barrage"],"picked":"Conserve Battery","floor":18},{"not_picked":["Storm","Steam"],"picked":"Hologram","floor":19},{"not_picked":["Gash","Fusion","Cold Snap"],"picked":"Singing Bowl","floor":22},{"not_picked":["Barrage","FTL","Lockon"],"picked":"Singing Bowl","floor":24},{"not_picked":["Barrage","Gash"],"picked":"Go for the Eyes+1","floor":28},{"not_picked":["Leap","Cold Snap","Electrodynamics"],"picked":"Singing Bowl","floor":30},{"not_picked":["Storm","Hello World+1"],"picked":"Conserve Battery+1","floor":31}],"player_experience":2691562,"relics_obtained":[{"floor":7,"key":"Symbiotic Virus"},{"floor":8,"key":"Bag of Preparation"},{"floor":9,"key":"Singing Bowl"},{"floor":26,"key":"Meat on the Bone"}],"event_choices":[{"damage_healed":0,"gold_gain":0,"player_choice":"Ignored","damage_taken":0,"max_hp_gain":0,"max_hp_loss":0,"event_name":"Liars Game","floor":2,"gold_loss":0},{"damage_healed":0,"gold_gain":0,"player_choice":"Searched \u00271\u0027 times","damage_taken":0,"max_hp_gain":0,"max_hp_loss":0,"event_name":"Dead Adventurer","floor":8,"gold_loss":0},{"damage_healed":0,"gold_gain":0,"player_choice":"Ignored","damage_taken":0,"max_hp_gain":0,"max_hp_loss":0,"event_name":"Vampires","floor":20,"gold_loss":0},{"damage_healed":0,"gold_gain":90,"player_choice":"CARD GOLD ","damage_taken":21,"max_hp_gain":0,"max_hp_loss":0,"event_name":"Knowing Skull","floor":21,"potions_obtained":[],"gold_loss":0,"cards_obtained":["Good Instincts"]}],"is_beta":true,"boss_relics":[{"not_picked":["Eternal Feather","Snecko Eye"],"picked":"Lizard Tail"}],"items_purged_floors":[],"is_endless":false,"potions_floor_spawned":[4,7,8,11,14,16,22,24,28],"killed_by":"Champ","ascension_level":20}