{"gold_per_floor":[118,118,33,46,62,75,75,110,182,202,202],"floor_reached":11,"playtime":1873,"items_purged":[],"score":75,"play_id":"0ea39fdb-5430-40b7-abd2-6da916fa0c51","local_time":"20190823213351","is_ascension_mode":false,"campfire_choices":[{"data":"Double Tap","floor":7,"key":"SMITH"}],"neow_cost":"","seed_source_timestamp":1516766522251,"circlet_count":0,"master_deck":["Strike_R","Strike_R","Strike_R","Strike_R","Strike_R","Defend_R","Defend_R","Defend_R","Defend_R","Bash","Infernal Blade","Discovery","Pommel Strike","Double Tap+1","Warcry","Corruption","Shrug It Off"],"relics":["Burning Blood","Gambling Chip","Mummified Hand"],"potions_floor_usage":[11],"damage_taken":[{"damage":10,"enemies":"Jaw Worm","floor":1,"turns":6},{"damage":6,"enemies":"Cultist","floor":4,"turns":3},{"damage":4,"enemies":"2 Louse","floor":5,"turns":2},{"damage":3,"enemies":"Exordium Thugs","floor":6,"turns":3},{"damage":44,"enemies":"3 Sentries","floor":8,"turns":8},{"damage":16,"enemies":"Exordium Wildlife","floor":10,"turns":5},{"damage":34,"enemies":"Lagavulin","floor":11,"turns":9}],"seed_played":"5204141040592488150","potions_obtained":[{"floor":5,"key":"SneckoOil"}],"is_trial":false,"path_per_floor":["M","?","$","M","M","M","R","E","T","M","E"],"character_chosen":"IRONCLAD","items_purchased":["Discovery"],"campfire_rested":0,"item_purchase_floors":[3],"current_hp_per_floor":[76,76,76,76,78,80,80,42,42,32,0],"gold":202,"neow_bonus":"","is_prod":false,"is_daily":false,"chose_seed":false,"campfire_upgraded":1,"win_rate":0.0,"timestamp":1566588831,"path_taken":["M","?","$","M","?","M","R","E","T","M","E"],"build_version":"2019-06-28","purchased_purges":0,"victory":false,"max_hp_per_floor":[80,80,80,80,80,80,80,80,80,80,80],"card_choices":[{"not_picked":["Clash","Warcry"],"picked":"Infernal Blade","floor":1},{"not_picked":["Armaments","Body Slam"],"picked":"Pommel Strike","floor":4},{"not_picked":["Sword Boomerang","Body Slam"],"picked":"Double Tap","floor":5},{"not_picked":["Perfected Strike","Clash"],"picked":"Warcry","floor":6},{"not_picked":["Twin Strike","Seeing Red"],"picked":"Corruption","floor":8},{"not_picked":["Pommel Strike","Body Slam"],"picked":"Shrug It Off","floor":10}],"player_experience":0,"relics_obtained":[{"floor":8,"key":"Gambling Chip"},{"floor":9,"key":"Mummified Hand"}],"event_choices":[{"damage_healed":0,"gold_gain":0,"player_choice":"Ignored","damage_taken":0,"max_hp_gain":0,"max_hp_loss":0,"event_name":"Transmorgrifier","floor":2,"gold_loss":0}],"is_beta":true,"boss_relics":[],"items_purged_floors":[],"is_endless":false,"potions_floor_spawned":[5],"killed_by":"Lagavulin","ascension_level":0}