{"gold_per_floor":[116,131,231,241,99,127,127,143,143,161,177,212,212,231,231,231],"floor_reached":16,"playtime":842,"items_purged":["Strike_R"],"score":114,"play_id":"6e1b7ed9-b2b2-4b18-b487-0c614b3f60c7","local_time":"20190810113335","is_ascension_mode":false,"campfire_choices":[{"data":"Reaper","floor":7,"key":"SMITH"},{"data":"Flex","floor":13,"key":"SMITH"},{"data":"Thunderclap","floor":15,"key":"SMITH"}],"neow_cost":"NONE","seed_source_timestamp":7174927678639,"circlet_count":0,"master_deck":["Strike_R","Strike_R","Strike_R","Defend_R","Defend_R","Defend_R","Defend_R","Bash","Flex+1","Sever Soul","Dual Wield","Reaper+1","Headbutt","Body Slam","Iron Wave","Pommel Strike","Rage","Thunderclap+1"],"relics":["Burning Blood","Matryoshka","Boot","Magic Flower","PreservedInsect"],"potions_floor_usage":[12,12,14,16],"damage_taken":[{"damage":6,"enemies":"Cultist","floor":1,"turns":3},{"damage":2,"enemies":"Small Slimes","floor":2,"turns":4},{"damage":5,"enemies":"Jaw Worm","floor":4,"turns":4},{"damage":28,"enemies":"Gremlin Nob","floor":6,"turns":4},{"damage":2,"enemies":"3 Louse","floor":8,"turns":3},{"damage":10,"enemies":"Exordium Wildlife","floor":10,"turns":5},{"damage":12,"enemies":"Looter","floor":11,"turns":4},{"damage":50,"enemies":"Lagavulin","floor":12,"turns":10},{"damage":0,"enemies":"Lots of Slimes","floor":14,"turns":2},{"damage":95,"enemies":"Slime Boss","floor":16,"turns":9}],"seed_played":"5378899113680171631","potions_obtained":[{"floor":1,"key":"Explosive Potion"},{"floor":2,"key":"BloodPotion"},{"floor":6,"key":"Weak Potion"},{"floor":14,"key":"SkillPotion"}],"is_trial":false,"path_per_floor":["M","M","?","M","$","E","R","M","T","M","M","E","R","M","R","B"],"character_chosen":"IRONCLAD","items_purchased":["Reaper"],"campfire_rested":0,"item_purchase_floors":[5],"current_hp_per_floor":[80,80,80,80,80,58,58,72,72,71,79,70,70,79,79,0],"gold":231,"neow_bonus":"REMOVE_CARD","is_prod":false,"is_daily":false,"chose_seed":false,"campfire_upgraded":3,"win_rate":0.0,"timestamp":1565404415,"path_taken":["M","?","?","M","?","E","R","M","T","M","?","E","R","M","R","BOSS"],"build_version":"2019-07-17","purchased_purges":1,"victory":false,"max_hp_per_floor":[80,80,80,80,80,80,80,80,80,80,80,80,80,80,80,80],"card_choices":[{"not_picked":["Twin Strike","Thunderclap"],"picked":"Flex","floor":1},{"not_picked":["Dropkick","Perfected Strike"],"picked":"Sever Soul","floor":2},{"not_picked":["Shrug It Off","Armaments"],"picked":"Dual Wield","floor":4},{"not_picked":["Dropkick","Carnage"],"picked":"Headbutt","floor":6},{"not_picked":["Ghostly Armor","Armaments"],"picked":"Body Slam","floor":8},{"not_picked":["Heavy Blade","Disarm"],"picked":"Iron Wave","floor":10},{"not_picked":["Clash","Thunderclap"],"picked":"Pommel Strike","floor":11},{"not_picked":["Clothesline","Bludgeon"],"picked":"Rage","floor":12},{"not_picked":["Warcry","Reckless Charge"],"picked":"Thunderclap","floor":14}],"player_experience":25865,"relics_obtained":[{"floor":6,"key":"Matryoshka"},{"floor":9,"key":"Boot"},{"floor":9,"key":"Magic Flower"},{"floor":12,"key":"PreservedInsect"}],"event_choices":[{"damage_healed":0,"gold_gain":100,"player_choice":"Pray","damage_taken":0,"max_hp_gain":0,"max_hp_loss":0,"event_name":"Golden Shrine","floor":3,"gold_loss":0}],"is_beta":false,"boss_relics":[],"items_purged_floors":[5],"is_endless":false,"potions_floor_spawned":[1,2,6,14],"killed_by":"Slime Boss","ascension_level":0}