{"gold_per_floor":[10,10,31,45,45,45,45,85,85,101,142,154,179,230,242,345,357,394,424,436,448],"floor_reached":21,"playtime":515,"items_purged":[],"score":413,"play_id":"f0f6becc-a4ee-4c1b-9116-d0b26fa380a1","local_time":"20190520183545","is_ascension_mode":true,"campfire_choices":[{"data":"Sweeping Beam","floor":6,"key":"SMITH"},{"floor":12,"key":"REST"},{"floor":15,"key":"REST"}],"neow_cost":"NO_GOLD","seed_source_timestamp":861913358255400,"circlet_count":0,"master_deck":["AscendersBane","Defend_B","Defend_B","Defend_B","Defend_B","Zap+1","Dualcast","Sweeping Beam+1","Genetic Algorithm","Thunder Strike","Ball Lightning","Rip and Tear","Fusion","Multi-Cast","Leap+1","Capacitor","Bite","Bite","Bite","Bite","Bite"],"relics":["Cracked Core","Golden Idol","Ginger","Cables","MawBank","Dodecahedron","Cursed Key"],"potions_floor_usage":[11,14,16,21],"damage_taken":[{"damage":1,"enemies":"2 Louse","floor":1,"turns":3},{"damage":12,"enemies":"Jaw Worm","floor":3,"turns":3},{"damage":0,"enemies":"Cultist","floor":4,"turns":3},{"damage":32,"enemies":"3 Sentries","floor":8,"turns":6},{"damage":2,"enemies":"Looter","floor":10,"turns":3},{"damage":18,"enemies":"Lagavulin","floor":11,"turns":7},{"damage":17,"enemies":"Lots of Slimes","floor":13,"turns":3},{"damage":24,"enemies":"Gremlin Nob","floor":14,"turns":4},{"damage":7,"enemies":"Slime Boss","floor":16,"turns":7},{"damage":38,"enemies":"3 Byrds","floor":18,"turns":5},{"damage":11,"enemies":"Spheric Guardian","floor":19,"turns":4},{"damage":21,"enemies":"Snake Plant","floor":21,"turns":3}],"seed_played":"-7540159123214887310","potions_obtained":[{"floor":3,"key":"Ancient Potion"},{"floor":10,"key":"Regen Potion"},{"floor":13,"key":"EssenceOfSteel"},{"floor":14,"key":"PowerPotion"},{"floor":18,"key":"Ancient Potion"}],"is_trial":false,"path_per_floor":["M","?","M","M","?","R","$","E","T","M","E","R","M","E","R","B",null,"M","M","?","M"],"character_chosen":"DEFECT","items_purchased":[],"campfire_rested":2,"item_purchase_floors":[],"current_hp_per_floor":[77,77,65,65,65,65,65,33,33,31,28,51,34,10,33,26,64,26,15,15,0],"gold":448,"neow_bonus":"TWENTY_PERCENT_HP_BONUS","is_prod":false,"is_daily":false,"chose_seed":false,"campfire_upgraded":1,"win_rate":0,"timestamp":1558391745,"path_taken":["M","?","M","M","?","R","?","E","T","M","E","R","M","E","R","BOSS","M","M","?","M"],"build_version":"2019-01-23","purchased_purges":0,"victory":false,"max_hp_per_floor":[85,77,77,77,77,77,77,77,77,77,77,77,77,77,77,77,77,77,77,53,53],"card_choices":[{"not_picked":["Conserve Battery","Beam Cell"],"picked":"Sweeping Beam","floor":1},{"not_picked":["Barrage","Stack"],"picked":"Genetic Algorithm","floor":3},{"not_picked":["Barrage","Hello World","Beam Cell"],"picked":"SKIP","floor":4},{"not_picked":["Rebound","Storm"],"picked":"Thunder Strike","floor":8},{"not_picked":["Lockon","White Noise"],"picked":"Ball Lightning","floor":10},{"not_picked":["Stack","Skim"],"picked":"Rip and Tear","floor":11},{"not_picked":["Rebound","Turbo","Stack"],"picked":"SKIP","floor":13},{"not_picked":["Redo","Hyperbeam"],"picked":"Fusion","floor":14},{"not_picked":["Meteor Strike","Reboot"],"picked":"Multi-Cast","floor":16},{"not_picked":["Streamline","Compile Driver"],"picked":"Leap+1","floor":18},{"not_picked":["Ball Lightning","Hologram"],"picked":"Capacitor","floor":19}],"player_experience":388891,"relics_obtained":[{"floor":8,"key":"Ginger"},{"floor":9,"key":"Cables"},{"floor":11,"key":"MawBank"},{"floor":14,"key":"Dodecahedron"}],"event_choices":[{"damage_healed":0,"gold_gain":0,"player_choice":"Lose Max HP","damage_taken":0,"relics_obtained":["Golden Idol"],"max_hp_gain":0,"max_hp_loss":8,"event_name":"Golden Idol","floor":2,"gold_loss":0},{"damage_healed":0,"gold_gain":0,"player_choice":"Grow","damage_taken":0,"max_hp_gain":0,"max_hp_loss":0,"event_name":"Living Wall","floor":5,"gold_loss":0,"cards_upgraded":["Zap"]},{"damage_healed":0,"gold_gain":0,"player_choice":"Became a vampire","damage_taken":0,"max_hp_gain":0,"max_hp_loss":24,"event_name":"Vampires","floor":20,"gold_loss":0,"cards_obtained":["Bite","Bite","Bite","Bite","Bite"]}],"is_beta":false,"boss_relics":[{"not_picked":["Calling Bell","Philosopher\u0027s Stone"],"picked":"Cursed Key"}],"items_purged_floors":[],"is_endless":false,"potions_floor_spawned":[3,10,13,14,18],"killed_by":"Snake Plant","ascension_level":19}