{"gold_per_floor":[118,118,48,63,74,100,115,115,140,158,158,178,178,195,195,290,290,290],"floor_reached":18,"playtime":720,"items_purged":[],"score":262,"play_id":"6fd54e16-1e76-480b-aacb-31372f2fe64e","local_time":"20190324101959","is_ascension_mode":true,"campfire_choices":[{"data":"Armaments","floor":8,"key":"SMITH"},{"data":"Barricade","floor":11,"key":"SMITH"},{"data":"Flame Barrier","floor":13,"key":"SMITH"},{"data":"Uppercut","floor":15,"key":"SMITH"}],"neow_cost":"TEN_PERCENT_HP_LOSS","seed_source_timestamp":923061945030020,"circlet_count":0,"master_deck":["AscendersBane","Strike_R","Strike_R","Strike_R","Strike_R","Strike_R","Defend_R","Defend_R","Defend_R","Defend_R","Bash","Intimidate","Sword Boomerang","Whirlwind","Headbutt","Shockwave","Uppercut+1","Barricade+1","Evolve","Armaments+1","Flame Barrier+1","Ghostly Armor","Dual Wield","Reaper"],"relics":["Burning Blood","Prayer Wheel","Pear","Happy Flower","Centennial Puzzle","Black Star"],"potions_floor_usage":[12,16,16],"damage_taken":[{"damage":1,"enemies":"Cultist","floor":1,"turns":4},{"damage":10,"enemies":"Jaw Worm","floor":4,"turns":5},{"damage":11,"enemies":"2 Louse","floor":5,"turns":3},{"damage":44,"enemies":"Lagavulin","floor":6,"turns":9},{"damage":18,"enemies":"Large Slime","floor":7,"turns":8},{"damage":10,"enemies":"2 Fungi Beasts","floor":10,"turns":4},{"damage":1,"enemies":"Blue Slaver","floor":12,"turns":6},{"damage":6,"enemies":"Looter","floor":14,"turns":4},{"damage":9,"enemies":"Hexaghost","floor":16,"turns":14},{"damage":76,"enemies":"Spheric Guardian","floor":18,"turns":17}],"seed_played":"2716011109406682247","potions_obtained":[{"floor":1,"key":"Regen Potion"},{"floor":5,"key":"SpeedPotion"},{"floor":12,"key":"SpeedPotion"}],"is_trial":false,"path_per_floor":["M","T","$","M","M","E","M","R","T","M","R","M","R","M","R","B",null,"M"],"character_chosen":"IRONCLAD","items_purchased":["Whirlwind"],"campfire_rested":0,"item_purchase_floors":[3],"current_hp_per_floor":[72,82,82,78,73,35,23,23,23,19,19,39,39,39,39,36,71,0],"gold":290,"neow_bonus":"ONE_RARE_RELIC","is_prod":false,"is_daily":false,"chose_seed":false,"campfire_upgraded":4,"win_rate":0,"timestamp":1553437199,"path_taken":["M","?","$","M","M","E","?","R","T","M","R","M","R","M","R","BOSS","M"],"build_version":"2019-01-23","purchased_purges":0,"victory":false,"max_hp_per_floor":[72,82,82,82,82,82,82,82,82,82,82,82,82,82,82,82,82,82],"card_choices":[{"not_picked":["Sword Boomerang","Havoc"],"picked":"Intimidate","floor":1},{"not_picked":["Burning Pact","Body Slam"],"picked":"Sword Boomerang","floor":1},{"not_picked":["Iron Wave","Searing Blow"],"picked":"Headbutt","floor":4},{"not_picked":["Body Slam","Warcry","Heavy Blade"],"picked":"SKIP","floor":4},{"not_picked":["Clash","Armaments"],"picked":"Shockwave","floor":5},{"not_picked":["Blood for Blood","Rampage"],"picked":"Uppercut","floor":5},{"not_picked":["Ghostly Armor","Fire Breathing"],"picked":"Barricade","floor":6},{"not_picked":["Rampage","Fire Breathing"],"picked":"Evolve","floor":7},{"not_picked":["Warcry","Anger"],"picked":"Armaments","floor":7},{"not_picked":["Infernal Blade","Immolate"],"picked":"Flame Barrier","floor":10},{"not_picked":["Pommel Strike","Flex","Twin Strike"],"picked":"SKIP","floor":10},{"not_picked":["Anger","True Grit"],"picked":"Ghostly Armor","floor":12},{"not_picked":["Anger","Second Wind","Headbutt"],"picked":"SKIP","floor":12},{"not_picked":["Sentinel","Rampage"],"picked":"Dual Wield","floor":14},{"not_picked":["Cleave","Thunderclap","Second Wind"],"picked":"SKIP","floor":14},{"not_picked":["Limit Break","Immolate"],"picked":"Reaper","floor":16}],"player_experience":209014,"relics_obtained":[{"floor":2,"key":"Pear"},{"floor":6,"key":"Happy Flower"},{"floor":9,"key":"Centennial Puzzle"}],"event_choices":[],"is_beta":false,"boss_relics":[{"not_picked":["White Beast Statue","Orrery"],"picked":"Black Star"}],"items_purged_floors":[],"is_endless":false,"potions_floor_spawned":[1,5,12],"killed_by":"Spheric Guardian","ascension_level":12}