{"gold_per_floor":[112,112,112,126,50,79,79,104,129,129,141,141,156,170,170,170],"floor_reached":16,"playtime":412,"items_purged":[],"score":220,"play_id":"ea738d82-2874-40d4-b6f4-9e05b6785bb6","local_time":"20190823222839","is_ascension_mode":true,"campfire_choices":[{"floor":7,"key":"REST"},{"data":"Hyperbeam","floor":10,"key":"SMITH"},{"data":"Loop","floor":12,"key":"SMITH"},{"data":"Glacier","floor":15,"key":"SMITH"}],"neow_cost":"NONE","seed_source_timestamp":605882127332233,"circlet_count":0,"master_deck":["AscendersBane","Strike_B","Strike_B","Strike_B","Defend_B","Defend_B","Defend_B","Defend_B","Zap","Dualcast","Hyperbeam+1","White Noise","Auto Shields","Hologram","Glacier+1","Loop+1","White Noise","Reinforced Body"],"relics":["Cracked Core","Omamori","Regal Pillow","Boot"],"potions_floor_usage":[6,6,16,16],"damage_taken":[{"damage":2,"enemies":"Cultist","floor":1,"turns":4},{"damage":0,"enemies":"Jaw Worm","floor":4,"turns":5},{"damage":38,"enemies":"Gremlin Nob","floor":6,"turns":6},{"damage":20,"enemies":"3 Sentries","floor":8,"turns":3},{"damage":0,"enemies":"2 Louse","floor":11,"turns":1},{"damage":1,"enemies":"2 Fungi Beasts","floor":13,"turns":2},{"damage":1,"enemies":"Exordium Wildlife","floor":14,"turns":2},{"damage":31,"enemies":"Hexaghost","floor":16,"turns":16}],"seed_played":"6886607043073331077","potions_obtained":[{"floor":1,"key":"LiquidBronze"},{"floor":4,"key":"Swift Potion"},{"floor":11,"key":"Swift Potion"},{"floor":13,"key":"Ancient Potion"},{"floor":14,"key":"Dexterity Potion"}],"is_trial":false,"path_per_floor":["M","?","?","M","$","E","R","E","T","R","M","R","M","M","R","B"],"character_chosen":"DEFECT","items_purchased":["Glacier"],"campfire_rested":1,"item_purchase_floors":[5],"current_hp_per_floor":[62,62,62,62,62,24,45,25,25,25,25,25,24,23,23,0],"gold":170,"neow_bonus":"ONE_RANDOM_RARE_CARD","is_prod":false,"is_daily":false,"chose_seed":false,"campfire_upgraded":3,"win_rate":0,"timestamp":1566613719,"path_taken":["M","?","?","M","$","E","R","E","T","R","M","R","M","M","R","BOSS"],"build_version":"2019-07-17","purchased_purges":0,"victory":false,"max_hp_per_floor":[71,71,71,71,71,71,71,71,71,71,71,71,71,71,71,71],"card_choices":[{"not_picked":["Aggregate","Beam Cell"],"picked":"White Noise","floor":1},{"not_picked":["Leap","Steam Power"],"picked":"Hologram","floor":4},{"not_picked":["Go for the Eyes","Seek"],"picked":"Loop","floor":6},{"not_picked":["Streamline","Rebound"],"picked":"White Noise","floor":8},{"not_picked":["Lockon","Static Discharge","Beam Cell"],"picked":"SKIP","floor":11},{"not_picked":["Go for the Eyes","Blizzard","Steam"],"picked":"SKIP","floor":13},{"not_picked":["Streamline","Sweeping Beam"],"picked":"Reinforced Body","floor":14}],"player_experience":593383,"relics_obtained":[{"floor":6,"key":"Omamori"},{"floor":8,"key":"Regal Pillow"},{"floor":9,"key":"Boot"}],"event_choices":[{"damage_healed":0,"gold_gain":0,"player_choice":"Ignored","damage_taken":0,"max_hp_gain":0,"max_hp_loss":0,"event_name":"Liars Game","floor":2,"gold_loss":0},{"damage_healed":0,"gold_gain":0,"cards_transformed":["Strike_B"],"player_choice":"Transformed","damage_taken":0,"max_hp_gain":0,"max_hp_loss":0,"event_name":"Transmorgrifier","floor":3,"gold_loss":0,"cards_obtained":["Auto Shields"]}],"is_beta":false,"boss_relics":[],"items_purged_floors":[],"is_endless":false,"potions_floor_spawned":[1,4,11,13,14],"killed_by":"Hexaghost","ascension_level":20}