{"gold_per_floor":[111,111,111,131,56,89,89,129,179,179,226,34,77,77,77,77],"floor_reached":16,"playtime":299,"items_purged":["Regret"],"score":238,"play_id":"6a05d0a9-d883-4d9c-b839-739c13f23482","local_time":"20190323121700","is_ascension_mode":true,"campfire_choices":[{"data":"Bash","floor":7,"key":"SMITH"},{"floor":15,"key":"REST"}],"neow_cost":"NONE","seed_source_timestamp":844107785663898,"circlet_count":0,"master_deck":["AscendersBane","Strike_R","Strike_R","Strike_R","Strike_R","Defend_R","Defend_R+1","Defend_R","Defend_R+1","Bash+1","Clothesline","Body Slam","Seeing Red","Juggernaut","Whirlwind","Searing Blow"],"relics":["Burning Blood","NeowsBlessing","Golden Idol","War Paint","Centennial Puzzle","Regal Pillow","Orichalcum","MawBank","Mercury Hourglass","ClockworkSouvenir","Bag of Marbles"],"potions_floor_usage":[11,13],"damage_taken":[{"damage":0,"enemies":"Jaw Worm","floor":1,"turns":1},{"damage":0,"enemies":"Small Slimes","floor":4,"turns":1},{"damage":0,"enemies":"Lagavulin","floor":6,"turns":1},{"damage":35,"enemies":"Gremlin Nob","floor":8,"turns":5},{"damage":32,"enemies":"Lagavulin","floor":11,"turns":8},{"damage":16,"enemies":"Gremlin Nob","floor":13,"turns":4},{"damage":51,"enemies":"The Guardian","floor":16,"turns":9}],"seed_played":"-6585572060020809759","potions_obtained":[{"floor":1,"key":"Strength Potion"},{"floor":8,"key":"BloodPotion"},{"floor":11,"key":"Ancient Potion"}],"is_trial":false,"path_per_floor":["M","?","?","M","$","E","R","E","T","?","E","$","E","?","R","B"],"character_chosen":"IRONCLAD","items_purchased":["ClockworkSouvenir"],"campfire_rested":1,"item_purchase_floors":[12],"current_hp_per_floor":[78,58,58,64,64,70,70,41,41,38,20,20,10,10,49,0],"gold":77,"neow_bonus":"THREE_ENEMY_KILL","is_prod":false,"is_daily":false,"chose_seed":false,"campfire_upgraded":1,"win_rate":0,"timestamp":1553357820,"path_taken":["M","?","?","M","$","E","R","E","T","?","E","$","E","?","R","BOSS"],"build_version":"2019-01-23","purchased_purges":1,"victory":false,"max_hp_per_floor":[80,80,80,80,80,80,80,80,80,80,80,80,80,80,80,80],"card_choices":[{"not_picked":["Searing Blow","Warcry"],"picked":"Clothesline","floor":1},{"not_picked":["Heavy Blade","Sentinel"],"picked":"Body Slam","floor":4},{"not_picked":["Warcry","Hemokinesis","Perfected Strike"],"picked":"SKIP","floor":6},{"not_picked":["Entrench","Havoc"],"picked":"Seeing Red","floor":8},{"not_picked":["Thunderclap","Warcry"],"picked":"Juggernaut","floor":11},{"not_picked":["Pommel Strike","Sentinel"],"picked":"Whirlwind","floor":13}],"player_experience":207766,"relics_obtained":[{"floor":6,"key":"Centennial Puzzle"},{"floor":8,"key":"Regal Pillow"},{"floor":9,"key":"Orichalcum"},{"floor":11,"key":"Mercury Hourglass"},{"floor":13,"key":"Bag of Marbles"}],"event_choices":[{"damage_healed":0,"gold_gain":0,"player_choice":"Take Damage","damage_taken":20,"relics_obtained":["Golden Idol"],"max_hp_gain":0,"max_hp_loss":0,"event_name":"Golden Idol","floor":2,"gold_loss":0},{"damage_healed":0,"gold_gain":0,"player_choice":"Box","damage_taken":0,"relics_obtained":["War Paint"],"max_hp_gain":0,"max_hp_loss":0,"event_name":"Big Fish","floor":3,"gold_loss":0,"cards_obtained":["Regret"]},{"damage_healed":0,"gold_gain":0,"player_choice":"Success","damage_taken":3,"relics_obtained":["MawBank"],"max_hp_gain":0,"max_hp_loss":0,"event_name":"Scrap Ooze","floor":10,"gold_loss":0},{"damage_healed":0,"gold_gain":0,"cards_transformed":["Strike_R"],"player_choice":"Transformed","damage_taken":0,"max_hp_gain":0,"max_hp_loss":0,"event_name":"Transmorgrifier","floor":14,"gold_loss":0,"cards_obtained":["Searing Blow"]}],"is_beta":false,"boss_relics":[],"items_purged_floors":[5],"is_endless":false,"potions_floor_spawned":[1,8,11],"killed_by":"The Guardian","ascension_level":12}