{"gold_per_floor":[16,16,30,44,44,44,63,81,81,109,74,74,105,119,119,119],"floor_reached":16,"playtime":375,"items_purged":[],"score":179,"play_id":"94cba721-6a20-4edd-bbbe-8d10b3368f4f","local_time":"20190319124613","is_ascension_mode":true,"campfire_choices":[{"data":"Deadly Poison","floor":6,"key":"SMITH"},{"data":"Corpse Explosion","floor":12,"key":"SMITH"},{"data":"Night Terror","floor":15,"key":"SMITH"}],"neow_cost":"NO_GOLD","seed_source_timestamp":500163472117072,"circlet_count":0,"master_deck":["AscendersBane","Defend_G","Defend_G","Defend_G","Defend_G","Defend_G","Strike_G","Strike_G","Strike_G","Strike_G","Survivor","Neutralize+1","Deflect","Backstab","Deadly Poison+1","Deadly Poison","Backstab","Corpse Explosion+1","Night Terror+1"],"relics":["Ring of the Snake","Ice Cream","Singing Bowl","Meat on the Bone","Mummified Hand"],"potions_floor_usage":[10,13],"damage_taken":[{"damage":2,"enemies":"Cultist","floor":1,"turns":6},{"damage":11,"enemies":"Jaw Worm","floor":3,"turns":8},{"damage":0,"enemies":"2 Louse","floor":4,"turns":2},{"damage":10,"enemies":"Large Slime","floor":7,"turns":7},{"damage":2,"enemies":"Blue Slaver","floor":8,"turns":4},{"damage":5,"enemies":"Lagavulin","floor":10,"turns":5},{"damage":25,"enemies":"Gremlin Nob","floor":13,"turns":4},{"damage":1,"enemies":"2 Fungi Beasts","floor":14,"turns":3},{"damage":47,"enemies":"Slime Boss","floor":16,"turns":5}],"seed_played":"-5733246523984410116","potions_obtained":[{"floor":3,"key":"LiquidBronze"},{"floor":8,"key":"Poison Potion"}],"is_trial":false,"path_per_floor":["M","?","M","M","?","R","M","M","T","E","?","R","E","M","R","B"],"character_chosen":"THE_SILENT","items_purchased":[],"campfire_rested":0,"item_purchase_floors":[],"current_hp_per_floor":[61,61,50,50,50,50,40,38,38,33,50,50,37,38,38,0],"gold":119,"neow_bonus":"ONE_RARE_RELIC","is_prod":false,"is_daily":false,"chose_seed":false,"campfire_upgraded":3,"win_rate":0,"timestamp":1553013973,"path_taken":["M","?","?","M","?","R","?","M","T","E","?","R","E","M","R","BOSS"],"build_version":"2019-01-23","purchased_purges":0,"victory":false,"max_hp_per_floor":[70,70,70,70,70,70,70,70,70,70,70,70,70,72,72,72],"card_choices":[{"not_picked":["Backflip","Tactician"],"picked":"Deflect","floor":1},{"not_picked":["Sucker Punch","Reflex"],"picked":"Backstab","floor":3},{"not_picked":["Prepared","Deflect"],"picked":"Deadly Poison","floor":4},{"not_picked":["Flechettes","Tactician"],"picked":"Deadly Poison","floor":7},{"not_picked":["Distraction","Flying Knee"],"picked":"Backstab","floor":8},{"not_picked":["Sucker Punch","Dagger Spray"],"picked":"Corpse Explosion","floor":10},{"not_picked":["Acrobatics","Underhanded Strike"],"picked":"Night Terror","floor":13},{"not_picked":["Flechettes","Outmaneuver","Setup"],"picked":"Singing Bowl","floor":14}],"player_experience":194591,"relics_obtained":[{"floor":9,"key":"Singing Bowl"},{"floor":10,"key":"Meat on the Bone"},{"floor":13,"key":"Mummified Hand"}],"event_choices":[{"damage_healed":0,"gold_gain":0,"player_choice":"Upgraded","damage_taken":0,"max_hp_gain":0,"max_hp_loss":0,"event_name":"Upgrade Shrine","floor":2,"gold_loss":0,"cards_upgraded":["Neutralize"]},{"cards_removed":["Strike_G"],"damage_healed":0,"gold_gain":0,"player_choice":"Card Removal","damage_taken":0,"max_hp_gain":0,"max_hp_loss":0,"event_name":"Wheel of Change","floor":5,"gold_loss":0},{"damage_healed":17,"gold_gain":0,"player_choice":"Healed","damage_taken":0,"max_hp_gain":0,"max_hp_loss":0,"event_name":"The Cleric","floor":11,"gold_loss":35}],"is_beta":false,"boss_relics":[],"items_purged_floors":[],"is_endless":false,"potions_floor_spawned":[3,8],"killed_by":"Slime Boss","ascension_level":12}