{"gold_per_floor":[113,133,144,219,219,219,233,246,246,246,259,271,271,284,284,373,373,392,46,60,81,81,81,122,122,145,145,170,193,318,342,342,433,433,448,48,48,112,127,127,143,143,143,164,164,177,177,17,17,17,17],"floor_reached":52,"playtime":5999,"items_purged":["Zap","Dualcast"],"score":1961,"play_id":"769b68e9-d87e-43ad-863a-8b7dbaab87ce","local_time":"20180924181314","is_ascension_mode":true,"campfire_choices":[{"data":"Chaos","floor":6.0,"key":"SMITH"},{"data":"Fission","floor":10.0,"key":"SMITH"},{"data":"Chaos","floor":15.0,"key":"SMITH"},{"data":"Recycle","floor":23.0,"key":"SMITH"},{"data":"Buffer","floor":25.0,"key":"SMITH"},{"data":"Fission","floor":27.0,"key":"SMITH"},{"data":"Double Energy","floor":32.0,"key":"SMITH"},{"data":"Loop","floor":40.0,"key":"SMITH"},{"data":"Loop","floor":42.0,"key":"SMITH"},{"data":"Seek","floor":45.0,"key":"SMITH"},{"data":"Fusion","floor":47.0,"key":"SMITH"},{"data":"Tempest","floor":49.0,"key":"SMITH"}],"neow_cost":"NONE","seed_source_timestamp":956918020175678,"circlet_count":0,"master_deck":["AscendersBane","Fission+1","Compile Driver","Chaos+1","Genetic Algorithm","Ball Lightning","Hologram","Buffer+1","Beam Cell","Chaos+1","Fission+1","Recycle+1","Skim","Self Repair","Stack","Fusion+1","Leap","Rebound","Go for the Eyes","Sweeping Beam","White Noise+1","Stack","Chill","Compile Driver+1","Glacier","Double Energy+1","Seek+1","Stack","Glacier","Dark Shackles","Loop+1","Tempest","Fission+1","Loop+1","Tempest+1","Hologram"],"special_seed":0,"relics":["Cracked Core","Bottled Flame","Golden Idol","Pandora\u0027s Box","Dead Branch","Darkstone Periapt","Art of War","Incense Burner","Kunai","Lizard Tail","Pocketwatch","Pantograph"],"potions_floor_usage":[50,50],"damage_taken":[{"damage":0.0,"enemies":"Cultist","floor":1.0,"turns":3.0},{"damage":0.0,"enemies":"Small Slimes","floor":2.0,"turns":2.0},{"damage":7.0,"enemies":"Jaw Worm","floor":3.0,"turns":3.0},{"damage":15.0,"enemies":"Looter","floor":7.0,"turns":4.0},{"damage":7.0,"enemies":"2 Fungi Beasts","floor":8.0,"turns":3.0},{"damage":0.0,"enemies":"Large Slime","floor":11.0,"turns":6.0},{"damage":5.0,"enemies":"Exordium Wildlife","floor":12.0,"turns":4.0},{"damage":10.0,"enemies":"Blue Slaver","floor":14.0,"turns":2.0},{"damage":22.0,"enemies":"Hexaghost","floor":16.0,"turns":9.0},{"damage":12.0,"enemies":"2 Thieves","floor":18.0,"turns":4.0},{"damage":0.0,"enemies":"Chosen","floor":20.0,"turns":5.0},{"damage":0.0,"enemies":"Sentry and Sphere","floor":21.0,"turns":4.0},{"damage":0.0,"enemies":"Book of Stabbing","floor":24.0,"turns":3.0},{"damage":9.0,"enemies":"Centurion and Healer","floor":28.0,"turns":7.0},{"damage":0.0,"enemies":"Snecko","floor":29.0,"turns":7.0},{"damage":11.0,"enemies":"Colosseum Slavers","floor":30.0,"turns":4.0},{"damage":12.0,"enemies":"Colosseum Nobs","floor":30.0,"turns":5.0},{"damage":0.0,"enemies":"Shelled Parasite and Fungi","floor":31.0,"turns":4.0},{"damage":0.0,"enemies":"Automaton","floor":33.0,"turns":8.0},{"damage":0.0,"enemies":"Orb Walker","floor":35.0,"turns":2.0},{"damage":0.0,"enemies":"Mysterious Sphere","floor":38.0,"turns":3.0},{"damage":0.0,"enemies":"3 Darklings","floor":39.0,"turns":3.0},{"damage":7.0,"enemies":"Sphere and 2 Shapes","floor":41.0,"turns":3.0},{"damage":0.0,"enemies":"Maw","floor":44.0,"turns":5.0},{"damage":0.0,"enemies":"4 Shapes","floor":46.0,"turns":4.0},{"damage":0,"enemies":"Time Eater","floor":50,"turns":14},{"damage":48,"enemies":"Donu and Deca","floor":51,"turns":12}],"seed_played":"5403644573088841778","potions_obtained":[{"floor":3.0,"key":"Weak Potion"},{"floor":8.0,"key":"Block Potion"},{"floor":11.0,"key":"Regen Potion"},{"floor":16.0,"key":"Weak Potion"},{"floor":20.0,"key":"AttackPotion"},{"floor":29.0,"key":"LiquidBronze"},{"floor":39.0,"key":"AttackPotion"},{"floor":46.0,"key":"Fruit Juice"}],"is_trial":false,"path_per_floor":["M","M","M","?","?","R","M","M","T","R","M","M","?","M","R","B",null,"M","$","M","M","?","R","E","R","T","R","M","M","?","M","R","B",null,"M","$","?","?","M","R","M","R","T","M","R","M","R","$","R","B","B"],"character_chosen":"DEFECT","items_purchased":["Dead Branch","Glacier","Dark Shackles","Loop","Tempest","AttackPotion"],"campfire_rested":0,"item_purchase_floors":[19,36,36,36,36,48],"current_hp_per_floor":[64,64,57,46,51,51,36,29,29,29,29,24,24,14,14,7,54,49,49,56,63,63,63,69,69,69,69,67,69,60,67,67,67,69,69,69,69,69,69,69,69,69,69,69,69,69,74,74,74,74,26],"gold":17,"neow_bonus":"ONE_RANDOM_RARE_CARD","is_prod":false,"is_daily":false,"chose_seed":false,"campfire_upgraded":12,"win_rate":0,"timestamp":1537837994,"path_taken":["M","M","?","?","?","R","M","?","T","R","M","M","?","M","R","BOSS","M","$","M","M","?","R","E","R","T","R","M","M","?","M","R","BOSS","M","$","?","?","M","R","M","R","T","?","R","M","R","?","R","BOSS","BOSS"],"build_version":"2018-09-20","purchased_purges":2,"victory":true,"max_hp_per_floor":[71,71,71,71,76,76,76,76,76,76,76,76,69,69,69,69,69,69,69,69,69,69,69,69,69,69,69,69,69,69,69,69,69,69,69,69,69,69,69,69,69,69,69,69,69,69,74,74,74,74,74],"card_choices":[{"not_picked":["Skim","Blizzard"],"picked":"Compile Driver","floor":1.0},{"not_picked":["Scrape","Gash"],"picked":"Chaos","floor":2.0},{"not_picked":["Go for the Eyes","Rip and Tear"],"picked":"Genetic Algorithm","floor":3.0},{"not_picked":["Undo","Heatsinks"],"picked":"Ball Lightning","floor":7.0},{"not_picked":["Lockon","Sweeping Beam"],"picked":"Hologram","floor":8.0},{"not_picked":["Leap","Sweeping Beam"],"picked":"Buffer","floor":11.0},{"not_picked":["Sweeping Beam","Doom and Gloom"],"picked":"Beam Cell","floor":12.0},{"not_picked":["Darkness","Melter"],"picked":"Chaos","floor":14.0},{"not_picked":["Meteor Strike","Core Surge"],"picked":"Fission","floor":16.0},{"not_picked":["Redo","Auto Shields"],"picked":"Sweeping Beam","floor":18.0},{"not_picked":["Beam Cell","Sweeping Beam"],"picked":"White Noise+1","floor":20.0},{"not_picked":["Rebound","Steam","Turbo"],"picked":"SKIP","floor":21.0},{"not_picked":["Conserve Battery","Thunder Strike"],"picked":"Stack","floor":24.0},{"not_picked":["Rebound","Streamline"],"picked":"Chill","floor":28.0},{"not_picked":["Steam","Genetic Algorithm"],"picked":"Compile Driver+1","floor":29.0},{"not_picked":["Turbo","Barrage"],"picked":"Glacier","floor":30.0},{"not_picked":["Rebound","Beam Cell"],"picked":"Double Energy","floor":31.0},{"not_picked":["Machine Learning","Meteor Strike"],"picked":"Seek","floor":33.0},{"not_picked":["Go for the Eyes","Leap"],"picked":"Stack","floor":35.0},{"not_picked":["Leap","Undo"],"picked":"Loop","floor":39.0},{"not_picked":["Leap","Aggregate","Gash"],"picked":"SKIP","floor":41.0},{"not_picked":["Leap","Storm"],"picked":"Tempest","floor":44.0},{"not_picked":["Aggregate","Sunder"],"picked":"Hologram","floor":46.0}],"player_experience":2394264,"relics_obtained":[{"floor":9.0,"key":"Bottled Flame"},{"floor":24.0,"key":"Darkstone Periapt"},{"floor":26.0,"key":"Art of War"},{"floor":30.0,"key":"Incense Burner"},{"floor":30.0,"key":"Kunai"},{"floor":38.0,"key":"Pocketwatch"},{"floor":43.0,"key":"Pantograph"}],"event_choices":[{"event_name":"World of Goop","player_choice":"Gather Gold","floor":4.0,"damage_taken":0.0},{"event_name":"Big Fish","player_choice":"Donut","floor":5.0,"damage_taken":0.0},{"event_name":"Golden Idol","player_choice":"Lose Max HP","floor":13.0,"damage_taken":0.0},{"event_name":"The Mausoleum","player_choice":"No","floor":22.0,"damage_taken":0.0},{"event_name":"Colosseum","player_choice":"Fight","floor":30.0,"damage_taken":0.0},{"event_name":"Colosseum","player_choice":"Fought Nobs","floor":30.0,"damage_taken":0.0},{"event_name":"Duplicator","player_choice":"One dupe","floor":37.0,"damage_taken":0.0},{"event_name":"Mysterious Sphere","player_choice":"Fight","floor":38.0,"damage_taken":0.0}],"is_beta":true,"boss_relics":[{"not_picked":["Cursed Key","Fusion Hammer"],"picked":"Pandora\u0027s Box"},{"not_picked":["Velvet Choker","Calling Bell"],"picked":"Lizard Tail"}],"items_purged_floors":[36,48],"is_endless":false,"potions_floor_spawned":[3,8,11,12,14,16,20,21,29,31,39,46],"ascension_level":20}