{"gold_per_floor":[116,132,199,149,149,149,174,174,174,60,60],"floor_reached":11,"playtime":202,"items_purged":[],"score":107,"play_id":"bfabec53-bcf8-494e-b7cb-d76f2a596cb0","local_time":"20190312135652","is_ascension_mode":true,"campfire_choices":[{"data":"Tempest","floor":6,"key":"SMITH"},{"data":"Self Repair","floor":8,"key":"SMITH"}],"neow_cost":"CURSE","seed_source_timestamp":1846375509491613,"circlet_count":0,"master_deck":["AscendersBane","Strike_B+1","Strike_B+1","Strike_B","Strike_B","Defend_B","Defend_B","Defend_B","Defend_B","Zap","Dualcast","Core Surge","Tempest+1","Reinforced Body","Self Repair+1","White Noise","Capacitor"],"relics":["Cracked Core","Art of War","Darkstone Periapt","Whetstone"],"potions_floor_usage":[11],"damage_taken":[{"damage":14,"enemies":"2 Louse","floor":1,"turns":2},{"damage":1,"enemies":"Small Slimes","floor":2,"turns":3},{"damage":25,"enemies":"3 Sentries","floor":7,"turns":7},{"damage":34,"enemies":"Gremlin Nob","floor":11,"turns":4}],"seed_played":"-8112789216853201383","potions_obtained":[{"floor":2,"key":"Weak Potion"}],"is_trial":false,"path_per_floor":["M","M","?","?","?","R","E","R","T","$","E"],"character_chosen":"DEFECT","items_purchased":["White Noise","Capacitor"],"campfire_rested":0,"item_purchase_floors":[10,10],"current_hp_per_floor":[54,53,53,53,46,46,21,21,21,21,0],"gold":60,"neow_bonus":"THREE_RARE_CARDS","is_prod":false,"is_daily":false,"chose_seed":false,"campfire_upgraded":2,"win_rate":0,"timestamp":1552413412,"path_taken":["M","M","?","?","?","R","E","R","T","?","E"],"build_version":"2019-01-23","purchased_purges":0,"victory":false,"max_hp_per_floor":[75,75,75,75,75,75,75,75,75,75,75],"card_choices":[{"not_picked":["Machine Learning","Hyperbeam"],"picked":"Core Surge","floor":0},{"not_picked":["Recycle","Barrage"],"picked":"Tempest","floor":1},{"not_picked":["Aggregate","Turbo"],"picked":"Reinforced Body","floor":2},{"not_picked":["Gash","Redo"],"picked":"Self Repair","floor":7}],"player_experience":187374,"relics_obtained":[{"floor":7,"key":"Darkstone Periapt"},{"floor":9,"key":"Whetstone"}],"event_choices":[{"damage_healed":0,"gold_gain":67,"player_choice":"Gained Gold","damage_taken":0,"max_hp_gain":0,"max_hp_loss":0,"event_name":"Golden Wing","floor":3,"gold_loss":0},{"cards_removed":["Writhe"],"damage_healed":0,"gold_gain":0,"player_choice":"Card Removal","damage_taken":0,"max_hp_gain":0,"max_hp_loss":0,"event_name":"The Cleric","floor":4,"gold_loss":50},{"damage_healed":0,"gold_gain":0,"player_choice":"Success","damage_taken":7,"relics_obtained":["Art of War"],"max_hp_gain":0,"max_hp_loss":0,"event_name":"Scrap Ooze","floor":5,"gold_loss":0}],"is_beta":false,"boss_relics":[],"items_purged_floors":[],"is_endless":false,"potions_floor_spawned":[2],"killed_by":"Gremlin Nob","ascension_level":11}