{"gold_per_floor":[113,131,131,131,150,150,176,188,188,198,215,215,290,305,305,410,410,423,423,132,0,0,0,28,28,53,53],"floor_reached":27,"playtime":1470,"items_purged":[],"score":266,"play_id":"be567934-bef6-49a6-a4e6-39e685355da6","local_time":"20190810201628","is_ascension_mode":true,"campfire_choices":[{"data":"Defragment","floor":6,"key":"SMITH"},{"floor":12,"key":"REST"},{"floor":15,"key":"REST"},{"floor":23,"key":"DIG"},{"floor":25,"key":"REST"}],"neow_cost":"NONE","seed_source_timestamp":5181844509599,"circlet_count":0,"master_deck":["Strike_B+1","Strike_B","Strike_B+1","Strike_B","Defend_B","Defend_B","Defend_B","Defend_B","Zap+1","Cold Snap","White Noise","Defragment+1","Genetic Algorithm","Cold Snap","Genetic Algorithm+1","Consume"],"relics":["Cracked Core","NeowsBlessing","Whetstone","Omamori","Runic Pyramid","Shovel","Sundial","Bottled Tornado","Juzu Bracelet","Potion Belt"],"potions_floor_usage":[24,27,27],"damage_taken":[{"damage":0,"enemies":"Cultist","floor":1,"turns":1},{"damage":0,"enemies":"2 Louse","floor":2,"turns":1},{"damage":0,"enemies":"Small Slimes","floor":5,"turns":1},{"damage":26,"enemies":"Gremlin Nob","floor":7,"turns":4},{"damage":13,"enemies":"3 Louse","floor":8,"turns":4},{"damage":4,"enemies":"Blue Slaver","floor":10,"turns":3},{"damage":2,"enemies":"Exordium Wildlife","floor":11,"turns":3},{"damage":18,"enemies":"Exordium Thugs","floor":14,"turns":5},{"damage":15,"enemies":"The Guardian","floor":16,"turns":9},{"damage":7,"enemies":"Chosen","floor":18,"turns":4},{"damage":60,"enemies":"Gremlin Leader","floor":24,"turns":12},{"damage":55,"enemies":"Slavers","floor":27,"turns":5}],"seed_played":"4981069793951099133","potions_obtained":[{"floor":8,"key":"Energy Potion"},{"floor":11,"key":"LiquidBronze"},{"floor":18,"key":"EntropicBrew"},{"floor":24,"key":"Block Potion"}],"is_trial":false,"path_per_floor":["M","M","?","?","M","R","E","M","T","M","M","R","?","M","R","B",null,"M","?","$","?","T","R","E","R","T","E"],"character_chosen":"DEFECT","items_purchased":["Shovel"],"campfire_rested":3,"item_purchase_floors":[20],"current_hp_per_floor":[75,75,68,68,68,68,42,29,29,25,23,45,34,16,38,23,75,68,68,68,68,68,68,8,30,30,0],"gold":53,"neow_bonus":"THREE_ENEMY_KILL","is_prod":false,"is_daily":false,"chose_seed":false,"campfire_upgraded":1,"win_rate":0,"timestamp":1565482588,"path_taken":["M","?","?","?","?","R","E","M","T","M","M","R","?","M","R","BOSS","M","?","$","?","?","R","E","R","T","E"],"build_version":"2019-07-17","purchased_purges":0,"victory":false,"max_hp_per_floor":[75,75,75,75,75,75,75,75,75,75,75,75,75,75,75,75,75,75,75,75,75,75,75,75,75,75,75],"card_choices":[{"not_picked":["Redo","Recycle"],"picked":"Cold Snap","floor":1},{"not_picked":["Hologram","Barrage"],"picked":"White Noise","floor":2},{"not_picked":["Leap","Auto Shields"],"picked":"Defragment","floor":5},{"not_picked":["Darkness","Ball Lightning"],"picked":"Genetic Algorithm","floor":7},{"not_picked":["Undo","Redo"],"picked":"Cold Snap","floor":8},{"not_picked":["Conserve Battery","Gash","Doom and Gloom"],"picked":"SKIP","floor":10},{"not_picked":["Melter","Redo","Double Energy"],"picked":"SKIP","floor":11},{"not_picked":["Rebound","Leap","Steam Power"],"picked":"SKIP","floor":14},{"not_picked":["Beam Cell","Coolheaded"],"picked":"Genetic Algorithm+1","floor":18},{"not_picked":["Scrape","Skim"],"picked":"Consume","floor":24}],"player_experience":156144,"relics_obtained":[{"floor":7,"key":"Whetstone"},{"floor":9,"key":"Omamori"},{"floor":22,"key":"Sundial"},{"floor":23,"key":"Bottled Tornado"},{"floor":24,"key":"Juzu Bracelet"},{"floor":26,"key":"Potion Belt"}],"event_choices":[{"cards_removed":["Dualcast"],"damage_healed":0,"gold_gain":0,"player_choice":"Card Removal","damage_taken":7,"max_hp_gain":0,"max_hp_loss":0,"event_name":"Golden Wing","floor":3,"gold_loss":0},{"damage_healed":0,"gold_gain":0,"player_choice":"Upgraded","damage_taken":0,"max_hp_gain":0,"max_hp_loss":0,"event_name":"Upgrade Shrine","floor":4,"gold_loss":0,"cards_upgraded":["Zap"]},{"damage_healed":0,"gold_gain":75,"player_choice":"Gather Gold","damage_taken":11,"max_hp_gain":0,"max_hp_loss":0,"event_name":"World of Goop","floor":13,"gold_loss":0},{"damage_healed":0,"gold_gain":0,"player_choice":"Ignored","damage_taken":0,"max_hp_gain":0,"max_hp_loss":0,"event_name":"Vampires","floor":19,"gold_loss":0},{"damage_healed":0,"gold_gain":0,"player_choice":"Paid Fearfully","damage_taken":0,"max_hp_gain":0,"max_hp_loss":0,"event_name":"Masked Bandits","floor":21,"gold_loss":132}],"is_beta":false,"boss_relics":[{"not_picked":["Velvet Choker","Eternal Feather"],"picked":"Runic Pyramid"}],"items_purged_floors":[],"is_endless":false,"potions_floor_spawned":[8,11,18,24],"killed_by":"Slavers","ascension_level":3}