{"gold_per_floor":[166,166,178,190,190,190,226,37,63,63,76,76,76,89,89,185,185,203,203,27,47,70,70,90,90,90,90,115,115,138,138,138,227,227,250,69,402,31,49,49,49,49,119,136,136,136],"floor_reached":46,"playtime":2574,"items_purged":["Strike_B"],"score":886,"play_id":"e0134877-8c49-4509-9623-1f3b76a09824","local_time":"20181002052453","is_ascension_mode":true,"campfire_choices":[{"data":"Cold Snap","floor":6.0,"key":"SMITH"},{"data":"Buffer","floor":12.0,"key":"SMITH"},{"data":"Streamline","floor":15.0,"key":"SMITH"},{"data":"Hologram","floor":23.0,"key":"SMITH"},{"floor":25.0,"key":"REST"},{"data":"Turbo","floor":29.0,"key":"SMITH"},{"floor":32.0,"key":"REST"},{"data":"Buffer","floor":40.0,"key":"SMITH"},{"floor":42.0,"key":"REST"},{"data":"Glacier","floor":45.0,"key":"SMITH"}],"neow_cost":"NONE","seed_source_timestamp":1606963364639360,"circlet_count":0,"master_deck":["Strike_B","Strike_B","Defend_B","Defend_B+1","Defend_B","Defend_B+1","Zap+1","Dualcast","AscendersBane","FTL","Coolheaded","Auto Shields","Cold Snap+1","Gash","Gash+1","Bandage Up+1","Buffer+1","Streamline+1","Fission+1","Hologram+1","Hello World","Coolheaded","Turbo+1","Cold Snap","Buffer+1","Necronomicurse","Amplify","Ball Lightning+1","Capacitor+1","Glacier+1","Stack"],"special_seed":0,"relics":["Tiny House","Potion Belt","Anchor","White Beast Statue","War Paint","Blue Candle","Necronomicon","Nuclear Battery","Strawberry","Frozen Egg 2","Darkstone Periapt"],"potions_floor_usage":[46],"damage_taken":[{"damage":9.0,"enemies":"Small Slimes","floor":1.0,"turns":4.0},{"damage":0.0,"enemies":"Cultist","floor":3.0,"turns":5.0},{"damage":0.0,"enemies":"Jaw Worm","floor":4.0,"turns":3.0},{"damage":19.0,"enemies":"Gremlin Nob","floor":7.0,"turns":4.0},{"damage":1.0,"enemies":"Looter","floor":11.0,"turns":4.0},{"damage":0.0,"enemies":"Large Slime","floor":14.0,"turns":5.0},{"damage":3.0,"enemies":"Slime Boss","floor":16.0,"turns":10.0},{"damage":2.0,"enemies":"Chosen","floor":18.0,"turns":7.0},{"damage":5.0,"enemies":"3 Byrds","floor":21.0,"turns":8.0},{"damage":21.0,"enemies":"Shelled Parasite and Fungi","floor":22.0,"turns":8.0},{"damage":37.0,"enemies":"Chosen and Byrds","floor":24.0,"turns":10.0},{"damage":6.0,"enemies":"Centurion and Healer","floor":28.0,"turns":12.0},{"damage":11.0,"enemies":"Snake Plant","floor":30.0,"turns":7.0},{"damage":60.0,"enemies":"Champ","floor":33.0,"turns":15.0},{"damage":50.0,"enemies":"3 Darklings","floor":35.0,"turns":15.0},{"damage":0.0,"enemies":"3 Shapes","floor":39.0,"turns":6.0},{"damage":0.0,"enemies":"Jaw Worm Horde","floor":44.0,"turns":6.0},{"damage":61,"enemies":"Reptomancer","floor":46,"turns":13}],"seed_played":"4760373437522775643","potions_obtained":[{"floor":0.0,"key":"Fire Potion"},{"floor":1.0,"key":"Fire Potion"},{"floor":14.0,"key":"SteroidPotion"},{"floor":16.0,"key":"Block Potion"},{"floor":18.0,"key":"SneckoOil"},{"floor":21.0,"key":"FearPotion"},{"floor":22.0,"key":"Fruit Juice"},{"floor":24.0,"key":"PowerPotion"},{"floor":27.0,"key":"Regen Potion"},{"floor":27.0,"key":"SpeedPotion"},{"floor":28.0,"key":"Strength Potion"},{"floor":33.0,"key":"FocusPotion"},{"floor":35.0,"key":"Strength Potion"},{"floor":39.0,"key":"Strength Potion"},{"floor":44.0,"key":"Fire Potion"}],"is_trial":false,"path_per_floor":["M","?","M","M","?","R","E","$","T","?","M","R","?","M","R","B",null,"M","?","$","M","M","R","M","R","T","?","M","R","M","?","R","B",null,"M","$","?","$","M","R","?","R","T","M","R"],"character_chosen":"DEFECT","items_purchased":["Bandage Up","War Paint","Strawberry","Frozen Egg 2","Capacitor+1"],"campfire_rested":3,"item_purchase_floors":[8,20,36,38,38],"current_hp_per_floor":[60,60,60,60,60,60,41,41,41,41,46,46,25,31,31,34,60,64,64,64,64,49,54,23,45,45,45,60,60,55,34,56,2,56,12,19,19,19,25,25,25,49,49,55,55,0],"gold":136,"neow_bonus":"BOSS_RELIC","is_prod":false,"is_daily":false,"chose_seed":false,"campfire_upgraded":7,"win_rate":0,"timestamp":1538483093,"path_taken":["M","?","M","?","?","R","E","$","T","?","?","R","?","M","R","BOSS","M","?","?","?","?","R","M","R","T","?","M","R","?","?","R","BOSS","M","$","?","?","M","R","?","R","T","?","R","M"],"build_version":"2018-10-01","purchased_purges":1,"victory":false,"max_hp_per_floor":[76,76,76,76,69,69,69,69,69,69,69,69,69,69,69,69,69,69,69,69,69,69,74,74,74,74,74,74,74,74,74,74,74,74,74,81,81,81,81,81,81,81,81,81,81,81],"card_choices":[{"not_picked":["Compile Driver","Fusion"],"picked":"FTL","floor":0.0},{"not_picked":["Rebound","Steam"],"picked":"Coolheaded","floor":1.0},{"not_picked":["Go for the Eyes","Barrage"],"picked":"Cold Snap","floor":3.0},{"not_picked":["Steam","Static Discharge"],"picked":"Gash","floor":4.0},{"not_picked":["Compile Driver","Recycle"],"picked":"Gash","floor":7.0},{"not_picked":["Ball Lightning","Genetic Algorithm"],"picked":"Buffer","floor":11.0},{"not_picked":["Force Field","Fusion"],"picked":"Streamline","floor":14.0},{"not_picked":["Seek","Meteor Strike"],"picked":"Fission","floor":16.0},{"not_picked":["Steam","Recycle"],"picked":"Hologram","floor":18.0},{"not_picked":["Storm","Static Discharge"],"picked":"Hello World","floor":21.0},{"not_picked":["Compile Driver","Fusion"],"picked":"Coolheaded","floor":22.0},{"not_picked":["Chaos","Darkness"],"picked":"Turbo","floor":24.0},{"not_picked":["Hologram","Undo"],"picked":"Cold Snap","floor":28.0},{"not_picked":["Melter","Leap"],"picked":"Buffer","floor":30.0},{"not_picked":["Creative AI","Hyperbeam"],"picked":"Amplify","floor":33.0},{"not_picked":["Undo","Skim"],"picked":"Ball Lightning+1","floor":35.0},{"not_picked":["Coolheaded","Conserve Battery"],"picked":"Glacier","floor":39.0},{"not_picked":["Leap","Sweeping Beam"],"picked":"Stack","floor":44.0}],"player_experience":2464379,"relics_obtained":[{"floor":7.0,"key":"Potion Belt"},{"floor":9.0,"key":"Anchor"},{"floor":26.0,"key":"Blue Candle"},{"floor":31.0,"key":"Necronomicon"},{"floor":43.0,"key":"Darkstone Periapt"}],"event_choices":[{"event_name":"Living Wall","player_choice":"Change","floor":2.0,"damage_taken":0.0},{"event_name":"Golden Idol","player_choice":"Lose Max HP","floor":5.0,"damage_taken":0.0},{"event_name":"Upgrade Shrine","player_choice":"Upgraded","floor":10.0,"damage_taken":0.0},{"event_name":"Shining Light","player_choice":"Entered Light","floor":13.0,"damage_taken":0.0},{"event_name":"Vampires","player_choice":"Ignored","floor":19.0,"damage_taken":0.0},{"event_name":"The Lab","player_choice":"Got Potions","floor":27.0,"damage_taken":0.0},{"event_name":"Cursed Tome","player_choice":"Obtained Book","floor":31.0,"damage_taken":0.0},{"event_name":"The Moai Head","player_choice":"Gave Idol","floor":37.0,"damage_taken":0.0},{"event_name":"Mysterious Sphere","player_choice":"Ignore","floor":41.0,"damage_taken":0.0}],"is_beta":true,"boss_relics":[{"not_picked":["Orrery","Eternal Feather"],"picked":"White Beast Statue"},{"not_picked":["Snecko Eye","Runic Pyramid"],"picked":"Nuclear Battery"}],"items_purged_floors":[8],"is_endless":false,"potions_floor_spawned":[1,4,14,16,18,21,22,24,28,30,33,35,39,44],"killed_by":"Reptomancer","ascension_level":20}