{"gold_per_floor":[110,185,135,86,86,86,118,118,144,170,185,199,234,252,252,349,349,359,359,359,284,363,363,396,136,136,152,166,166,176,204,204,301,301,314,325,325,325,343,368,368,179,204,204],"floor_reached":44,"playtime":2093,"items_purged":["Strike_R","Strike_R"],"score":722,"play_id":"7b8e0fca-537b-49c6-bbbf-da97c358c4af","local_time":"20190830190710","is_ascension_mode":true,"campfire_choices":[{"data":"Rupture","floor":6,"key":"SMITH"},{"data":"Disarm","floor":8,"key":"SMITH"},{"data":"Evolve","floor":15,"key":"SMITH"},{"data":"Barricade","floor":23,"key":"SMITH"},{"data":"Panacea","floor":29,"key":"SMITH"},{"data":"J.A.X.","floor":32,"key":"SMITH"},{"floor":41,"key":"REST"}],"neow_cost":"CURSE","seed_source_timestamp":4195596530201,"circlet_count":0,"master_deck":["Strike_R","Strike_R","Strike_R","Defend_R","Defend_R","Defend_R","Defend_R","Bash","Immolate+1","Rupture+1","Shrug It Off","Disarm+1","Flame Barrier","Thunderclap","Power Through","Battle Trance","Evolve+1","Barricade+1","Pommel Strike+1","J.A.X.+1","Offering","Wild Strike+1","Headbutt+1","Panacea+1","Body Slam+1","Entrench+1","True Grit+1","Disarm","Shockwave+1","Juggernaut","Madness","Madness","Sever Soul+1","Power Through+1","Bloodletting","Doubt"],"relics":["Burning Blood","PreservedInsect","Strawberry","Molten Egg 2","Philosopher\u0027s Stone","Tiny Chest","Bag of Marbles","Nunchaku","Sundial","Cursed Key","Art of War","Lantern","Bronze Scales"],"potions_floor_usage":[10,18,24,27,30,31,33,44],"damage_taken":[{"damage":20,"enemies":"Jaw Worm","floor":1,"turns":6},{"damage":7,"enemies":"3 Sentries","floor":7,"turns":4},{"damage":16,"enemies":"Gremlin Nob","floor":10,"turns":3},{"damage":0,"enemies":"2 Louse","floor":11,"turns":3},{"damage":0,"enemies":"Cultist","floor":12,"turns":3},{"damage":0,"enemies":"3 Sentries","floor":13,"turns":2},{"damage":0,"enemies":"3 Louse","floor":14,"turns":2},{"damage":51,"enemies":"Hexaghost","floor":16,"turns":13},{"damage":0,"enemies":"Shell Parasite","floor":18,"turns":7},{"damage":17,"enemies":"Gremlin Leader","floor":24,"turns":4},{"damage":10,"enemies":"Chosen","floor":27,"turns":3},{"damage":6,"enemies":"Sentry and Sphere","floor":28,"turns":3},{"damage":0,"enemies":"Cultist and Chosen","floor":30,"turns":5},{"damage":10,"enemies":"Book of Stabbing","floor":31,"turns":3},{"damage":51,"enemies":"Collector","floor":33,"turns":8},{"damage":0,"enemies":"Orb Walker","floor":35,"turns":3},{"damage":0,"enemies":"3 Shapes","floor":36,"turns":5},{"damage":42,"enemies":"Maw","floor":39,"turns":7},{"damage":28,"enemies":"Reptomancer","floor":40,"turns":5},{"damage":54,"enemies":"Nemesis","floor":44,"turns":3}],"seed_played":"7425013460217569000","potions_obtained":[{"floor":7,"key":"Energy Potion"},{"floor":11,"key":"Block Potion"},{"floor":14,"key":"SpeedPotion"},{"floor":16,"key":"SkillPotion"},{"floor":24,"key":"Fruit Juice"},{"floor":27,"key":"GamblersBrew"},{"floor":30,"key":"SkillPotion"},{"floor":31,"key":"SteroidPotion"},{"floor":39,"key":"GamblersBrew"}],"is_trial":false,"path_per_floor":["M","?","?","$","?","R","E","R","T","E","M","M","E","M","R","B",null,"M","?","?","$","T","R","E","$","T","M","M","R","M","E","R","B",null,"M","M","?","?","M","E","R","$","T","E"],"character_chosen":"IRONCLAD","items_purchased":["Shrug It Off","Wild Strike+1","Headbutt+1","Panacea","Lantern","Bloodletting"],"campfire_rested":1,"item_purchase_floors":[4,25,25,25,42,42],"current_hp_per_floor":[58,47,47,47,47,47,46,46,46,43,49,55,61,67,67,22,71,77,77,60,60,60,60,49,49,49,50,50,50,56,52,52,7,75,81,87,75,75,39,17,46,46,46,0],"gold":204,"neow_bonus":"THREE_RARE_CARDS","is_prod":false,"is_daily":false,"chose_seed":false,"campfire_upgraded":6,"win_rate":0,"timestamp":1567159630,"path_taken":["M","?","?","$","?","R","E","R","T","E","M","M","E","?","R","BOSS","M","?","?","?","?","R","E","$","T","M","M","R","?","E","R","BOSS","M","M","?","?","M","E","R","$","T","E"],"build_version":"2019-07-17","purchased_purges":2,"victory":false,"max_hp_per_floor":[80,80,80,80,80,80,80,80,80,87,87,87,87,87,87,87,87,87,87,92,92,92,92,92,92,92,97,97,97,97,97,97,97,97,97,97,97,97,97,97,97,97,97,97],"card_choices":[{"not_picked":["Juggernaut","Bludgeon"],"picked":"Immolate","floor":0},{"not_picked":["Pommel Strike","Infernal Blade"],"picked":"Rupture","floor":1},{"not_picked":["Burning Pact","Blood for Blood"],"picked":"Disarm","floor":7},{"not_picked":["Twin Strike","Body Slam"],"picked":"Flame Barrier","floor":10},{"not_picked":["Perfected Strike","Warcry"],"picked":"Thunderclap","floor":11},{"not_picked":["Flex","Dropkick"],"picked":"Power Through","floor":12},{"not_picked":["Body Slam","Flex"],"picked":"Battle Trance","floor":13},{"not_picked":["Shrug It Off","Clash+1"],"picked":"Evolve","floor":14},{"not_picked":["Impervious","Double Tap"],"picked":"Barricade","floor":16},{"not_picked":["Ghostly Armor","Warcry"],"picked":"Pommel Strike+1","floor":18},{"not_picked":["Headbutt+1","Thunderclap+1"],"picked":"Offering","floor":24},{"not_picked":["Heavy Blade+1","Cleave+1"],"picked":"Body Slam+1","floor":27},{"not_picked":["Armaments","Havoc"],"picked":"Entrench+1","floor":28},{"not_picked":["Ghostly Armor","Spot Weakness+1"],"picked":"True Grit","floor":30},{"not_picked":["Body Slam+1","Searing Blow+1"],"picked":"Disarm","floor":31},{"not_picked":["Perfected Strike+1","Wild Strike+1"],"picked":"Shockwave+1","floor":35},{"not_picked":["Sword Boomerang+1","Rupture"],"picked":"Juggernaut","floor":36},{"not_picked":["Body Slam+1","Dual Wield"],"picked":"Sever Soul+1","floor":39},{"not_picked":["Shockwave","Warcry"],"picked":"Power Through+1","floor":40}],"player_experience":266579,"relics_obtained":[{"floor":7,"key":"PreservedInsect"},{"floor":10,"key":"Strawberry"},{"floor":13,"key":"Molten Egg 2"},{"floor":22,"key":"Tiny Chest"},{"floor":24,"key":"Bag of Marbles"},{"floor":26,"key":"Nunchaku"},{"floor":31,"key":"Sundial"},{"floor":40,"key":"Art of War"},{"floor":43,"key":"Bronze Scales"}],"event_choices":[{"damage_healed":0,"gold_gain":75,"player_choice":"Gather Gold","damage_taken":11,"max_hp_gain":0,"max_hp_loss":0,"event_name":"World of Goop","floor":2,"gold_loss":0},{"cards_removed":["Doubt"],"damage_healed":0,"gold_gain":0,"player_choice":"Card Removal","damage_taken":0,"max_hp_gain":0,"max_hp_loss":0,"event_name":"The Cleric","floor":3,"gold_loss":50},{"damage_healed":0,"gold_gain":0,"player_choice":"Upgraded","damage_taken":0,"max_hp_gain":0,"max_hp_loss":0,"event_name":"Upgrade Shrine","floor":5,"gold_loss":0,"cards_upgraded":["Immolate"]},{"damage_healed":0,"gold_gain":0,"player_choice":"Obtain J.A.X.","damage_taken":0,"max_hp_gain":0,"max_hp_loss":0,"event_name":"Drug Dealer","floor":19,"gold_loss":0,"cards_obtained":["J.A.X."]},{"damage_healed":0,"gold_gain":0,"player_choice":"Shed Blood","damage_taken":22,"max_hp_gain":5,"max_hp_loss":0,"event_name":"Forgotten Altar","floor":20,"gold_loss":0},{"damage_healed":0,"gold_gain":0,"player_choice":"Embrace Madness","damage_taken":12,"max_hp_gain":0,"max_hp_loss":0,"event_name":"Winding Halls","floor":37,"gold_loss":0,"cards_obtained":["Madness","Madness"]},{"damage_healed":0,"gold_gain":0,"player_choice":"Forge","damage_taken":0,"max_hp_gain":0,"max_hp_loss":0,"event_name":"Accursed Blacksmith","floor":38,"gold_loss":0,"cards_upgraded":["True Grit"]}],"is_beta":false,"boss_relics":[{"not_picked":["Runic Dome","Runic Pyramid"],"picked":"Philosopher\u0027s Stone"},{"not_picked":["Empty Cage","Fusion Hammer"],"picked":"Cursed Key"}],"items_purged_floors":[21,25],"is_endless":false,"potions_floor_spawned":[7,11,14,16,24,27,30,31,39],"killed_by":"Nemesis","ascension_level":6}