{"gold_per_floor":[113,33,33,33,33,71,91,116,116,155,176,197,197,122,122,215,215,238,257,257,257],"floor_reached":21,"playtime":565,"items_purged":["Strike_G"],"score":428,"play_id":"00be9888-7d82-4c77-9aba-7c4272254009","local_time":"20190831135023","is_ascension_mode":true,"campfire_choices":[{"data":"Noxious Fumes","floor":13,"key":"SMITH"},{"data":"Crippling Poison","floor":15,"key":"SMITH"}],"neow_cost":"NONE","seed_source_timestamp":1265896100287232,"circlet_count":0,"master_deck":["AscendersBane","Strike_G","Strike_G","Defend_G","Defend_G","Defend_G","Defend_G","Defend_G","Survivor","Neutralize","Dash","Backstab","Deadly Poison","Noxious Fumes+1","Crippling Poison+1","Dagger Throw","PiercingWail","Writhe"],"relics":["Ring of the Snake","NeowsBlessing","Golden Idol","Turnip","Pantograph","WingedGreaves","Velvet Choker","Smiling Mask"],"potions_floor_usage":[10,12,21],"damage_taken":[{"damage":0,"enemies":"Small Slimes","floor":1,"turns":1},{"damage":0,"enemies":"Lagavulin","floor":6,"turns":1},{"damage":0,"enemies":"Jaw Worm","floor":7,"turns":1},{"damage":0,"enemies":"Cultist","floor":8,"turns":3},{"damage":24,"enemies":"3 Sentries","floor":10,"turns":8},{"damage":13,"enemies":"Large Slime","floor":11,"turns":9},{"damage":1,"enemies":"Looter","floor":12,"turns":3},{"damage":34,"enemies":"Hexaghost","floor":16,"turns":10},{"damage":20,"enemies":"Chosen","floor":18,"turns":5},{"damage":22,"enemies":"3 Byrds","floor":19,"turns":6},{"damage":0,"enemies":"Snake Plant","floor":21,"turns":4}],"seed_played":"2655526036561505223","potions_obtained":[{"floor":1,"key":"Energy Potion"},{"floor":8,"key":"Energy Potion"},{"floor":19,"key":"Block Potion"}],"is_trial":false,"path_per_floor":["M","$","?","?","?","E","M","M","T","E","M","M","R","$","R","B",null,"M","M","?","M"],"character_chosen":"THE_SILENT","items_purchased":["Backstab"],"campfire_rested":0,"item_purchase_floors":[2],"current_hp_per_floor":[59,59,59,52,52,52,52,52,52,28,15,14,14,14,14,5,46,26,4,4,4],"gold":257,"neow_bonus":"THREE_ENEMY_KILL","is_prod":false,"is_daily":false,"chose_seed":false,"campfire_upgraded":2,"win_rate":0,"timestamp":1567273823,"path_taken":["M","$","?","?","?","E","M","M","T","E","?","M","R","$","R","BOSS","M","M","?","M"],"build_version":"2019-07-17","purchased_purges":1,"victory":false,"max_hp_per_floor":[66,66,60,60,60,60,60,60,60,60,60,60,60,60,60,60,60,60,60,60,60],"card_choices":[{"not_picked":["Terror","Predator"],"picked":"Dash","floor":1},{"not_picked":["All Out Attack","Die Die Die"],"picked":"Deadly Poison","floor":6},{"not_picked":["Dagger Throw","Blade Dance"],"picked":"Noxious Fumes","floor":7},{"not_picked":["Sucker Punch","Dodge and Roll"],"picked":"Crippling Poison","floor":8},{"not_picked":["Outmaneuver","Slice"],"picked":"Dagger Throw","floor":10},{"not_picked":["Slice","Deadly Poison","Bouncing Flask"],"picked":"SKIP","floor":11},{"not_picked":["Underhanded Strike","Poisoned Stab"],"picked":"PiercingWail","floor":12},{"not_picked":["Underhanded Strike","Sucker Punch","Outmaneuver"],"picked":"SKIP","floor":18},{"not_picked":["Dodge and Roll","Deadly Poison","Riddle With Holes"],"picked":"SKIP","floor":19}],"player_experience":619213,"relics_obtained":[{"floor":6,"key":"Turnip"},{"floor":9,"key":"Pantograph"},{"floor":10,"key":"WingedGreaves"}],"event_choices":[{"damage_healed":0,"gold_gain":0,"player_choice":"Lose Max HP","damage_taken":0,"relics_obtained":["Golden Idol"],"max_hp_gain":0,"max_hp_loss":6,"event_name":"Golden Idol","floor":3,"gold_loss":0},{"cards_removed":["Strike_G"],"damage_healed":0,"gold_gain":0,"player_choice":"Card Removal","damage_taken":7,"max_hp_gain":0,"max_hp_loss":0,"event_name":"Golden Wing","floor":4,"gold_loss":0},{"cards_removed":["Strike_G"],"damage_healed":0,"gold_gain":0,"player_choice":"Card Removal","damage_taken":0,"max_hp_gain":0,"max_hp_loss":0,"event_name":"Wheel of Change","floor":5,"gold_loss":0},{"damage_healed":0,"gold_gain":0,"player_choice":"Opened","damage_taken":0,"relics_obtained":["Smiling Mask"],"max_hp_gain":0,"max_hp_loss":0,"event_name":"The Mausoleum","floor":20,"gold_loss":0,"cards_obtained":["Writhe"]}],"is_beta":false,"boss_relics":[{"not_picked":["Fusion Hammer","Busted Crown"],"picked":"Velvet Choker"}],"items_purged_floors":[14],"is_endless":false,"potions_floor_spawned":[1,8,19],"killed_by":"Snake Plant","ascension_level":20}