{"gold_per_floor":[11,11,30,41,316,316,327,327,354,354,388,25,39,56,56,130,130,149,9,9,9,21,21,31,31,31,43,67,96,208,230,242,329,341,372,396,408,339,353,353,353,407,407,425,425,425,43,59,59,59],"floor_reached":50,"playtime":2825,"items_purged":["Regret","Normality"],"score":938,"play_id":"372a339b-1970-436a-89f2-5c376dc44e7e","local_time":"20181016213538","is_ascension_mode":true,"campfire_choices":[{"data":"Beam Cell","floor":6,"key":"SMITH"},{"data":"Cold Snap","floor":8,"key":"SMITH"},{"data":"Beam Cell","floor":10,"key":"SMITH"},{"data":"Defragment","floor":15,"key":"SMITH"},{"data":"Apotheosis","floor":23,"key":"SMITH"},{"data":"Coolheaded","floor":25,"key":"SMITH"},{"floor":27,"key":"REST"},{"floor":32,"key":"REST"},{"data":"Fission","floor":40,"key":"SMITH"},{"floor":46,"key":"REST"},{"floor":49,"key":"REST"}],"neow_cost":"NO_GOLD","seed_source_timestamp":534661090460868,"circlet_count":0,"master_deck":["Strike_B","Strike_B","Strike_B","Defend_B","Defend_B","Defend_B","Defend_B","Zap+1","Dualcast","AscendersBane","Gash","Beam Cell+1","Beam Cell+1","Ball Lightning","Apotheosis+1","Defragment+1","Streamline","Coolheaded+1","All For One","Glacier","Deep Breath","Turbo","Steam Power","Coolheaded+1","Compile Driver","Conserve Battery","Hologram+1","Reboot","Coolheaded","Fission+1","Cold Snap","Stack","Capacitor+1","Stack","Pain","Chill+1","Glacier+1"],"relics":["Cracked Core","Potion Belt","Lantern","Runic Dome","MawBank","Du-Vu Doll","Pantograph","Cursed Key","DataDisk","Toxic Egg 2","Bottled Tornado"],"potions_floor_usage":[16,30,30,30,48,50,50],"damage_taken":[{"damage":0,"enemies":"Small Slimes","floor":1,"turns":3},{"damage":1,"enemies":"2 Louse","floor":3,"turns":2},{"damage":0,"enemies":"Cultist","floor":4,"turns":4},{"damage":10,"enemies":"Blue Slaver","floor":7,"turns":2},{"damage":19,"enemies":"Lagavulin","floor":11,"turns":4},{"damage":12,"enemies":"Lots of Slimes","floor":13,"turns":3},{"damage":5,"enemies":"2 Fungi Beasts","floor":14,"turns":2},{"damage":20,"enemies":"The Guardian","floor":16,"turns":9},{"damage":0,"enemies":"Chosen","floor":18,"turns":3},{"damage":0,"enemies":"Spheric Guardian","floor":22,"turns":3},{"damage":1,"enemies":"Centurion and Healer","floor":24,"turns":5},{"damage":0,"enemies":"Cultist and Chosen","floor":28,"turns":5},{"damage":27,"enemies":"Snecko","floor":29,"turns":7},{"damage":17,"enemies":"Colosseum Slavers","floor":30,"turns":5},{"damage":3,"enemies":"Colosseum Nobs","floor":30,"turns":5},{"damage":26,"enemies":"Shelled Parasite and Fungi","floor":31,"turns":4},{"damage":52,"enemies":"Automaton","floor":33,"turns":8},{"damage":0,"enemies":"3 Shapes","floor":35,"turns":3},{"damage":0,"enemies":"Orb Walker","floor":36,"turns":4},{"damage":17,"enemies":"4 Shapes","floor":39,"turns":6},{"damage":23,"enemies":"Maw","floor":44,"turns":8},{"damage":11,"enemies":"Reptomancer","floor":48,"turns":7},{"damage":90,"enemies":"Time Eater","floor":50,"turns":14}],"seed_played":"-9050191794857160470","potions_obtained":[{"floor":4,"key":"Swift Potion"},{"floor":7,"key":"SpeedPotion"},{"floor":11,"key":"PowerPotion"},{"floor":14,"key":"PowerPotion"},{"floor":28,"key":"Fire Potion"},{"floor":29,"key":"PowerPotion"},{"floor":33,"key":"Block Potion"},{"floor":35,"key":"Fire Potion"},{"floor":44,"key":"FearPotion"}],"is_trial":false,"path_per_floor":["M","?","M","M","?","R","M","R","T","R","E","$","M","M","R","B",null,"M","$","?","?","M","R","M","R","T","R","M","M","?","M","R","B",null,"M","M","?","$","M","R","?","T","T","M","?","R","$","M","R"],"character_chosen":"DEFECT","items_purchased":["Apotheosis","Defragment","Deep Breath","Turbo","Capacitor","Bottled Tornado"],"campfire_rested":4,"item_purchase_floors":[12,12,19,19,38,47],"current_hp_per_floor":[78,78,77,77,77,77,67,67,67,67,48,48,36,31,31,11,67,67,67,67,67,67,67,66,66,66,85,85,58,38,12,37,10,66,66,66,66,66,49,49,49,49,49,26,26,51,51,40,65,0],"gold":59,"neow_bonus":"TWENTY_PERCENT_HP_BONUS","is_prod":false,"is_daily":false,"chose_seed":false,"campfire_upgraded":7,"win_rate":0,"timestamp":1539750938,"path_taken":["M","?","?","M","?","R","M","R","T","R","E","$","?","M","R","BOSS","M","$","?","?","M","R","M","R","T","R","M","M","?","?","R","BOSS","M","M","?","$","M","R","?","?","T","M","?","R","$","M","R","BOSS"],"build_version":"2018-10-15v2","purchased_purges":2,"victory":false,"max_hp_per_floor":[85,85,85,85,85,85,85,85,85,85,85,85,85,85,85,85,85,85,85,85,85,85,85,85,85,85,85,85,85,85,85,85,85,85,85,85,85,85,85,85,85,85,85,85,85,85,85,85,85,85],"card_choices":[{"not_picked":["Chaos","Loop"],"picked":"Cold Snap","floor":1},{"not_picked":["Redo","Doom and Gloom"],"picked":"Gash","floor":3},{"not_picked":["Redo","Undo"],"picked":"Beam Cell","floor":4},{"not_picked":["Barrage","Force Field"],"picked":"Beam Cell","floor":7},{"not_picked":["Amplify","Meteor Strike"],"picked":"Ball Lightning","floor":11},{"not_picked":["Turbo","Heatsinks"],"picked":"Streamline","floor":13},{"not_picked":["Barrage","Ball Lightning"],"picked":"Coolheaded","floor":14},{"not_picked":["Creative AI","Reboot"],"picked":"All For One","floor":16},{"not_picked":["Storm","Heatsinks"],"picked":"Glacier","floor":18},{"not_picked":["Ball Lightning","Undo"],"picked":"Coolheaded","floor":22},{"not_picked":["Stack","Darkness"],"picked":"Compile Driver","floor":24},{"not_picked":["Fusion","Rebound"],"picked":"Conserve Battery","floor":28},{"not_picked":["Leap+1","Redo"],"picked":"Hologram+1","floor":29},{"not_picked":["Recycle","Undo"],"picked":"Reboot","floor":30},{"not_picked":["Streamline","Reinforced Body"],"picked":"Coolheaded","floor":31},{"not_picked":["Amplify","Buffer"],"picked":"Fission","floor":33},{"not_picked":["Darkness","Tempest"],"picked":"Cold Snap","floor":35},{"not_picked":["Leap","Go for the Eyes"],"picked":"Stack","floor":36},{"not_picked":["Rebound","Beam Cell"],"picked":"Stack","floor":39},{"not_picked":["Beam Cell","Redo+1"],"picked":"Chill+1","floor":44},{"not_picked":["Machine Learning","Auto Shields+1"],"picked":"Glacier+1","floor":48}],"player_experience":2561308,"relics_obtained":[{"floor":9,"key":"Potion Belt"},{"floor":11,"key":"Lantern"},{"floor":26,"key":"MawBank"},{"floor":30,"key":"Du-Vu Doll"},{"floor":30,"key":"Pantograph"},{"floor":42,"key":"DataDisk"},{"floor":43,"key":"Toxic Egg 2"}],"event_choices":[{"event_name":"Living Wall","player_choice":"Grow","floor":2,"damage_taken":0},{"event_name":"Golden Shrine","player_choice":"Desecrate","floor":5,"damage_taken":0},{"event_name":"N\u0027loth","player_choice":"Ignored","floor":20,"damage_taken":0},{"event_name":"Transmorgrifier","player_choice":"Transform","floor":21,"damage_taken":0},{"event_name":"Colosseum","player_choice":"Fight","floor":30,"damage_taken":0},{"event_name":"Colosseum","player_choice":"Fought Nobs","floor":30,"damage_taken":0},{"event_name":"Falling","player_choice":"Removed Attack","floor":37,"damage_taken":0},{"event_name":"Upgrade Shrine","player_choice":"Upgraded","floor":41,"damage_taken":0},{"event_name":"Accursed Blacksmith","player_choice":"Forge","floor":45,"damage_taken":0}],"is_beta":true,"boss_relics":[{"not_picked":["White Beast Statue","Coffee Dripper"],"picked":"Runic Dome"},{"not_picked":["Black Star","Sozu"],"picked":"Cursed Key"}],"items_purged_floors":[12,47],"is_endless":false,"potions_floor_spawned":[4,7,11,14,28,29,33,35,44],"killed_by":"Time Eater","ascension_level":20}