{"gold_per_floor":[109,34,44,44,44,44,74,74,74,94,44,61,61,61,61,160,160,176,192,207,107,126,126,126],"floor_reached":24,"playtime":1333,"items_purged":["Strike_R","Strike_R"],"score":265,"play_id":"f923ddac-4575-478f-958d-cecb46ae4aef","local_time":"20190901155250","is_ascension_mode":true,"campfire_choices":[{"data":"Bash","floor":6,"key":"SMITH"},{"data":"Shrug It Off","floor":13,"key":"SMITH"},{"data":"Thunderclap","floor":15,"key":"SMITH"},{"data":"Sword Boomerang","floor":23,"key":"SMITH"}],"neow_cost":"NONE","seed_source_timestamp":491355726623268,"circlet_count":0,"master_deck":["Strike_R","Strike_R+1","Defend_R","Defend_R","Defend_R","Defend_R+1","Bash+1","Thunderclap+1","Shrug It Off+1","Pummel","Barricade","Rage+1","Spot Weakness+1","Thunderclap+1","Sword Boomerang+1"],"relics":["Black Blood","NeowsBlessing","Juzu Bracelet","Blue Candle","Happy Flower","Toxic Egg 2"],"potions_floor_usage":[16,20,22],"damage_taken":[{"damage":0,"enemies":"Jaw Worm","floor":1,"turns":1},{"damage":0,"enemies":"2 Louse","floor":3,"turns":1},{"damage":0,"enemies":"Gremlin Nob","floor":7,"turns":1},{"damage":0,"enemies":"Small Slimes","floor":10,"turns":3},{"damage":2,"enemies":"Red Slaver","floor":12,"turns":4},{"damage":44,"enemies":"Slime Boss","floor":16,"turns":12},{"damage":34,"enemies":"Chosen","floor":18,"turns":5},{"damage":33,"enemies":"Spheric Guardian","floor":19,"turns":6},{"damage":20,"enemies":"Shelled Parasite and Fungi","floor":20,"turns":6},{"damage":8,"enemies":"Centurion and Healer","floor":22,"turns":5},{"damage":29,"enemies":"Slavers","floor":24,"turns":2}],"seed_played":"5907171840795639679","potions_obtained":[{"floor":3,"key":"GamblersBrew"},{"floor":10,"key":"Strength Potion"},{"floor":18,"key":"SteroidPotion"},{"floor":19,"key":"Explosive Potion"}],"is_trial":false,"path_per_floor":["M","$","M","?","?","R","E","?","T","M","?","M","R","?","R","B",null,"M","M","M","$","M","R","E"],"character_chosen":"IRONCLAD","items_purchased":[],"campfire_rested":0,"item_purchase_floors":[],"current_hp_per_floor":[80,80,80,77,61,61,67,67,67,73,73,77,77,80,80,42,80,56,33,23,23,25,25,0],"gold":126,"neow_bonus":"THREE_ENEMY_KILL","is_prod":false,"is_daily":false,"chose_seed":false,"campfire_upgraded":4,"win_rate":0,"timestamp":1567345970,"path_taken":["M","$","M","?","?","R","E","?","T","M","?","M","R","?","R","BOSS","M","M","M","$","M","R","E"],"build_version":"2019-07-17","purchased_purges":2,"victory":false,"max_hp_per_floor":[80,80,80,80,80,80,80,80,80,80,80,80,80,80,80,80,80,80,80,80,80,80,80,80],"card_choices":[{"not_picked":["Headbutt","Clash"],"picked":"Thunderclap","floor":1},{"not_picked":["Warcry","Clash","Havoc"],"picked":"SKIP","floor":3},{"not_picked":["Battle Trance","Clothesline"],"picked":"Shrug It Off","floor":7},{"not_picked":["Wild Strike","Uppercut"],"picked":"Pummel","floor":10},{"not_picked":["Juggernaut","Twin Strike"],"picked":"Ghostly Armor+1","floor":12},{"not_picked":["Reaper","Dark Embrace"],"picked":"Barricade","floor":16},{"not_picked":["Ghostly Armor+1","Wild Strike+1"],"picked":"Rage+1","floor":18},{"not_picked":["Pommel Strike","Second Wind+1"],"picked":"Spot Weakness+1","floor":19},{"not_picked":["True Grit+1","Feed"],"picked":"Thunderclap+1","floor":20},{"not_picked":["Warcry+1","Power Through+1"],"picked":"Sword Boomerang","floor":22}],"player_experience":127709,"relics_obtained":[{"floor":7,"key":"Blue Candle"},{"floor":9,"key":"Toxic Egg 2"}],"event_choices":[{"damage_healed":0,"gold_gain":0,"player_choice":"Success","damage_taken":3,"relics_obtained":["Juzu Bracelet"],"max_hp_gain":0,"max_hp_loss":0,"event_name":"Scrap Ooze","floor":4,"gold_loss":0},{"damage_healed":0,"gold_gain":0,"player_choice":"Entered Light","damage_taken":16,"max_hp_gain":0,"max_hp_loss":0,"event_name":"Shining Light","floor":5,"gold_loss":0,"cards_upgraded":["Strike_R","Defend_R"]},{"damage_healed":0,"gold_gain":0,"player_choice":"Gave Potion","damage_taken":0,"relics_obtained":["Happy Flower"],"max_hp_gain":0,"max_hp_loss":0,"event_name":"WeMeetAgain","floor":8,"gold_loss":0},{"cards_removed":["Strike_R"],"damage_healed":0,"gold_gain":0,"player_choice":"Card Removal","damage_taken":0,"max_hp_gain":0,"max_hp_loss":0,"event_name":"The Cleric","floor":11,"gold_loss":50},{"cards_removed":["Ghostly Armor"],"damage_healed":3,"gold_gain":0,"player_choice":"Offered Uncommon","damage_taken":0,"max_hp_gain":0,"max_hp_loss":0,"event_name":"Bonfire Elementals","floor":14,"gold_loss":0}],"is_beta":false,"boss_relics":[{"not_picked":["Fusion Hammer","Mark of Pain"],"picked":"Black Blood"}],"items_purged_floors":[2,21],"is_endless":false,"potions_floor_spawned":[3,10,18,19],"killed_by":"Slavers","ascension_level":4}