{"gold_per_floor":[111,121,121,121,46,70,11,11],"floor_reached":8,"playtime":123,"items_purged":[],"score":87,"play_id":"08f670a5-3a98-4415-8912-349fffb4424f","local_time":"20190511193931","is_ascension_mode":true,"campfire_choices":[],"neow_cost":"NONE","seed_source_timestamp":88466151670854,"circlet_count":0,"master_deck":["AscendersBane","Strike_B","Strike_B","Strike_B","Strike_B","Defend_B","Defend_B","Defend_B","Defend_B","Zap","Dualcast","Defragment+1","Coolheaded","Reinforced Body","Coolheaded"],"special_seed":0,"relics":["Cracked Core","Lantern","Golden Idol"],"potions_floor_usage":[8],"damage_taken":[{"damage":4.0,"enemies":"Small Slimes","floor":1.0,"turns":3.0},{"damage":14.0,"enemies":"Jaw Worm","floor":2.0,"turns":5.0},{"damage":0.0,"enemies":"Cultist","floor":6.0,"turns":3.0},{"damage":46,"enemies":"Gremlin Nob","floor":8,"turns":4}],"seed_played":"-7148059925194045439","potions_obtained":[{"floor":2.0,"key":"FearPotion"}],"is_trial":false,"path_per_floor":["M","M","?","?","?","M","$","E"],"character_chosen":"DEFECT","items_purchased":["Coolheaded"],"campfire_rested":0,"item_purchase_floors":[7],"current_hp_per_floor":[60,46,46,46,46,46,46,0],"gold":11,"neow_bonus":"RANDOM_COMMON_RELIC","is_prod":false,"is_daily":false,"chose_seed":false,"campfire_upgraded":0,"win_rate":0,"timestamp":1557617971,"path_taken":["M","M","?","?","?","M","$","E"],"build_version":"2019-01-23","purchased_purges":0,"victory":false,"max_hp_per_floor":[71,71,71,71,71,71,71,71],"card_choices":[{"not_picked":["Stack","Hologram"],"picked":"Defragment","floor":1.0},{"not_picked":["Genetic Algorithm","Tempest"],"picked":"Coolheaded","floor":2.0},{"not_picked":["Multi-Cast","Hello World"],"picked":"Reinforced Body","floor":6.0}],"player_experience":357007,"relics_obtained":[],"event_choices":[{"damage_healed":0.0,"max_hp_gain":0.0,"max_hp_loss":0.0,"gold_gain":0.0,"event_name":"Living Wall","player_choice":"Grow","floor":3.0,"gold_loss":0.0,"damage_taken":0.0,"cards_upgraded":["Defragment"]},{"damage_healed":0.0,"max_hp_gain":0.0,"max_hp_loss":0.0,"gold_gain":0.0,"event_name":"Golden Idol","player_choice":"Take Wound","floor":4.0,"gold_loss":0.0,"damage_taken":0.0,"relics_obtained":["Golden Idol"],"cards_obtained":["Injury"]},{"cards_removed":["Injury"],"damage_healed":0.0,"max_hp_gain":0.0,"max_hp_loss":0.0,"gold_gain":0.0,"event_name":"The Cleric","player_choice":"Card Removal","floor":5.0,"gold_loss":75.0,"damage_taken":0.0}],"is_beta":false,"boss_relics":[],"items_purged_floors":[],"is_endless":false,"potions_floor_spawned":[2],"killed_by":"Gremlin Nob","ascension_level":18}