{"gold_per_floor":[116,127,146,161,161,161,179,219,244,260,260,303,125,168,168,298,298,314,337,362,78,78,78,102,102,102,120,145,145,145,20,20,139,139,154,179,179,29,52,52,77,100,100,100,25,39,39,53,53,53],"floor_reached":51,"playtime":18060,"items_purged":["Strike_G","Strike_G","Strike_G","Pain"],"score":748,"play_id":"a510afa8-a274-4f97-97d0-6d22d25ad60b","local_time":"20190626235331","is_ascension_mode":false,"campfire_choices":[{"data":"Terror","floor":6,"key":"SMITH"},{"data":"Noxious Fumes","floor":11,"key":"SMITH"},{"floor":15,"key":"REST"},{"data":"Neutralize","floor":23,"key":"SMITH"},{"data":"Deflect","floor":25,"key":"SMITH"},{"floor":29,"key":"REST"},{"floor":32,"key":"REST"},{"data":"Noxious Fumes","floor":40,"key":"SMITH"},{"data":"Noxious Fumes","floor":44,"key":"SMITH"},{"data":"Noxious Fumes","floor":47,"key":"SMITH"},{"floor":49,"key":"REST"}],"neow_cost":"NONE","seed_source_timestamp":0,"circlet_count":0,"master_deck":["Defend_G","Defend_G","Defend_G","Defend_G","Defend_G","Survivor","Neutralize+1","Deadly Poison","Deflect+1","Backflip","Terror+1","Predator","Noxious Fumes+1","Dagger Spray","Footwork+1","Noxious Fumes+1","Escape Plan","PiercingWail","Burst","Noxious Fumes+1","Dodge and Roll","Venomology","Crippling Poison+1","Footwork+1","Tools of the Trade","Prepared+1","Acrobatics+1","Noxious Fumes+1","Footwork+1","Parasite","Distraction+1","Crippling Poison+1"],"special_seed":0,"relics":["Ring of the Snake","Golden Idol","Sundial","Vajra","Dream Catcher","Boot","Empty Cage","Oddly Smooth Stone","Incense Burner","FossilizedHelix","Busted Crown","WarpedTongs","Question Card"],"potions_floor_usage":[8,12,28,28,33,36,39,39,42,42,50,50,50],"damage_taken":[{"damage":0.0,"enemies":"Small Slimes","floor":1.0,"turns":4.0},{"damage":1.0,"enemies":"Cultist","floor":2.0,"turns":4.0},{"damage":6.0,"enemies":"Jaw Worm","floor":3.0,"turns":5.0},{"damage":2.0,"enemies":"Lots of Slimes","floor":4.0,"turns":9.0},{"damage":0,"enemies":"Large Slime","floor":7,"turns":9},{"damage":32,"enemies":"3 Sentries","floor":8,"turns":12},{"damage":4,"enemies":"Blue Slaver","floor":10,"turns":4},{"damage":17,"enemies":"Gremlin Nob","floor":12,"turns":4},{"damage":5,"enemies":"3 Sentries","floor":14,"turns":6},{"damage":3,"enemies":"The Guardian","floor":16,"turns":10},{"damage":5,"enemies":"Shell Parasite","floor":18,"turns":5},{"damage":15,"enemies":"2 Thieves","floor":19,"turns":5},{"damage":9,"enemies":"Shelled Parasite and Fungi","floor":20,"turns":7},{"damage":0,"enemies":"Centurion and Healer","floor":24,"turns":7},{"damage":1,"enemies":"Snake Plant","floor":27,"turns":5},{"damage":24,"enemies":"Cultist and Chosen","floor":28,"turns":6},{"damage":0,"enemies":"Collector","floor":33,"turns":10},{"damage":0,"enemies":"3 Shapes","floor":35,"turns":5},{"damage":0,"enemies":"3 Darklings","floor":36,"turns":4},{"damage":1,"enemies":"Sphere and 2 Shapes","floor":39,"turns":5},{"damage":14,"enemies":"4 Shapes","floor":41,"turns":5},{"damage":0,"enemies":"Maw","floor":42,"turns":7},{"damage":0,"enemies":"Transient","floor":46,"turns":5},{"damage":0,"enemies":"Writhing Mass","floor":48,"turns":7},{"damage":0,"enemies":"Donu and Deca","floor":50,"turns":9}],"seed_played":"1621439657633945240","potions_obtained":[{"floor":2.0,"key":"GamblersBrew"},{"floor":7,"key":"LiquidBronze"},{"floor":8,"key":"FearPotion"},{"floor":12,"key":"AttackPotion"},{"floor":14,"key":"Ancient Potion"},{"floor":27,"key":"SkillPotion"},{"floor":41,"key":"Poison Potion"},{"floor":46,"key":"LiquidBronze"}],"is_trial":false,"path_per_floor":["M","M","M","M","?","R","M","E","T","M","R","E","$","E","R","B",null,"M","M","M","$","?","R","M","R","T","M","M","R","T","$","R","B",null,"M","M","?","$","M","R","M","M","T","R","$","M","R","M","R","B",null],"character_chosen":"THE_SILENT","items_purchased":["Noxious Fumes","Escape Plan","Noxious Fumes","Oddly Smooth Stone","Noxious Fumes"],"campfire_rested":4,"item_purchase_floors":[13,13,21,21,45],"current_hp_per_floor":[77,76,70,68,68,68,68,36,36,32,32,15,15,10,31,28,71,66,51,42,42,42,42,42,42,42,41,17,38,38,38,59,59,71,71,71,71,71,70,70,56,56,56,56,56,56,56,56,71,71],"gold":53,"neow_bonus":"TEN_PERCENT_HP_BONUS","is_prod":false,"is_daily":false,"chose_seed":false,"campfire_upgraded":7,"win_rate":0.0,"timestamp":1561618411,"path_taken":["M","M","M","M","?","R","M","E","T","M","R","E","$","E","R","BOSS","M","M","M","$","?","R","M","R","T","?","?","R","?","$","R","BOSS","M","M","?","$","M","R","M","M","T","R","$","?","R","M","R","BOSS"],"build_version":"2019-01-23","purchased_purges":4,"victory":true,"max_hp_per_floor":[77,77,77,77,71,71,71,71,71,71,71,71,71,71,71,71,71,71,71,71,71,71,71,71,71,71,71,71,71,71,71,71,71,71,71,71,71,71,71,71,71,71,71,71,71,71,71,71,71,71],"card_choices":[{"not_picked":["Sucker Punch","Tactician"],"picked":"Deadly Poison","floor":1.0},{"not_picked":["Poisoned Stab","Backflip"],"picked":"Deflect","floor":2.0},{"not_picked":["Acrobatics","Flying Knee"],"picked":"Backflip","floor":3.0},{"not_picked":["Wraith Form v2","Dagger Spray"],"picked":"Terror","floor":4.0},{"not_picked":["Skewer","Heel Hook"],"picked":"Predator","floor":7},{"not_picked":["Eviscerate","Skewer"],"picked":"Noxious Fumes","floor":8},{"not_picked":["Outmaneuver","Slice"],"picked":"Dagger Spray","floor":10},{"not_picked":["Flying Knee","Heel Hook"],"picked":"Footwork","floor":12},{"not_picked":["Phantasmal Killer","Quick Slash","Blade Dance"],"picked":"SKIP","floor":14},{"not_picked":["Prepared","Calculated Gamble"],"picked":"PiercingWail","floor":15},{"not_picked":["A Thousand Cuts","Tools of the Trade"],"picked":"Burst","floor":16},{"not_picked":["Skewer","Predator","Dodge and Roll"],"picked":"SKIP","floor":18},{"not_picked":["Poisoned Stab","Sucker Punch","Outmaneuver"],"picked":"SKIP","floor":19},{"not_picked":["Quick Slash","Slice+1","Flechettes+1"],"picked":"SKIP","floor":20},{"not_picked":["Underhanded Strike","Acrobatics","Dodge and Roll"],"picked":"SKIP","floor":24},{"not_picked":["Underhanded Strike","Acrobatics"],"picked":"Dodge and Roll","floor":24},{"not_picked":["Backstab","Sucker Punch+1"],"picked":"Venomology","floor":27},{"not_picked":["Blade Dance+1","Predator","Poisoned Stab"],"picked":"SKIP","floor":28},{"not_picked":["Footwork","Flying Knee"],"picked":"Crippling Poison+1","floor":29},{"not_picked":["Quick Slash","PiercingWail+1"],"picked":"Footwork+1","floor":32},{"not_picked":["Phantasmal Killer","Die Die Die"],"picked":"Tools of the Trade","floor":33},{"not_picked":["Terror"],"picked":"SKIP","floor":35},{"not_picked":[],"picked":"Prepared+1","floor":36},{"not_picked":["Underhanded Strike+1"],"picked":"SKIP","floor":39},{"not_picked":["PiercingWail+1"],"picked":"SKIP","floor":41},{"not_picked":[],"picked":"Acrobatics+1","floor":42},{"not_picked":["Underhanded Strike+1"],"picked":"Footwork+1","floor":46},{"not_picked":["Dagger Spray+1"],"picked":"Distraction+1","floor":48},{"not_picked":["All Out Attack+1"],"picked":"Crippling Poison+1","floor":49}],"player_experience":32239,"relics_obtained":[{"floor":8,"key":"Sundial"},{"floor":9,"key":"Vajra"},{"floor":12,"key":"Dream Catcher"},{"floor":14,"key":"Boot"},{"floor":26,"key":"Incense Burner"},{"floor":30,"key":"FossilizedHelix"},{"floor":43,"key":"Question Card"}],"event_choices":[{"damage_healed":0.0,"max_hp_gain":0.0,"max_hp_loss":6.0,"gold_gain":0.0,"event_name":"Golden Idol","player_choice":"Lose Max HP","floor":5.0,"gold_loss":0.0,"damage_taken":0.0,"relics_obtained":["Golden Idol"]},{"damage_healed":0,"gold_gain":0,"player_choice":"Upgraded","damage_taken":0,"max_hp_gain":0,"max_hp_loss":0,"event_name":"Upgrade Shrine","floor":22,"gold_loss":0,"cards_upgraded":["Footwork"]},{"damage_healed":0,"gold_gain":0,"player_choice":"Rummage","damage_taken":0,"relics_obtained":["WarpedTongs"],"max_hp_gain":0,"max_hp_loss":0,"event_name":"Accursed Blacksmith","floor":37,"gold_loss":0,"cards_obtained":["Pain"]}],"is_beta":false,"boss_relics":[{"not_picked":["Eternal Feather","Calling Bell"],"picked":"Empty Cage"},{"not_picked":["WristBlade","Lizard Tail"],"picked":"Busted Crown"}],"items_purged_floors":[13,21,31,38],"is_endless":false,"potions_floor_spawned":[2,7,8,12,14,20,24,27,41,46],"ascension_level":0}