{"gold_per_floor":[115,115,128,56,80,109,123,123,123,149,149,177,177,28,28,132,132,151,161,161,175,189,222,21,52,103,33,33,33,33,44,44,44],"floor_reached":33,"playtime":907,"items_purged":[],"score":522,"play_id":"6e368dca-cce7-41e6-b6c6-9f982e9f9a0c","local_time":"20190321100346","is_ascension_mode":true,"campfire_choices":[{"data":"Bash","floor":8,"key":"SMITH"},{"data":"Shockwave","floor":13,"key":"SMITH"},{"data":"Combust","floor":15,"key":"SMITH"},{"floor":30,"key":"REST"},{"data":"Clothesline","floor":32,"key":"SMITH"}],"neow_cost":"NONE","seed_source_timestamp":662689105777403,"circlet_count":0,"master_deck":["AscendersBane","Strike_R","Strike_R","Strike_R","Defend_R","Defend_R","Defend_R","Defend_R","Bash+1","Headbutt+1","Flame Barrier","Anger","Shockwave+1","Combust+1","Limit Break","Blood for Blood","Limit Break","Clothesline+1","Evolve","Dropkick"],"relics":["Burning Blood","NeowsBlessing","Whetstone","Peace Pipe","Magic Flower","Orichalcum","Thread and Needle","Singing Bowl","Oddly Smooth Stone","Busted Crown","Unceasing Top","ClockworkSouvenir","Dodecahedron","Happy Flower"],"potions_floor_usage":[18,18,23,31],"damage_taken":[{"damage":0,"enemies":"2 Louse","floor":1,"turns":1},{"damage":0,"enemies":"Cultist","floor":3,"turns":1},{"damage":0,"enemies":"Lagavulin","floor":6,"turns":1},{"damage":0,"enemies":"Jaw Worm","floor":7,"turns":2},{"damage":6,"enemies":"Gremlin Nob","floor":10,"turns":3},{"damage":6,"enemies":"Lagavulin","floor":12,"turns":5},{"damage":20,"enemies":"The Guardian","floor":16,"turns":12},{"damage":2,"enemies":"3 Byrds","floor":18,"turns":2},{"damage":2,"enemies":"Shell Parasite","floor":19,"turns":4},{"damage":25,"enemies":"Shelled Parasite and Fungi","floor":21,"turns":5},{"damage":9,"enemies":"3 Cultists","floor":22,"turns":5},{"damage":19,"enemies":"Slavers","floor":23,"turns":4},{"damage":54,"enemies":"Gremlin Leader","floor":25,"turns":10},{"damage":5,"enemies":"Chosen and Byrds","floor":31,"turns":5},{"damage":78,"enemies":"Champ","floor":33,"turns":12}],"seed_played":"5143013806443065544","potions_obtained":[{"floor":2,"key":"FairyPotion"},{"floor":2,"key":"LiquidBronze"},{"floor":2,"key":"Energy Potion"},{"floor":3,"key":"LiquidBronze"},{"floor":22,"key":"SteroidPotion"},{"floor":25,"key":"BloodPotion"}],"is_trial":false,"path_per_floor":["M","?","M","$","T","E","M","R","T","E","T","E","R","$","R","B",null,"M","M","?","M","M","E","$","E","T","$","?","$","R","M","R","B"],"character_chosen":"IRONCLAD","items_purchased":["Flame Barrier","Oddly Smooth Stone","ClockworkSouvenir","Dropkick"],"campfire_rested":1,"item_purchase_floors":[4,14,24,27],"current_hp_per_floor":[78,78,80,80,80,80,80,80,80,80,80,80,80,80,80,69,77,82,84,84,70,70,60,60,17,17,17,17,17,43,61,61,0],"gold":44,"neow_bonus":"THREE_ENEMY_KILL","is_prod":false,"is_daily":false,"chose_seed":false,"campfire_upgraded":4,"win_rate":0,"timestamp":1553177026,"path_taken":["M","?","?","$","?","E","M","R","T","E","?","E","R","?","R","BOSS","M","?","?","M","M","E","$","E","T","$","?","?","R","M","R","BOSS"],"build_version":"2019-01-23","purchased_purges":0,"victory":false,"max_hp_per_floor":[80,80,80,80,80,80,80,80,80,80,80,80,80,80,80,80,80,82,84,84,86,86,86,86,88,88,88,88,88,88,90,90,90],"card_choices":[{"not_picked":["Power Through","Bloodletting"],"picked":"Headbutt","floor":1},{"not_picked":["Headbutt","Sword Boomerang","Blood for Blood"],"picked":"SKIP","floor":3},{"not_picked":["Clash","Berserk"],"picked":"Anger","floor":6},{"not_picked":["Anger","Wild Strike","Havoc"],"picked":"SKIP","floor":7},{"not_picked":["Clash","Twin Strike"],"picked":"Shockwave","floor":10},{"not_picked":["Armaments","Sever Soul"],"picked":"Combust","floor":12},{"not_picked":["Brutality","Double Tap"],"picked":"Limit Break","floor":16},{"not_picked":["Headbutt"],"picked":"Singing Bowl","floor":18},{"not_picked":["Pommel Strike"],"picked":"Singing Bowl","floor":19},{"not_picked":["Bloodletting"],"picked":"Singing Bowl","floor":21},{"not_picked":[],"picked":"Clothesline","floor":22},{"not_picked":[],"picked":"Evolve","floor":23},{"not_picked":["Shockwave"],"picked":"Singing Bowl","floor":25},{"not_picked":["Hemokinesis"],"picked":"Singing Bowl","floor":31}],"player_experience":197785,"relics_obtained":[{"floor":5,"key":"Whetstone"},{"floor":6,"key":"Peace Pipe"},{"floor":9,"key":"Magic Flower"},{"floor":10,"key":"Orichalcum"},{"floor":11,"key":"Thread and Needle"},{"floor":12,"key":"Singing Bowl"},{"floor":23,"key":"Unceasing Top"},{"floor":25,"key":"Dodecahedron"},{"floor":26,"key":"Happy Flower"}],"event_choices":[{"damage_healed":0,"gold_gain":0,"player_choice":"Got Potions","damage_taken":0,"max_hp_gain":0,"max_hp_loss":0,"event_name":"Lab","floor":2,"gold_loss":0},{"damage_healed":0,"gold_gain":0,"cards_transformed":["Strike_R","Strike_R"],"player_choice":"Became Test Subject","damage_taken":0,"max_hp_gain":0,"max_hp_loss":0,"event_name":"Drug Dealer","floor":20,"gold_loss":0,"cards_obtained":["Blood for Blood","Limit Break"]},{"damage_healed":0,"gold_gain":0,"player_choice":"Ignored","damage_taken":0,"max_hp_gain":0,"max_hp_loss":0,"event_name":"Ghosts","floor":28,"gold_loss":0}],"is_beta":false,"boss_relics":[{"not_picked":["Tiny House","Ectoplasm"],"picked":"Busted Crown"}],"items_purged_floors":[],"is_endless":false,"potions_floor_spawned":[3,6,10,22,25],"killed_by":"Champ","ascension_level":12}