{"gold_per_floor":[110,110,127,142,162,162,74,105,105,116,144,144,179,190,190,268,268,280,298,298,314,326,326,338,101,124,150,150,167,167,183,183,259,259,278,278,278,302,316,343,343,363,363,381,381,381,381,407,407,407],"floor_reached":50,"playtime":1662,"items_purged":["Strike_G"],"score":1149,"play_id":"dd401661-9cf3-4434-a09d-a3de5bb78fcd","local_time":"20190416134637","is_ascension_mode":true,"campfire_choices":[{"data":"Cloak And Dagger","floor":6.0,"key":"SMITH"},{"floor":12.0,"key":"REST"},{"data":"1","floor":15.0,"key":"LIFT"},{"floor":23,"key":"REST"},{"floor":30,"key":"REST"},{"floor":32,"key":"REST"},{"data":"2","floor":41,"key":"LIFT"},{"floor":46,"key":"REST"},{"floor":49,"key":"REST"}],"neow_cost":"NONE","seed_source_timestamp":0,"circlet_count":0,"master_deck":["AscendersBane","Defend_G","Defend_G","Defend_G","Defend_G","Defend_G","Strike_G","Strike_G","Strike_G","Survivor","Neutralize+1","Skewer","Poisoned Stab","Deadly Poison","Cloak And Dagger+1","Well Laid Plans","Accuracy","Dash","Night Terror","Dodge and Roll","Glass Knife","Backflip","Flying Knee+1","Necronomicurse","Tools of the Trade","Caltrops","Choke","Riddle With Holes","Pain","Envenom+1","Envenom+1","Backstab+1","Doubt","Leg Sweep","Cloak And Dagger","Caltrops+1","Pain","Infinite Blades+1","Writhe","Doubt","Setup"],"special_seed":0,"relics":["Ring of the Snake","Mummified Hand","Dead Branch","Girya","Bag of Preparation","Cursed Key","Necronomicon","PreservedInsect","Frozen Egg 2","MutagenicStrength","Black Star","Potion Belt","The Specimen","Bottled Tornado","Darkstone Periapt","Bag of Marbles","Mercury Hourglass"],"potions_floor_usage":[16,21,22,27,33,40,50,50,50,50],"damage_taken":[{"damage":1.0,"enemies":"Cultist","floor":1.0,"turns":6.0},{"damage":0.0,"enemies":"2 Louse","floor":3.0,"turns":4.0},{"damage":0.0,"enemies":"Jaw Worm","floor":4.0,"turns":3.0},{"damage":0.0,"enemies":"Exordium Wildlife","floor":5.0,"turns":4.0},{"damage":33.0,"enemies":"Gremlin Nob","floor":8.0,"turns":5.0},{"damage":2.0,"enemies":"3 Louse","floor":10.0,"turns":2.0},{"damage":0.0,"enemies":"3 Sentries","floor":11.0,"turns":8.0},{"damage":31.0,"enemies":"Gremlin Nob","floor":13.0,"turns":5.0},{"damage":8.0,"enemies":"Blue Slaver","floor":14.0,"turns":3.0},{"damage":3,"enemies":"Hexaghost","floor":16,"turns":8},{"damage":0,"enemies":"Shell Parasite","floor":18,"turns":3},{"damage":14,"enemies":"Spheric Guardian","floor":19,"turns":4},{"damage":12,"enemies":"3 Cultists","floor":21,"turns":3},{"damage":5,"enemies":"Chosen and Byrds","floor":22,"turns":4},{"damage":0,"enemies":"Cultist and Chosen","floor":24,"turns":4},{"damage":13,"enemies":"Slavers","floor":27,"turns":4},{"damage":1,"enemies":"Sentry and Sphere","floor":29,"turns":3},{"damage":0,"enemies":"Snake Plant","floor":31,"turns":1},{"damage":28,"enemies":"Automaton","floor":33,"turns":7},{"damage":0,"enemies":"3 Darklings","floor":35,"turns":2},{"damage":9,"enemies":"Orb Walker","floor":39,"turns":2},{"damage":6,"enemies":"Giant Head","floor":40,"turns":5},{"damage":11,"enemies":"3 Darklings","floor":42,"turns":3},{"damage":11,"enemies":"Jaw Worm Horde","floor":44,"turns":4},{"damage":32,"enemies":"Reptomancer","floor":48,"turns":5},{"damage":71,"enemies":"Time Eater","floor":50,"turns":6}],"seed_played":"-3215594397761786081","potions_obtained":[{"floor":3.0,"key":"Explosive Potion"},{"floor":4.0,"key":"Ancient Potion"},{"floor":13.0,"key":"Explosive Potion"},{"floor":14.0,"key":"Regen Potion"},{"floor":19,"key":"Dexterity Potion"},{"floor":21,"key":"Ancient Potion"},{"floor":22,"key":"SpeedPotion"},{"floor":27,"key":"Fire Potion"},{"floor":31,"key":"Dexterity Potion"},{"floor":35,"key":"Strength Potion"},{"floor":39,"key":"Swift Potion"},{"floor":40,"key":"GamblersBrew"},{"floor":44,"key":"EssenceOfSteel"}],"is_trial":false,"path_per_floor":["M","?","M","M","M","R","$","E","T","M","E","R","E","M","R","B",null,"M","M","?","M","M","R","M","$","T","E","?","M","R","M","R","B",null,"M","?","?","T","M","E","R","M","T","M","?","R","?","E","R","B"],"character_chosen":"THE_SILENT","items_purchased":["Well Laid Plans","Riddle With Holes","Regen Potion"],"campfire_rested":6,"item_purchase_floors":[7,25,25],"current_hp_per_floor":[58,58,58,58,58,58,58,25,25,23,23,42,11,3,3,15,53,53,39,18,6,1,20,20,20,20,19,19,18,37,37,56,28,57,57,57,57,57,48,42,42,31,31,20,39,60,78,46,69,0],"gold":407,"neow_bonus":"UPGRADE_CARD","is_prod":false,"is_daily":false,"chose_seed":false,"campfire_upgraded":1,"win_rate":0,"timestamp":1555436797,"path_taken":["M","?","M","M","M","R","$","E","T","M","E","R","E","M","R","BOSS","M","M","?","M","M","R","M","$","T","E","?","M","R","M","R","BOSS","M","?","?","?","M","E","R","M","T","?","?","R","?","E","R","BOSS"],"build_version":"2019-01-23","purchased_purges":1,"victory":false,"max_hp_per_floor":[66,66,66,66,66,66,66,66,66,66,66,66,66,66,66,66,66,66,66,66,66,66,66,66,66,66,66,66,66,66,66,66,66,66,66,66,66,66,66,66,66,66,66,66,72,72,78,78,78,78],"card_choices":[{"not_picked":["Quick Slash","Riddle With Holes","Finisher"],"picked":"SKIP","floor":1.0},{"not_picked":["Setup","Bane"],"picked":"Poisoned Stab","floor":3.0},{"not_picked":["Blade Dance","Slice"],"picked":"Deadly Poison","floor":4.0},{"not_picked":["Underhanded Strike","Sucker Punch"],"picked":"Cloak And Dagger","floor":5.0},{"not_picked":["Blur","Quick Slash"],"picked":"Accuracy","floor":8.0},{"not_picked":["Poisoned Stab","Dagger Spray"],"picked":"Dash","floor":10.0},{"not_picked":["Expertise","Blur"],"picked":"Night Terror","floor":11.0},{"not_picked":["Acrobatics","Sucker Punch","Doppelganger"],"picked":"SKIP","floor":13.0},{"not_picked":["Predator","Eviscerate"],"picked":"Dodge and Roll","floor":14.0},{"not_picked":["Doppelganger","Phantasmal Killer"],"picked":"Glass Knife","floor":16},{"not_picked":["Deadly Poison","Eviscerate+1"],"picked":"Backflip","floor":18},{"not_picked":["Backflip","Acrobatics"],"picked":"Flying Knee+1","floor":19},{"not_picked":["Outmaneuver","Poisoned Stab"],"picked":"Tools of the Trade","floor":21},{"not_picked":["Dodge and Roll","Terror"],"picked":"Caltrops","floor":22},{"not_picked":["Deadly Poison","Doppelganger"],"picked":"Choke","floor":24},{"not_picked":["Slice+1","Deadly Poison","Sucker Punch"],"picked":"SKIP","floor":27},{"not_picked":["All Out Attack","Bane","Quick Slash"],"picked":"SKIP","floor":29},{"not_picked":["Sucker Punch","Dagger Throw"],"picked":"Envenom+1","floor":31},{"not_picked":["Phantasmal Killer","Unload"],"picked":"Envenom+1","floor":33},{"not_picked":["Flying Knee","Bouncing Flask"],"picked":"Backstab+1","floor":35},{"not_picked":["Bane","Blur"],"picked":"Leg Sweep","floor":39},{"not_picked":["Flechettes+1","Dodge and Roll"],"picked":"Cloak And Dagger","floor":40},{"not_picked":["Sucker Punch","Underhanded Strike"],"picked":"Caltrops+1","floor":42},{"not_picked":["Blur","Prepared"],"picked":"Infinite Blades+1","floor":44},{"not_picked":["Distraction","Poisoned Stab"],"picked":"Setup","floor":48}],"player_experience":299658,"relics_obtained":[{"floor":8.0,"key":"Mummified Hand"},{"floor":9.0,"key":"Dead Branch"},{"floor":11.0,"key":"Girya"},{"floor":13.0,"key":"Bag of Preparation"},{"floor":20,"key":"Necronomicon"},{"floor":26,"key":"PreservedInsect"},{"floor":27,"key":"Frozen Egg 2"},{"floor":38,"key":"Potion Belt"},{"floor":40,"key":"The Specimen"},{"floor":40,"key":"Bottled Tornado"},{"floor":43,"key":"Darkstone Periapt"},{"floor":48,"key":"Bag of Marbles"},{"floor":48,"key":"Mercury Hourglass"}],"event_choices":[{"damage_healed":0.0,"max_hp_gain":0.0,"max_hp_loss":0.0,"gold_gain":0.0,"cards_transformed":["Strike_G"],"event_name":"Living Wall","player_choice":"Change","floor":2.0,"gold_loss":0.0,"damage_taken":0.0,"cards_obtained":["Skewer"]},{"damage_healed":0,"gold_gain":0,"player_choice":"Obtained Book","damage_taken":21,"max_hp_gain":0,"max_hp_loss":0,"event_name":"Cursed Tome","floor":20,"gold_loss":0},{"damage_healed":0,"gold_gain":0,"player_choice":"Inject Mutagens","damage_taken":0,"relics_obtained":["MutagenicStrength"],"max_hp_gain":0,"max_hp_loss":0,"event_name":"Drug Dealer","floor":28,"gold_loss":0},{"damage_healed":0,"gold_gain":0,"player_choice":"Ignored","damage_taken":0,"max_hp_gain":0,"max_hp_loss":0,"event_name":"Mysterious Sphere","floor":36,"gold_loss":0},{"damage_healed":0,"gold_gain":0,"player_choice":"Ignored","damage_taken":0,"max_hp_gain":0,"max_hp_loss":0,"event_name":"Tomb of Lord Red Mask","floor":37,"gold_loss":0},{"damage_healed":13,"gold_gain":0,"player_choice":"Writhe","damage_taken":0,"max_hp_gain":0,"max_hp_loss":0,"event_name":"Winding Halls","floor":45,"gold_loss":0,"cards_obtained":["Writhe"]},{"damage_healed":12,"gold_gain":0,"player_choice":"Heal","damage_taken":0,"max_hp_gain":0,"max_hp_loss":0,"event_name":"MindBloom","floor":47,"gold_loss":0,"cards_obtained":["Doubt"]}],"is_beta":false,"boss_relics":[{"not_picked":["Snecko Eye","Runic Dome"],"picked":"Cursed Key"},{"not_picked":["Coffee Dripper","Sozu"],"picked":"Black Star"}],"items_purged_floors":[25],"is_endless":false,"potions_floor_spawned":[3,4,13,14,19,21,22,27,31,35,39,40,44],"killed_by":"Time Eater","ascension_level":16}