{"gold_per_floor":[113,113,131,56,109,109,138,148,174,174,193,228,228,245,245,323,323,340,2,14,14,14,45,60,60,60,72,105,105,135,135,135,207,207,224,324,324,341,361,361,379,379,379,379,409,409,409,425,425,425],"floor_reached":50,"playtime":1292,"items_purged":[],"score":1190,"play_id":"c20df9fa-dd08-484d-a3a8-ab178c9fab9a","local_time":"20190512110312","is_ascension_mode":true,"campfire_choices":[{"data":"Zap","floor":6,"key":"SMITH"},{"data":"Defragment","floor":13,"key":"SMITH"},{"data":"Doom and Gloom","floor":15,"key":"SMITH"},{"floor":25,"key":"REST"},{"floor":29,"key":"REST"},{"data":"Fission","floor":32,"key":"SMITH"},{"floor":40,"key":"REST"},{"data":"Coolheaded","floor":42,"key":"SMITH"},{"floor":44,"key":"REST"},{"floor":49,"key":"REST"}],"neow_cost":"NONE","seed_source_timestamp":142759426217692,"circlet_count":0,"master_deck":["AscendersBane","Defend_B","Defend_B","Defend_B","Defend_B","Zap+1","Dualcast","Cold Snap","Ball Lightning","Rainbow","Doom and Gloom+1","All For One","Defragment+1","Capacitor","Conserve Battery","Fission+1","Gash","Beam Cell","Hologram","Skim","Chill","Undo","Bite","Bite","Bite","Bite","Echo Form","Heatsinks","Tempest+1","Capacitor","Coolheaded+1","Gash","Barrage","Consume"],"relics":["Cracked Core","NeowsBlessing","WarpedTongs","DataDisk","Vajra","Strawberry","Bottled Lightning","Sozu","Meat on the Bone","Regal Pillow","Gambling Chip","Ancient Tea Set","Symbiotic Virus","Nuclear Battery","Unceasing Top","Mercury Hourglass","Frozen Egg 2","The Courier"],"potions_floor_usage":[12,12,16],"damage_taken":[{"damage":0,"enemies":"2 Louse","floor":1,"turns":1},{"damage":0,"enemies":"Cultist","floor":3,"turns":1},{"damage":0,"enemies":"Gremlin Nob","floor":7,"turns":1},{"damage":0,"enemies":"Small Slimes","floor":8,"turns":2},{"damage":2,"enemies":"Exordium Wildlife","floor":11,"turns":3},{"damage":28,"enemies":"Lagavulin","floor":12,"turns":4},{"damage":8,"enemies":"3 Louse","floor":14,"turns":2},{"damage":0,"enemies":"The Guardian","floor":16,"turns":8},{"damage":1,"enemies":"Spheric Guardian","floor":18,"turns":3},{"damage":9,"enemies":"2 Thieves","floor":20,"turns":3},{"damage":40,"enemies":"Slavers","floor":23,"turns":3},{"damage":8,"enemies":"Centurion and Healer","floor":24,"turns":4},{"damage":15,"enemies":"Shelled Parasite and Fungi","floor":27,"turns":4},{"damage":25,"enemies":"Gremlin Leader","floor":28,"turns":6},{"damage":8,"enemies":"Slavers","floor":30,"turns":3},{"damage":43,"enemies":"Automaton","floor":33,"turns":10},{"damage":0,"enemies":"3 Shapes","floor":35,"turns":4},{"damage":0,"enemies":"Mind Bloom Boss Battle","floor":36,"turns":3},{"damage":12,"enemies":"3 Darklings","floor":38,"turns":3},{"damage":23,"enemies":"Transient","floor":39,"turns":6},{"damage":19,"enemies":"Sphere and 2 Shapes","floor":41,"turns":3},{"damage":21,"enemies":"Nemesis","floor":45,"turns":5},{"damage":1,"enemies":"4 Shapes","floor":48,"turns":6},{"damage":53,"enemies":"Time Eater","floor":50,"turns":3}],"seed_played":"3790190823429823078","potions_obtained":[{"floor":8,"key":"PowerPotion"},{"floor":11,"key":"AttackPotion"},{"floor":14,"key":"Regen Potion"}],"is_trial":false,"path_per_floor":["M","?","M","?","T","R","E","M","T","?","M","E","R","M","R","B",null,"M","$","M","$","?","E","M","R","T","M","E","R","E","?","R","B",null,"M","?","?","M","M","R","M","R","T","R","E","?","?","M","R","B"],"character_chosen":"DEFECT","items_purchased":["Meat on the Bone","Beam Cell"],"campfire_rested":5,"item_purchase_floors":[19,19],"current_hp_per_floor":[64,64,64,64,64,64,64,64,71,71,69,41,41,33,33,48,71,70,70,61,61,50,22,26,64,64,49,36,74,66,54,54,37,50,54,54,51,41,34,51,38,38,38,51,38,38,38,43,51,0],"gold":425,"neow_bonus":"THREE_ENEMY_KILL","is_prod":false,"is_daily":false,"chose_seed":false,"campfire_upgraded":5,"win_rate":0,"timestamp":1557673392,"path_taken":["M","?","?","?","?","R","E","M","T","?","M","E","R","M","R","BOSS","M","$","M","$","?","E","?","R","T","M","E","R","E","?","R","BOSS","M","?","?","M","M","R","M","R","T","R","E","?","?","?","R","BOSS"],"build_version":"2019-01-23","purchased_purges":0,"victory":false,"max_hp_per_floor":[71,71,71,71,71,71,71,71,78,78,78,78,78,78,78,78,78,78,78,78,78,78,78,78,78,78,78,78,78,78,54,54,54,54,54,54,51,51,51,51,51,51,51,51,51,51,51,51,51,51],"card_choices":[{"not_picked":["Compile Driver","Rebound"],"picked":"Cold Snap","floor":1},{"not_picked":["Redo","Cold Snap"],"picked":"Ball Lightning","floor":3},{"not_picked":["Go for the Eyes","Steam Power"],"picked":"Rainbow","floor":7},{"not_picked":["Streamline","Stack"],"picked":"Doom and Gloom","floor":8},{"not_picked":["Genetic Algorithm","Rebound"],"picked":"Defragment","floor":11},{"not_picked":["Cold Snap","Chaos"],"picked":"Capacitor","floor":12},{"not_picked":["Blizzard","Rebound"],"picked":"Conserve Battery","floor":14},{"not_picked":["Multi-Cast","Hyperbeam"],"picked":"Fission","floor":16},{"not_picked":["Sweeping Beam","Ball Lightning"],"picked":"Gash","floor":18},{"not_picked":["Cold Snap","Steam"],"picked":"Hologram","floor":20},{"not_picked":["Lockon","Leap"],"picked":"Skim","floor":23},{"not_picked":["Cold Snap","Redo"],"picked":"Chill","floor":24},{"not_picked":["Turbo","Ball Lightning","Cold Snap"],"picked":"SKIP","floor":27},{"not_picked":["Conserve Battery","Genetic Algorithm"],"picked":"Undo","floor":28},{"not_picked":["Compile Driver","Undo","Stack"],"picked":"SKIP","floor":30},{"not_picked":["Rainbow","Creative AI"],"picked":"Echo Form","floor":33},{"not_picked":["Cold Snap","Redo"],"picked":"Heatsinks","floor":35},{"not_picked":["Beam Cell","Steam Power"],"picked":"Tempest+1","floor":36},{"not_picked":["Barrage","Doom and Gloom"],"picked":"Capacitor","floor":38},{"not_picked":["Streamline","Hologram"],"picked":"Coolheaded","floor":39},{"not_picked":["Barrage","Capacitor"],"picked":"Gash","floor":41},{"not_picked":["Leap","Conserve Battery"],"picked":"Barrage","floor":45},{"not_picked":["Beam Cell","Turbo"],"picked":"Consume","floor":48}],"player_experience":359420,"relics_obtained":[{"floor":5,"key":"DataDisk"},{"floor":7,"key":"Vajra"},{"floor":9,"key":"Strawberry"},{"floor":12,"key":"Bottled Lightning"},{"floor":23,"key":"Regal Pillow"},{"floor":26,"key":"Gambling Chip"},{"floor":28,"key":"Ancient Tea Set"},{"floor":30,"key":"Symbiotic Virus"},{"floor":36,"key":"Unceasing Top"},{"floor":43,"key":"Mercury Hourglass"},{"floor":45,"key":"Frozen Egg 2"}],"event_choices":[{"damage_healed":0,"gold_gain":0,"player_choice":"Rummage","damage_taken":0,"relics_obtained":["WarpedTongs"],"max_hp_gain":0,"max_hp_loss":0,"event_name":"Accursed Blacksmith","floor":2,"gold_loss":0,"cards_obtained":["Pain"]},{"cards_removed":["Pain"],"damage_healed":0,"gold_gain":0,"player_choice":"Card Removal","damage_taken":0,"max_hp_gain":0,"max_hp_loss":0,"event_name":"The Cleric","floor":4,"gold_loss":75},{"damage_healed":0,"gold_gain":0,"player_choice":"1 cards matched","damage_taken":0,"max_hp_gain":0,"max_hp_loss":0,"event_name":"Match and Keep!","floor":10,"gold_loss":0,"cards_obtained":["All For One"]},{"damage_healed":0,"gold_gain":0,"player_choice":"Damaged","damage_taken":11,"max_hp_gain":0,"max_hp_loss":0,"event_name":"Wheel of Change","floor":22,"gold_loss":0},{"damage_healed":0,"gold_gain":0,"player_choice":"Became a vampire","damage_taken":0,"max_hp_gain":0,"max_hp_loss":24,"event_name":"Vampires","floor":31,"gold_loss":0,"cards_obtained":["Bite","Bite","Bite","Bite","Bite"]},{"damage_healed":0,"gold_gain":0,"player_choice":"Fight","damage_taken":0,"max_hp_gain":0,"max_hp_loss":0,"event_name":"MindBloom","floor":36,"gold_loss":0},{"damage_healed":0,"gold_gain":0,"player_choice":"Max HP","damage_taken":0,"max_hp_gain":0,"max_hp_loss":3,"event_name":"Winding Halls","floor":37,"gold_loss":0},{"damage_healed":0,"gold_gain":0,"player_choice":"Ignored","damage_taken":0,"max_hp_gain":0,"max_hp_loss":0,"event_name":"Mysterious Sphere","floor":46,"gold_loss":0},{"cards_removed":["Bite"],"damage_healed":0,"gold_gain":0,"player_choice":"Gave Card","damage_taken":0,"relics_obtained":["The Courier"],"max_hp_gain":0,"max_hp_loss":0,"event_name":"WeMeetAgain","floor":47,"gold_loss":0}],"is_beta":false,"boss_relics":[{"not_picked":["Busted Crown","Tiny House"],"picked":"Sozu"},{"not_picked":["Pandora\u0027s Box","Runic Dome"],"picked":"Nuclear Battery"}],"items_purged_floors":[],"is_endless":false,"potions_floor_spawned":[8,11,14,27,28,33,35,39,41,45],"killed_by":"Time Eater","ascension_level":18}