{"gold_per_floor":[119,119,135,55,55,55,75,109,133,133,149,168,168,15,15,116,116,86,86,104,104,115,115],"floor_reached":23,"playtime":695,"items_purged":[],"score":306,"play_id":"6a34b52b-7dc8-4a98-9609-f0a3d094c4e6","local_time":"20190321225817","is_ascension_mode":true,"campfire_choices":[{"data":"Footwork","floor":6,"key":"SMITH"},{"floor":10,"key":"REST"},{"data":"Footwork","floor":13,"key":"SMITH"},{"floor":15,"key":"REST"}],"neow_cost":"NONE","seed_source_timestamp":709375410303365,"circlet_count":0,"master_deck":["AscendersBane","Defend_G","Defend_G","Defend_G","Defend_G","Defend_G","Strike_G","Strike_G","Strike_G","Strike_G","Strike_G","Survivor","Neutralize","Endless Agony+1","Deadly Poison","Poisoned Stab","Footwork+1","Backflip","Footwork+1","Deadly Poison","Malaise+1","Unload","Reflex+1","Infinite Blades+1"],"relics":["Ring of the Snake","CultistMask","Happy Flower","Blood Vial","Philosopher\u0027s Stone"],"potions_floor_usage":[8,23],"damage_taken":[{"damage":7,"enemies":"Jaw Worm","floor":1,"turns":4},{"damage":4,"enemies":"Cultist","floor":3,"turns":3},{"damage":0,"enemies":"Small Slimes","floor":7,"turns":3},{"damage":32,"enemies":"Gremlin Nob","floor":8,"turns":4},{"damage":8,"enemies":"3 Louse","floor":11,"turns":3},{"damage":30,"enemies":"Exordium Thugs","floor":12,"turns":6},{"damage":8,"enemies":"The Guardian","floor":16,"turns":12},{"damage":12,"enemies":"2 Thieves","floor":18,"turns":5},{"damage":14,"enemies":"Shell Parasite","floor":20,"turns":7},{"damage":6,"enemies":"Snake Plant","floor":22,"turns":7},{"damage":49,"enemies":"Gremlin Leader","floor":23,"turns":8}],"seed_played":"8174890876475347248","potions_obtained":[{"floor":3,"key":"Swift Potion"},{"floor":11,"key":"FairyPotion"},{"floor":22,"key":"Weak Potion"}],"is_trial":false,"path_per_floor":["M","?","M","$","?","R","M","E","T","R","M","M","R","$","R","B",null,"M","?","M","?","M","E"],"character_chosen":"THE_SILENT","items_purchased":["Footwork","Malaise"],"campfire_rested":2,"item_purchase_floors":[4,14],"current_hp_per_floor":[56,56,52,52,52,52,52,20,20,41,35,7,7,7,28,22,58,48,48,36,36,32,0],"gold":115,"neow_bonus":"THREE_CARDS","is_prod":false,"is_daily":false,"chose_seed":false,"campfire_upgraded":2,"win_rate":0,"timestamp":1553223497,"path_taken":["M","?","M","$","?","R","?","E","T","R","M","M","R","$","R","BOSS","M","?","M","?","M","E"],"build_version":"2019-01-23","purchased_purges":0,"victory":false,"max_hp_per_floor":[70,70,70,70,70,70,70,70,70,70,70,70,70,70,70,70,70,70,70,70,70,70,70],"card_choices":[{"not_picked":["Terror","Distraction"],"picked":"Endless Agony","floor":0},{"not_picked":["Deflect","Prepared"],"picked":"Deadly Poison","floor":1},{"not_picked":["Distraction","Calculated Gamble"],"picked":"Poisoned Stab","floor":3},{"not_picked":["Infinite Blades","Heel Hook"],"picked":"Backflip","floor":7},{"not_picked":["Slice","Setup","Masterful Stab"],"picked":"SKIP","floor":8},{"not_picked":["Poisoned Stab","All Out Attack"],"picked":"Footwork","floor":11},{"not_picked":["Caltrops","Accuracy"],"picked":"Deadly Poison","floor":12},{"not_picked":["Doppelganger","Storm of Steel"],"picked":"Unload","floor":16},{"not_picked":["Eviscerate","Infinite Blades","Endless Agony"],"picked":"SKIP","floor":18},{"not_picked":["Flying Knee","Poisoned Stab"],"picked":"Reflex+1","floor":20},{"not_picked":["All Out Attack","Deadly Poison"],"picked":"Infinite Blades+1","floor":22}],"player_experience":199220,"relics_obtained":[{"floor":8,"key":"Happy Flower"},{"floor":9,"key":"Blood Vial"}],"event_choices":[{"damage_healed":0,"gold_gain":0,"player_choice":"Grow","damage_taken":0,"max_hp_gain":0,"max_hp_loss":0,"event_name":"Living Wall","floor":2,"gold_loss":0,"cards_upgraded":["Endless Agony"]},{"damage_healed":0,"gold_gain":0,"player_choice":"Trade","damage_taken":0,"relics_obtained":["CultistMask"],"max_hp_gain":0,"max_hp_loss":0,"event_name":"FaceTrader","floor":5,"gold_loss":0},{"damage_healed":0,"gold_gain":0,"player_choice":"Ignored","damage_taken":0,"max_hp_gain":0,"max_hp_loss":0,"event_name":"Ghosts","floor":19,"gold_loss":0},{"damage_healed":0,"gold_gain":0,"player_choice":"Upgraded","damage_taken":0,"max_hp_gain":0,"max_hp_loss":0,"event_name":"Upgrade Shrine","floor":21,"gold_loss":0,"cards_upgraded":["Malaise"]}],"is_beta":false,"boss_relics":[{"not_picked":["Fusion Hammer","Empty Cage"],"picked":"Philosopher\u0027s Stone"}],"items_purged_floors":[],"is_endless":false,"potions_floor_spawned":[3,11,22],"killed_by":"Gremlin Leader","ascension_level":12}