{"gold_per_floor":[118,193,36,36,49,74,93,119,119,138,138],"floor_reached":11,"playtime":575,"items_purged":[],"score":162,"play_id":"ae1fe813-f67e-4cd0-ac89-38dc9c38d676","local_time":"20190522014355","is_ascension_mode":true,"campfire_choices":[],"neow_cost":"NONE","seed_source_timestamp":973947740396162,"circlet_count":0,"master_deck":["AscendersBane","Defend_G","Defend_G","Defend_G","Defend_G","Defend_G","Strike_G","Strike_G","Strike_G","Strike_G","Strike_G","Survivor","Neutralize","Dodge and Roll","Noxious Fumes","Backstab","Cloak And Dagger","Dagger Spray","Cloak And Dagger","Well Laid Plans"],"relics":["Ring of the Snake","Oddly Smooth Stone","Mango","StoneCalendar","Torii"],"potions_floor_usage":[6,6,8,11],"damage_taken":[{"damage":0,"enemies":"Small Slimes","floor":1,"turns":3},{"damage":0,"enemies":"2 Louse","floor":5,"turns":3},{"damage":29,"enemies":"Lagavulin","floor":6,"turns":11},{"damage":0,"enemies":"Cultist","floor":7,"turns":4},{"damage":30,"enemies":"Gremlin Nob","floor":8,"turns":4},{"damage":1,"enemies":"Red Slaver","floor":10,"turns":4},{"damage":0,"enemies":"Gremlin Gang","floor":11,"turns":3}],"seed_played":"-9217613841981112183","potions_obtained":[{"floor":1,"key":"GhostInAJar"},{"floor":4,"key":"PowerPotion"},{"floor":7,"key":"Poison Potion"},{"floor":8,"key":"SkillPotion"}],"is_trial":false,"path_per_floor":["M","?","$","?","M","E","M","E","T","M","M"],"character_chosen":"THE_SILENT","items_purchased":["Noxious Fumes","Backstab"],"campfire_rested":0,"item_purchase_floors":[3,3],"current_hp_per_floor":[59,48,48,48,48,33,33,3,3,2,2],"gold":138,"neow_bonus":"RANDOM_COMMON_RELIC","is_prod":false,"is_daily":false,"chose_seed":false,"campfire_upgraded":0,"win_rate":0,"timestamp":1558503835,"path_taken":["M","?","$","?","?","E","M","E","T","M","M"],"build_version":"2019-01-23","purchased_purges":0,"victory":false,"max_hp_per_floor":[66,66,66,66,66,80,80,80,80,80,80],"card_choices":[{"not_picked":["Concentrate","Deflect"],"picked":"Dodge and Roll","floor":1},{"not_picked":["Finisher","Backflip","Underhanded Strike"],"picked":"SKIP","floor":5},{"not_picked":["Outmaneuver","Concentrate"],"picked":"Cloak And Dagger","floor":6},{"not_picked":["Blur","Flying Knee"],"picked":"Dagger Spray","floor":7},{"not_picked":["Phantasmal Killer","Quick Slash"],"picked":"Cloak And Dagger","floor":8},{"not_picked":["Infinite Blades","Underhanded Strike"],"picked":"Well Laid Plans","floor":10}],"player_experience":395952,"relics_obtained":[{"floor":6,"key":"Mango"},{"floor":8,"key":"StoneCalendar"},{"floor":9,"key":"Torii"}],"event_choices":[{"damage_healed":0,"gold_gain":75,"player_choice":"Gather Gold","damage_taken":11,"max_hp_gain":0,"max_hp_loss":0,"event_name":"World of Goop","floor":2,"gold_loss":0},{"damage_healed":0,"gold_gain":0,"player_choice":"Got Potions","damage_taken":0,"max_hp_gain":0,"max_hp_loss":0,"event_name":"Lab","floor":4,"gold_loss":0}],"is_beta":false,"boss_relics":[],"items_purged_floors":[],"is_endless":false,"potions_floor_spawned":[1,7,8],"killed_by":"Gremlin Gang","ascension_level":19}