{"gold_per_floor":[17,17,17,29,29,54,70,70,70,104,166,176,196,213,213,317,317,332,174,186,24,36,62,62,91,161,189,189,200,212,212,212,307,307,325,345,420,439,450,475,487,28,28,28],"floor_reached":44,"playtime":3349,"items_purged":["Strike_R","Decay"],"score":741,"play_id":"54f15a89-a5fb-4eba-995f-135c75fdefb7","local_time":"20190902120225","is_ascension_mode":true,"campfire_choices":[{"floor":8,"key":"REST"},{"data":"Armaments","floor":15,"key":"SMITH"},{"data":"True Grit","floor":24,"key":"SMITH"},{"floor":32,"key":"REST"}],"neow_cost":"NO_GOLD","seed_source_timestamp":6898174654835,"circlet_count":0,"master_deck":["Defend_R","Defend_R","Defend_R","Defend_R","Bash+1","Pommel Strike+1","Body Slam","True Grit+1","Ghostly Armor","Armaments+1","Sword Boomerang+1","Feed+1","Feel No Pain","Fiend Fire+1","Corruption+1","Bludgeon+1","Heavy Blade+1","Shockwave","Flash of Steel+1","Flash of Steel+1","Disarm","Feed+1"],"relics":["Burning Blood","Pocketwatch","Singing Bowl","Molten Egg 2","Boot","Shuriken","Astrolabe","Regal Pillow","The Courier","Pantograph","Art of War","Nilry\u0027s Codex","Empty Cage","Charon\u0027s Ashes","Juzu Bracelet"],"potions_floor_usage":[6,14,16,25,25,25,27,40,41,41,44,44,44],"damage_taken":[{"damage":1,"enemies":"Small Slimes","floor":1,"turns":4},{"damage":2,"enemies":"2 Louse","floor":4,"turns":4},{"damage":44,"enemies":"Lagavulin","floor":6,"turns":8},{"damage":6,"enemies":"Cultist","floor":7,"turns":3},{"damage":28,"enemies":"Gremlin Nob","floor":10,"turns":4},{"damage":10,"enemies":"3 Sentries","floor":11,"turns":11},{"damage":1,"enemies":"Looter","floor":12,"turns":3},{"damage":4,"enemies":"3 Louse","floor":13,"turns":3},{"damage":9,"enemies":"Blue Slaver","floor":14,"turns":4},{"damage":30,"enemies":"Slime Boss","floor":16,"turns":14},{"damage":2,"enemies":"Chosen","floor":18,"turns":3},{"damage":24,"enemies":"2 Thieves","floor":20,"turns":4},{"damage":22,"enemies":"Sentry and Sphere","floor":22,"turns":6},{"damage":5,"enemies":"Book of Stabbing","floor":23,"turns":5},{"damage":32,"enemies":"Gremlin Leader","floor":25,"turns":6},{"damage":28,"enemies":"Slavers","floor":27,"turns":7},{"damage":15,"enemies":"Snake Plant","floor":29,"turns":3},{"damage":15,"enemies":"Shelled Parasite and Fungi","floor":30,"turns":5},{"damage":12,"enemies":"Champ","floor":33,"turns":8},{"damage":15,"enemies":"3 Shapes","floor":35,"turns":5},{"damage":19,"enemies":"Orb Walker","floor":36,"turns":4},{"damage":13,"enemies":"3 Darklings","floor":38,"turns":6},{"damage":27,"enemies":"Maw","floor":39,"turns":5},{"damage":8,"enemies":"Nemesis","floor":40,"turns":5},{"damage":74,"enemies":"Sphere and 2 Shapes","floor":41,"turns":4},{"damage":17,"enemies":"Spire Growth","floor":44,"turns":3}],"seed_played":"-1840391920130717137","potions_obtained":[{"floor":4,"key":"Poison Potion"},{"floor":11,"key":"SpeedPotion"},{"floor":12,"key":"Weak Potion"},{"floor":16,"key":"Swift Potion"},{"floor":22,"key":"BloodPotion"},{"floor":23,"key":"Dexterity Potion"},{"floor":25,"key":"Swift Potion"},{"floor":30,"key":"SpeedPotion"},{"floor":33,"key":"SteroidPotion"},{"floor":35,"key":"SteroidPotion"}],"is_trial":false,"path_per_floor":["M","?","?","M","$","E","M","R","T","E","?","M","M","M","R","B",null,"M","$","M","$","M","E","R","E","T","E","?","M","M","?","R","B",null,"M","M","?","M","M","E","M","$","T","M"],"character_chosen":"IRONCLAD","items_purchased":["Flash of Steel+1","Flash of Steel+1","Disarm","Charon\u0027s Ashes","Strength Potion","Ancient Potion","Energy Potion"],"campfire_rested":2,"item_purchase_floors":[19,21,21,42,42,42,42],"current_hp_per_floor":[77,77,77,80,80,42,42,66,66,44,40,45,51,52,52,32,77,85,85,69,69,59,66,66,69,69,53,37,30,27,27,79,98,119,116,109,96,91,76,76,14,14,14,0],"gold":28,"neow_bonus":"ONE_RARE_RELIC","is_prod":false,"is_daily":false,"chose_seed":false,"campfire_upgraded":2,"win_rate":0,"timestamp":1567393345,"path_taken":["M","?","?","M","$","E","?","R","T","E","?","M","M","M","R","BOSS","M","$","M","$","M","E","R","E","T","E","?","M","M","?","R","BOSS","M","M","?","M","M","E","M","$","T","M"],"build_version":"2019-07-17","purchased_purges":2,"victory":false,"max_hp_per_floor":[80,80,80,80,80,80,80,80,80,80,80,80,84,88,88,92,92,96,96,98,98,104,110,110,112,112,118,118,120,126,126,126,126,126,132,138,138,140,146,148,154,154,154,154],"card_choices":[{"not_picked":["Battle Trance","Warcry"],"picked":"Pommel Strike","floor":1},{"not_picked":["Clash","Pommel Strike"],"picked":"Body Slam","floor":4},{"not_picked":["Shrug It Off","Flex"],"picked":"True Grit","floor":6},{"not_picked":["Sentinel","Heavy Blade"],"picked":"Ghostly Armor","floor":7},{"not_picked":["Shrug It Off","Metallicize"],"picked":"Armaments","floor":10},{"not_picked":["Perfected Strike+1","Iron Wave+1"],"picked":"Sword Boomerang+1","floor":11},{"not_picked":["Body Slam+1","Ghostly Armor"],"picked":"Feed+1","floor":12},{"not_picked":["Seeing Red","Uppercut+1"],"picked":"Corruption","floor":13},{"not_picked":["Shockwave","Clash+1"],"picked":"Feel No Pain","floor":14},{"not_picked":["Reaper+1","Brutality"],"picked":"Fiend Fire+1","floor":16},{"not_picked":["Clash+1","Body Slam+1"],"picked":"Shockwave","floor":18},{"not_picked":["Anger+1","Clash+1","Twin Strike+1"],"picked":"Singing Bowl","floor":20},{"not_picked":["Flex+1","Clash+1","Anger+1"],"picked":"Singing Bowl","floor":22},{"not_picked":["Entrench","Anger+1","Thunderclap+1"],"picked":"Singing Bowl","floor":23},{"not_picked":["Demon Form","Fire Breathing","Warcry"],"picked":"Singing Bowl","floor":25},{"not_picked":["Twin Strike+1","Evolve","Heavy Blade+1"],"picked":"Singing Bowl","floor":27},{"not_picked":["Warcry","Body Slam+1","Anger+1"],"picked":"Singing Bowl","floor":29},{"not_picked":["Sentinel+1","Havoc","Twin Strike+1"],"picked":"Singing Bowl","floor":30},{"not_picked":["Double Tap","Barricade"],"picked":"Feed+1","floor":33},{"not_picked":["Clothesline+1","Corruption+1","Flex"],"picked":"Singing Bowl","floor":35},{"not_picked":["Cleave+1","Armaments","Heavy Blade+1"],"picked":"Singing Bowl","floor":36},{"not_picked":["Iron Wave+1","Pommel Strike+1","Blood for Blood+1"],"picked":"Singing Bowl","floor":38},{"not_picked":["Anger+1","Searing Blow+1","Reckless Charge+1"],"picked":"Singing Bowl","floor":39},{"not_picked":["Clothesline+1","Immolate+1","Havoc"],"picked":"Singing Bowl","floor":40},{"not_picked":["Anger+1","Corruption","Body Slam+1"],"picked":"Singing Bowl","floor":41}],"player_experience":275793,"relics_obtained":[{"floor":6,"key":"Singing Bowl"},{"floor":9,"key":"Molten Egg 2"},{"floor":10,"key":"Boot"},{"floor":23,"key":"Regal Pillow"},{"floor":25,"key":"The Courier"},{"floor":26,"key":"Pantograph"},{"floor":27,"key":"Art of War"},{"floor":28,"key":"Nilry\u0027s Codex"},{"floor":43,"key":"Juzu Bracelet"}],"event_choices":[{"damage_healed":0,"gold_gain":0,"player_choice":"Grow","damage_taken":0,"max_hp_gain":0,"max_hp_loss":0,"event_name":"Living Wall","floor":2,"gold_loss":0,"cards_upgraded":["Bash"]},{"damage_healed":0,"gold_gain":0,"player_choice":"Forge","damage_taken":0,"max_hp_gain":0,"max_hp_loss":0,"event_name":"Accursed Blacksmith","floor":3,"gold_loss":0,"cards_upgraded":["Pommel Strike"]},{"damage_healed":0,"gold_gain":0,"player_choice":"Searched \u00273\u0027 times","damage_taken":0,"relics_obtained":["Shuriken"],"max_hp_gain":0,"max_hp_loss":0,"event_name":"Dead Adventurer","floor":11,"gold_loss":0},{"damage_healed":0,"gold_gain":0,"player_choice":"Obtained Book","damage_taken":16,"max_hp_gain":0,"max_hp_loss":0,"event_name":"Cursed Tome","floor":28,"gold_loss":0},{"damage_healed":0,"gold_gain":0,"player_choice":"Smashed Altar","damage_taken":0,"max_hp_gain":0,"max_hp_loss":0,"event_name":"Forgotten Altar","floor":31,"gold_loss":0,"cards_obtained":["Decay"]},{"damage_healed":0,"gold_gain":75,"player_choice":"Touch","damage_taken":13,"max_hp_gain":0,"max_hp_loss":0,"event_name":"FaceTrader","floor":37,"gold_loss":0}],"is_beta":false,"boss_relics":[{"not_picked":["Eternal Feather","Orrery"],"picked":"Astrolabe"},{"not_picked":["Runic Cube","Mark of Pain"],"picked":"Empty Cage"}],"items_purged_floors":[19,42],"is_endless":false,"potions_floor_spawned":[4,11,12,16,22,23,25,30,33,35,36,39],"killed_by":"Spire Growth","ascension_level":7}