{"gold_per_floor":[110,110,124,141,207,207,207,222,222,235,255,1,1,29,29,100,100,111,111,111,111,122,122,122,142,142,162,180,200,213,231,231,304,304,322,322,332,607,547,547,557,557],"floor_reached":42,"playtime":3960,"items_purged":["Regret"],"score":908,"play_id":"8b782c27-716c-4920-87c5-70c28204cd5a","local_time":"20190820145100","is_ascension_mode":true,"campfire_choices":[{"data":"Defragment","floor":6.0,"key":"SMITH"},{"floor":13.0,"key":"REST"},{"floor":15.0,"key":"REST"},{"data":"Loop","floor":23.0,"key":"SMITH"},{"data":"Biased Cognition","floor":24.0,"key":"SMITH"},{"data":"Beam Cell","floor":32,"key":"SMITH"},{"data":"Hologram","floor":40,"key":"SMITH"}],"neow_cost":"PERCENT_DAMAGE","seed_source_timestamp":428673624249171,"circlet_count":0,"master_deck":["AscendersBane","Defend_B+1","Defend_B+1","Defend_B+1","Defend_B+1","Zap","Dualcast","Biased Cognition+1","Compile Driver","Beam Cell+1","Defragment+1","Melter","Go for the Eyes","Leap","Conserve Battery","Capacitor","Stack","Amplify","Conserve Battery","Steam","Loop+1","Capacitor+1","Coolheaded+1","Stack","Compile Driver","Hologram+1","Machine Learning","Go for the Eyes+1","Conserve Battery+1","Stack+1"],"special_seed":0,"relics":["FrozenCore","WingedGreaves","Calipers","DataDisk","Regal Pillow","The Courier","Runic Pyramid"],"potions_floor_usage":[31,35,42],"damage_taken":[{"damage":0.0,"enemies":"2 Louse","floor":1.0,"turns":2.0},{"damage":2.0,"enemies":"Jaw Worm","floor":3.0,"turns":3.0},{"damage":8.0,"enemies":"Small Slimes","floor":4.0,"turns":4.0},{"damage":3.0,"enemies":"Blue Slaver","floor":8.0,"turns":4.0},{"damage":5.0,"enemies":"Red Slaver","floor":10.0,"turns":3.0},{"damage":1.0,"enemies":"Exordium Thugs","floor":11.0,"turns":4.0},{"damage":27.0,"enemies":"Gremlin Nob","floor":14.0,"turns":4.0},{"damage":20.0,"enemies":"The Guardian","floor":16.0,"turns":14.0},{"damage":2.0,"enemies":"Shell Parasite","floor":18.0,"turns":5.0},{"damage":0.0,"enemies":"Spheric Guardian","floor":22.0,"turns":3.0},{"damage":0.0,"enemies":"Chosen and Byrds","floor":25.0,"turns":6.0},{"damage":5.0,"enemies":"3 Cultists","floor":27.0,"turns":9.0},{"damage":10.0,"enemies":"Snake Plant","floor":28.0,"turns":7.0},{"damage":0.0,"enemies":"Snecko","floor":29.0,"turns":14.0},{"damage":0.0,"enemies":"Chosen and Byrds","floor":30.0,"turns":13.0},{"damage":0,"enemies":"Centurion and Healer","floor":31,"turns":9},{"damage":0,"enemies":"Automaton","floor":33,"turns":19},{"damage":3,"enemies":"3 Shapes","floor":35,"turns":9},{"damage":0,"enemies":"Orb Walker","floor":37,"turns":6},{"damage":34,"enemies":"Transient","floor":41,"turns":6},{"damage":53,"enemies":"Reptomancer","floor":42,"turns":2}],"seed_played":"-253316231950842125","potions_obtained":[{"floor":1.0,"key":"Block Potion"},{"floor":3.0,"key":"Regen Potion"},{"floor":8.0,"key":"Dexterity Potion"},{"floor":11.0,"key":"EssenceOfSteel"},{"floor":16.0,"key":"Swift Potion"},{"floor":27.0,"key":"Poison Potion"},{"floor":30.0,"key":"SkillPotion"},{"floor":31,"key":"Swift Potion"},{"floor":33,"key":"Regen Potion"}],"is_trial":false,"path_per_floor":["M","?","M","M","?","R","?","M","T","M","M","$","R","E","R","B",null,"M","?","?","T","M","R","R","M","T","M","M","M","M","M","R","B",null,"M","?","M","?","$","R","M","E"],"character_chosen":"DEFECT","items_purchased":["DataDisk","Capacitor"],"campfire_rested":2,"item_purchase_floors":[12,12],"current_hp_per_floor":[46,41,39,31,31,31,10,19,19,14,13,13,34,7,43,23,59,57,57,57,57,57,57,57,57,57,52,42,42,42,42,42,42,64,71,71,71,71,71,71,37,0],"gold":557,"neow_bonus":"TRANSFORM_TWO_CARDS","is_prod":false,"is_daily":false,"chose_seed":false,"campfire_upgraded":5,"win_rate":0,"timestamp":1566337860,"path_taken":["M","?","M","M","?","R","?","M","T","M","M","$","R","E","R","BOSS","M","?","?","?","M","R","R","M","T","M","M","M","?","M","R","BOSS","M","?","M","?","$","R","?","E"],"build_version":"2019-08-15","purchased_purges":1,"victory":false,"max_hp_per_floor":[71,71,71,71,71,71,71,71,71,71,71,71,71,71,71,71,71,71,71,71,71,71,71,71,71,71,71,71,71,71,71,71,71,71,71,71,71,71,71,71,71,71],"card_choices":[{"not_picked":["Hello World","Rebound"],"picked":"Beam Cell","floor":1.0},{"not_picked":["Cold Snap","Stack"],"picked":"Defragment","floor":3.0},{"not_picked":["Fusion","Streamline"],"picked":"Melter","floor":4.0},{"not_picked":["Thunder Strike","Reprogram"],"picked":"Go for the Eyes","floor":8.0},{"not_picked":["Barrage","Compile Driver"],"picked":"Leap","floor":10.0},{"not_picked":["Hello World","FTL"],"picked":"Conserve Battery","floor":11.0},{"not_picked":["Redo","Scrape"],"picked":"Stack","floor":14.0},{"not_picked":["Rainbow","Thunder Strike"],"picked":"Amplify","floor":16.0},{"not_picked":["Rebound","Steam"],"picked":"Conserve Battery","floor":18.0},{"not_picked":["Rebound","Scrape","Beam Cell"],"picked":"SKIP","floor":22.0},{"not_picked":["Compile Driver","Rebound"],"picked":"Capacitor+1","floor":25.0},{"not_picked":["Chill","Skim"],"picked":"Coolheaded+1","floor":27.0},{"not_picked":["Reprogram","Rainbow","Skim"],"picked":"SKIP","floor":28.0},{"not_picked":["Compile Driver","Sweeping Beam"],"picked":"Stack","floor":29.0},{"not_picked":["Steam","Go for the Eyes"],"picked":"Compile Driver","floor":30.0},{"not_picked":["Sweeping Beam","Doom and Gloom"],"picked":"Hologram","floor":31},{"not_picked":["Multi-Cast","Amplify"],"picked":"Machine Learning","floor":33},{"not_picked":["White Noise","Storm"],"picked":"Go for the Eyes+1","floor":35},{"not_picked":["Chaos","Scrape"],"picked":"Conserve Battery+1","floor":37},{"not_picked":["White Noise","Heatsinks"],"picked":"Stack+1","floor":41}],"player_experience":3012265,"relics_obtained":[{"floor":9.0,"key":"Calipers"},{"floor":14.0,"key":"Regal Pillow"},{"floor":26.0,"key":"The Courier"}],"event_choices":[{"damage_healed":0.0,"max_hp_gain":0.0,"max_hp_loss":0.0,"gold_gain":0.0,"event_name":"Scrap Ooze","player_choice":"Success","floor":2.0,"gold_loss":0.0,"damage_taken":5.0,"relics_obtained":["WingedGreaves"]},{"damage_healed":0.0,"max_hp_gain":0.0,"max_hp_loss":0.0,"gold_gain":66.0,"event_name":"Golden Wing","player_choice":"Gained Gold","floor":5.0,"gold_loss":0.0,"damage_taken":0.0},{"damage_healed":0.0,"max_hp_gain":0.0,"max_hp_loss":0.0,"gold_gain":0.0,"event_name":"Shining Light","player_choice":"Entered Light","floor":7.0,"gold_loss":0.0,"damage_taken":21.0,"cards_upgraded":["Strike_B","Defend_B"]},{"damage_healed":0.0,"max_hp_gain":0.0,"max_hp_loss":0.0,"gold_gain":0.0,"event_name":"Back to Basics","player_choice":"Simplicity","floor":19.0,"gold_loss":0.0,"damage_taken":0.0,"cards_upgraded":["Strike_B","Defend_B","Defend_B","Defend_B"]},{"damage_healed":0.0,"max_hp_gain":0.0,"max_hp_loss":0.0,"gold_gain":0.0,"cards_transformed":["Strike_B","Strike_B"],"event_name":"Drug Dealer","player_choice":"Became Test Subject","floor":20.0,"gold_loss":0.0,"damage_taken":0.0,"cards_obtained":["Steam","Loop"]},{"damage_healed":0,"gold_gain":0,"player_choice":"Ignored","damage_taken":0,"max_hp_gain":0,"max_hp_loss":0,"event_name":"Tomb of Lord Red Mask","floor":36,"gold_loss":0},{"damage_healed":0,"gold_gain":275,"player_choice":"Desecrate","damage_taken":0,"max_hp_gain":0,"max_hp_loss":0,"event_name":"Golden Shrine","floor":38,"gold_loss":0,"cards_obtained":["Regret"]}],"is_beta":true,"boss_relics":[{"not_picked":["Runic Dome","Lizard Tail"],"picked":"FrozenCore"},{"not_picked":["Black Star","Inserter"],"picked":"Runic Pyramid"}],"items_purged_floors":[39],"is_endless":false,"potions_floor_spawned":[1,3,8,11,16,27,30,31,33],"killed_by":"Reptomancer","ascension_level":20}