{"gold_per_floor":[109,157,169,189,206,206,220,207,253,310,330,6,6,25,25,130,130,149,163,179,179,191,191,207,207,207,2,2,2,14,32,32,32],"floor_reached":33,"playtime":3081,"items_purged":[],"score":295,"play_id":"9653e67f-e7b0-4c4f-a9ea-e9196809bc16","local_time":"20190824003552","is_ascension_mode":false,"campfire_choices":[{"data":"Rampage","floor":6,"key":"SMITH"},{"floor":15,"key":"REST"},{"floor":23,"key":"REST"},{"floor":25,"key":"REST"},{"floor":29,"key":"REST"},{"floor":32,"key":"REST"}],"neow_cost":"NONE","seed_source_timestamp":11227947953105,"circlet_count":0,"master_deck":["Strike_R","Strike_R","Strike_R","Strike_R","Defend_R","Defend_R","Defend_R","Defend_R","Bash+1","Intimidate","Rampage+1","Sever Soul","Clash","Shrug It Off","Headbutt","Rampage","Shrug It Off","Feel No Pain","Shrug It Off","Disarm","Riddle With Holes","Barricade","Sweeping Beam","Quick Slash+1","Sweeping Beam","Decay","Melter+1","Shrug It Off","Rampage+1","Whirlwind","Impervious","Pummel","Iron Wave","Mind Blast","Terror+1","Quick Slash+1","Outmaneuver+1"],"relics":["Burning Blood","Potion Belt","Dream Catcher","Letter Opener","PrismaticShard","Mark of Pain","Pantograph"],"potions_floor_usage":[10,16,16,16,16,22,30,33,33,33,33],"damage_taken":[{"damage":1,"enemies":"Cultist","floor":1,"turns":3},{"damage":6,"enemies":"2 Louse","floor":3,"turns":3},{"damage":7,"enemies":"Jaw Worm","floor":4,"turns":4},{"damage":13,"enemies":"Lots of Slimes","floor":5,"turns":5},{"damage":14,"enemies":"3 Louse","floor":7,"turns":3},{"damage":10,"enemies":"Exordium Thugs","floor":8,"turns":4},{"damage":50,"enemies":"Lagavulin Event","floor":10,"turns":8},{"damage":8,"enemies":"Lots of Slimes","floor":11,"turns":4},{"damage":7,"enemies":"Blue Slaver","floor":14,"turns":3},{"damage":2,"enemies":"Slime Boss","floor":16,"turns":6},{"damage":19,"enemies":"Shell Parasite","floor":18,"turns":6},{"damage":16,"enemies":"2 Thieves","floor":19,"turns":4},{"damage":43,"enemies":"Cultist and Chosen","floor":20,"turns":10},{"damage":12,"enemies":"Centurion and Healer","floor":22,"turns":9},{"damage":24,"enemies":"Snecko","floor":24,"turns":7},{"damage":51,"enemies":"Sentry and Sphere","floor":30,"turns":8},{"damage":6,"enemies":"Chosen and Byrds","floor":31,"turns":6},{"damage":85,"enemies":"Automaton","floor":33,"turns":10}],"seed_played":"5294586949500149342","potions_obtained":[{"floor":4,"key":"Regen Potion"},{"floor":8,"key":"Energy Potion"},{"floor":10,"key":"EssenceOfSteel"},{"floor":11,"key":"Block Potion"},{"floor":13,"key":"PowerPotion"},{"floor":14,"key":"Poison Potion"},{"floor":20,"key":"EssenceOfSteel"},{"floor":22,"key":"SteroidPotion"},{"floor":24,"key":"Fire Potion"},{"floor":31,"key":"Strength Potion"}],"is_trial":false,"path_per_floor":["M","T","M","M","M","R","M","M","T","?","M","$","?","M","R","B",null,"M","M","M","?","M","R","M","R","T","$","?","R","M","M","R","B"],"character_chosen":"IRONCLAD","items_purchased":["PrismaticShard","Feel No Pain","PowerPotion","Shrug It Off","SkillPotion","Impervious","Pummel"],"campfire_rested":5,"item_purchase_floors":[12,12,12,12,27,27,27],"current_hp_per_floor":[80,80,80,79,72,72,64,60,60,31,29,29,29,28,52,56,80,67,57,20,20,14,38,20,44,44,44,44,68,23,23,47,0],"gold":32,"neow_bonus":"UPGRADE_CARD","is_prod":false,"is_daily":false,"chose_seed":false,"campfire_upgraded":1,"win_rate":0.0,"timestamp":1566599752,"path_taken":["M","?","M","M","?","R","M","M","T","?","M","$","?","M","R","BOSS","M","M","?","?","M","R","M","R","T","$","?","R","M","?","R","BOSS"],"build_version":"2019-06-28","purchased_purges":0,"victory":false,"max_hp_per_floor":[80,80,80,80,80,80,80,80,80,80,80,80,80,80,80,80,80,80,80,80,80,80,80,80,80,80,80,80,80,80,80,80,80],"card_choices":[{"not_picked":["Heavy Blade","Whirlwind"],"picked":"Intimidate","floor":1},{"not_picked":["Twin Strike","Body Slam"],"picked":"Rampage","floor":3},{"not_picked":["Reckless Charge","Cleave"],"picked":"Sever Soul","floor":4},{"not_picked":["Power Through","Anger"],"picked":"Clash","floor":5},{"not_picked":["Perfected Strike","Burning Pact"],"picked":"Shrug It Off","floor":7},{"not_picked":["Ghostly Armor","Cleave"],"picked":"Headbutt","floor":8},{"not_picked":["Twin Strike","Headbutt"],"picked":"Rampage","floor":10},{"not_picked":["Body Slam","Searing Blow"],"picked":"Shrug It Off","floor":11},{"not_picked":["Limit Break","Uppercut"],"picked":"Disarm","floor":14},{"not_picked":["Cleave","Ghostly Armor"],"picked":"Riddle With Holes","floor":15},{"not_picked":["Mayhem","Fiend Fire"],"picked":"Barricade","floor":16},{"not_picked":["Go for the Eyes+1","Self Repair+1"],"picked":"Sweeping Beam","floor":18},{"not_picked":["Backflip","Coolheaded"],"picked":"Quick Slash+1","floor":19},{"not_picked":["Choke","Heatsinks"],"picked":"Sweeping Beam","floor":20},{"not_picked":["Blood for Blood+1","Dagger Spray"],"picked":"Melter+1","floor":22},{"not_picked":["Warcry","Beam Cell"],"picked":"Shrug It Off","floor":23},{"not_picked":["Entrench","Capacitor"],"picked":"Rampage+1","floor":24},{"not_picked":["Ball Lightning+1","Outmaneuver"],"picked":"Whirlwind","floor":25},{"not_picked":["Streamline","PiercingWail"],"picked":"Mind Blast","floor":29},{"not_picked":["Swift Strike+1","Glacier"],"picked":"Terror+1","floor":30},{"not_picked":["Disarm+1","Cold Snap"],"picked":"Quick Slash+1","floor":31},{"not_picked":["Chill","Glass Knife"],"picked":"Outmaneuver+1","floor":32}],"player_experience":9370,"relics_obtained":[{"floor":2,"key":"Potion Belt"},{"floor":9,"key":"Dream Catcher"},{"floor":26,"key":"Pantograph"}],"event_choices":[{"damage_healed":0,"gold_gain":0,"player_choice":"Searched \u00273\u0027 times","damage_taken":0,"relics_obtained":["Letter Opener"],"max_hp_gain":0,"max_hp_loss":0,"event_name":"Dead Adventurer","floor":10,"gold_loss":0},{"damage_healed":0,"gold_gain":0,"player_choice":"Got Potions","damage_taken":0,"max_hp_gain":0,"max_hp_loss":0,"event_name":"Lab","floor":13,"gold_loss":0},{"damage_healed":0,"gold_gain":0,"player_choice":"Smashed Altar","damage_taken":0,"max_hp_gain":0,"max_hp_loss":0,"event_name":"Forgotten Altar","floor":21,"gold_loss":0,"cards_obtained":["Decay"]},{"cards_removed":["Strike_R"],"damage_healed":0,"gold_gain":0,"player_choice":"Took Card","damage_taken":0,"max_hp_gain":0,"max_hp_loss":0,"event_name":"NoteForYourself","floor":28,"gold_loss":0,"cards_obtained":["Iron Wave"]}],"is_beta":true,"boss_relics":[{"not_picked":["Coffee Dripper","White Beast Statue"],"picked":"Mark of Pain"}],"items_purged_floors":[],"is_endless":false,"potions_floor_spawned":[4,8,10,11,14,20,22,24,31],"killed_by":"Automaton","ascension_level":0}