{"gold_per_floor":[117,117,141,7,7,40,40,61,61,61,102,121,139,178,178,269,269,284,297,297,322,322],"floor_reached":22,"playtime":986,"items_purged":[],"score":350,"play_id":"ad41c0b2-4b69-4be6-aec5-af9f8a8aaf5a","local_time":"20190331094402","is_ascension_mode":true,"campfire_choices":[{"data":"Feel No Pain","floor":10,"key":"SMITH"},{"data":"Fiend Fire","floor":15,"key":"SMITH"}],"neow_cost":"TEN_PERCENT_HP_LOSS","seed_source_timestamp":1525480740078870,"circlet_count":0,"master_deck":["AscendersBane","Strike_R","Defend_R","Defend_R","Defend_R","Defend_R","Bash","Fiend Fire+1","Feel No Pain+1","Armaments","Corruption","Shrug It Off","Anger","Inflame","Disarm","Clothesline","Body Slam","Immolate","Reaper","Feel No Pain+1","Demon Form+1","Feel No Pain+1","True Grit","Burning Pact"],"relics":["Burning Blood","Golden Idol","Self Forming Clay","Shuriken","Ornamental Fan","Lantern","Astrolabe","The Courier"],"potions_floor_usage":[11,21],"damage_taken":[{"damage":21,"enemies":"Cultist","floor":1,"turns":7},{"damage":0,"enemies":"Jaw Worm","floor":3,"turns":3},{"damage":24,"enemies":"3 Sentries","floor":6,"turns":11},{"damage":0,"enemies":"2 Louse","floor":8,"turns":3},{"damage":7,"enemies":"Lagavulin","floor":11,"turns":8},{"damage":3,"enemies":"Exordium Thugs","floor":12,"turns":5},{"damage":5,"enemies":"3 Louse","floor":13,"turns":6},{"damage":17,"enemies":"3 Sentries","floor":14,"turns":9},{"damage":28,"enemies":"Slime Boss","floor":16,"turns":8},{"damage":2,"enemies":"Chosen","floor":18,"turns":6},{"damage":45,"enemies":"3 Byrds","floor":19,"turns":8},{"damage":10,"enemies":"Cultist and Chosen","floor":21,"turns":9},{"damage":40,"enemies":"Shelled Parasite and Fungi","floor":22,"turns":7}],"seed_played":"-7147796240836312625","potions_obtained":[{"floor":3,"key":"Dexterity Potion"},{"floor":12,"key":"EssenceOfSteel"},{"floor":13,"key":"Ancient Potion"}],"is_trial":false,"path_per_floor":["M","?","M","$","?","E","?","M","T","R","E","M","M","E","R","B",null,"M","M","?","M","M"],"character_chosen":"IRONCLAD","items_purchased":["Corruption","Shrug It Off","Anger"],"campfire_rested":0,"item_purchase_floors":[4,4,4],"current_hp_per_floor":[53,53,59,59,59,41,41,47,47,47,46,49,50,39,39,17,52,56,23,23,40,0],"gold":322,"neow_bonus":"THREE_RARE_CARDS","is_prod":false,"is_daily":false,"chose_seed":false,"campfire_upgraded":2,"win_rate":0,"timestamp":1554039842,"path_taken":["M","?","M","$","?","E","?","M","T","R","E","M","M","E","R","BOSS","M","M","?","M","M"],"build_version":"2019-01-23","purchased_purges":0,"victory":false,"max_hp_per_floor":[68,63,63,63,63,63,63,63,63,63,63,63,63,63,63,63,63,63,63,63,63,63],"card_choices":[{"not_picked":["Reaper","Exhume"],"picked":"Fiend Fire","floor":0},{"not_picked":["Warcry","Havoc"],"picked":"Feel No Pain","floor":1},{"not_picked":["Power Through","Flex"],"picked":"Armaments","floor":3},{"not_picked":["Sword Boomerang","Flex"],"picked":"Inflame","floor":6},{"not_picked":["Clash","Perfected Strike"],"picked":"Disarm","floor":8},{"not_picked":["Anger","Sever Soul"],"picked":"Clothesline","floor":11},{"not_picked":["Pommel Strike","Perfected Strike","Searing Blow"],"picked":"SKIP","floor":12},{"not_picked":["Blood for Blood","Heavy Blade"],"picked":"Body Slam","floor":13},{"not_picked":["Flex","Sword Boomerang"],"picked":"Immolate","floor":14},{"not_picked":["Demon Form","Bludgeon"],"picked":"Reaper","floor":16},{"not_picked":["Clothesline","Iron Wave","Perfected Strike+1"],"picked":"SKIP","floor":18},{"not_picked":["Combust","Flex"],"picked":"True Grit","floor":19},{"not_picked":["Sword Boomerang","Seeing Red"],"picked":"Burning Pact","floor":21}],"player_experience":228511,"relics_obtained":[{"floor":6,"key":"Self Forming Clay"},{"floor":9,"key":"Shuriken"},{"floor":11,"key":"Ornamental Fan"},{"floor":14,"key":"Lantern"}],"event_choices":[{"damage_healed":0,"gold_gain":0,"player_choice":"Lose Max HP","damage_taken":0,"relics_obtained":["Golden Idol"],"max_hp_gain":0,"max_hp_loss":5,"event_name":"Golden Idol","floor":2,"gold_loss":0},{"damage_healed":0,"gold_gain":0,"player_choice":"Ignored","damage_taken":0,"max_hp_gain":0,"max_hp_loss":0,"event_name":"Liars Game","floor":5,"gold_loss":0},{"cards_removed":["Strike_R"],"damage_healed":0,"gold_gain":0,"player_choice":"Offered Basic","damage_taken":0,"max_hp_gain":0,"max_hp_loss":0,"event_name":"Bonfire Elementals","floor":7,"gold_loss":0},{"damage_healed":0,"gold_gain":0,"player_choice":"Opened","damage_taken":0,"relics_obtained":["The Courier"],"max_hp_gain":0,"max_hp_loss":0,"event_name":"The Mausoleum","floor":20,"gold_loss":0}],"is_beta":false,"boss_relics":[{"not_picked":["Runic Cube","Pandora\u0027s Box"],"picked":"Astrolabe"}],"items_purged_floors":[],"is_endless":false,"potions_floor_spawned":[3,12,13,16],"killed_by":"Shelled Parasite and Fungi","ascension_level":14}