{"gold_per_floor":[110,110,110,11,30,62,62,62,62,12,44,60,60,86,86,185,185,200,200,215,226,242,268,287,316,316,326,356,369,369,15,15,115,165,179,254,273,283,293,149,169,33,56,156,170,170,170,196,196,196],"floor_reached":51,"playtime":3535,"items_purged":["Strike_R"],"score":1117,"play_id":"0a93115c-5bb7-41b3-a060-ad1f542de7a9","local_time":"20190830201221","is_ascension_mode":true,"campfire_choices":[{"data":"Corruption","floor":7,"key":"SMITH"},{"data":"Whirlwind","floor":13,"key":"SMITH"},{"data":"True Grit","floor":15,"key":"SMITH"},{"data":"Limit Break","floor":32,"key":"SMITH"},{"data":"Demon Form","floor":47,"key":"SMITH"},{"data":"Disarm","floor":49,"key":"SMITH"}],"neow_cost":"NONE","seed_source_timestamp":6657290083037,"circlet_count":0,"master_deck":["Strike_R+1","Strike_R","Strike_R+1","Defend_R+1","Defend_R","Defend_R","Defend_R","Bash+1","Headbutt","Corruption+1","Havoc","Spot Weakness","Whirlwind+1","True Grit+1","Shrug It Off","Thunderclap+1","Offering","Pommel Strike+1","Disarm+1","Battle Trance","Reaper+1","Disarm","True Grit+1","Sever Soul+1","Limit Break+1","Feel No Pain","Feed+1","Body Slam+1","Iron Wave+1","Seeing Red+1","Demon Form+1","Fiend Fire+1","Headbutt+1","Exhume","Impervious","Secret Weapon","Flash of Steel+1","True Grit+1"],"relics":["Burning Blood","NeowsBlessing","Bag of Marbles","Molten Egg 2","Bottled Tornado","Pocketwatch","Runic Pyramid","Bag of Preparation","Happy Flower","Darkstone Periapt","Letter Opener","Pear","Strange Spoon","Tiny House","Blood Vial","Thread and Needle"],"potions_floor_usage":[14,16,21,23,23,25,50,50,50],"damage_taken":[{"damage":0,"enemies":"Small Slimes","floor":1,"turns":1},{"damage":0,"enemies":"Jaw Worm","floor":5,"turns":1},{"damage":0,"enemies":"Gremlin Nob","floor":6,"turns":1},{"damage":30,"enemies":"Lagavulin","floor":11,"turns":5},{"damage":0,"enemies":"2 Louse","floor":12,"turns":1},{"damage":0,"enemies":"3 Sentries","floor":14,"turns":2},{"damage":12,"enemies":"Slime Boss","floor":16,"turns":9},{"damage":13,"enemies":"3 Byrds","floor":18,"turns":2},{"damage":15,"enemies":"2 Thieves","floor":20,"turns":2},{"damage":14,"enemies":"Centurion and Healer","floor":21,"turns":3},{"damage":10,"enemies":"Shelled Parasite and Fungi","floor":22,"turns":3},{"damage":17,"enemies":"Slavers","floor":23,"turns":4},{"damage":0,"enemies":"Snecko","floor":24,"turns":4},{"damage":9,"enemies":"Book of Stabbing","floor":25,"turns":4},{"damage":6,"enemies":"3 Cultists","floor":27,"turns":3},{"damage":9,"enemies":"Gremlin Leader","floor":28,"turns":5},{"damage":0,"enemies":"Chosen and Byrds","floor":29,"turns":4},{"damage":51,"enemies":"Collector","floor":33,"turns":9},{"damage":6,"enemies":"3 Darklings","floor":35,"turns":3},{"damage":6,"enemies":"3 Shapes","floor":37,"turns":3},{"damage":24,"enemies":"3 Darklings","floor":38,"turns":4},{"damage":9,"enemies":"Sphere and 2 Shapes","floor":39,"turns":5},{"damage":32,"enemies":"Jaw Worm Horde","floor":41,"turns":3},{"damage":28,"enemies":"Mind Bloom Boss Battle","floor":44,"turns":6},{"damage":3,"enemies":"Writhing Mass","floor":45,"turns":5},{"damage":6,"enemies":"Nemesis","floor":48,"turns":5},{"damage":72,"enemies":"Time Eater","floor":50,"turns":14}],"seed_played":"-165734657294208432","potions_obtained":[{"floor":11,"key":"SteroidPotion"},{"floor":12,"key":"Energy Potion"},{"floor":14,"key":"Poison Potion"},{"floor":20,"key":"Weak Potion"},{"floor":21,"key":"EssenceOfSteel"},{"floor":22,"key":"Swift Potion"},{"floor":29,"key":"FearPotion"},{"floor":34,"key":"Regen Potion"},{"floor":38,"key":"Dexterity Potion"}],"is_trial":false,"path_per_floor":["M","?","?","$","M","E","R","$","T","?","E","M","R","E","R","B",null,"M","?","M","M","M","E","M","E","T","M","E","M","T","$","R","B",null,"M","?","M","M","M","$","M","$","T","?","M","?","R","E","R","B",null],"character_chosen":"IRONCLAD","items_purchased":["Corruption","Havoc","Feel No Pain","Strange Spoon","Fiend Fire+1","Exhume"],"campfire_rested":0,"item_purchase_floors":[4,4,31,31,40,42],"current_hp_per_floor":[78,78,62,62,68,74,74,74,74,74,50,56,56,62,62,56,74,67,67,58,50,46,35,53,50,50,80,77,80,90,90,90,61,88,99,90,94,91,96,96,92,92,92,92,97,87,87,110,110,107],"gold":196,"neow_bonus":"THREE_ENEMY_KILL","is_prod":false,"is_daily":false,"chose_seed":false,"campfire_upgraded":6,"win_rate":0,"timestamp":1567163541,"path_taken":["M","?","?","$","M","E","R","?","T","?","E","M","R","E","R","BOSS","M","?","M","M","M","E","M","E","T","M","E","M","?","$","R","BOSS","M","?","?","M","M","$","M","$","T","?","M","?","R","E","R","BOSS"],"build_version":"2019-07-17","purchased_purges":1,"victory":true,"max_hp_per_floor":[80,80,80,80,80,80,80,80,80,80,80,80,80,80,80,80,80,80,80,80,80,80,80,80,80,80,80,80,80,90,90,90,90,95,99,99,103,103,111,111,111,111,111,111,111,111,111,111,111,111],"card_choices":[{"not_picked":["Heavy Blade","Clash"],"picked":"Headbutt","floor":1},{"not_picked":["Sword Boomerang","Hemokinesis"],"picked":"Spot Weakness","floor":5},{"not_picked":["Thunderclap","Heavy Blade"],"picked":"Whirlwind","floor":6},{"not_picked":["Juggernaut","Combust"],"picked":"True Grit","floor":11},{"not_picked":["Cleave+1","Fire Breathing"],"picked":"Shrug It Off","floor":12},{"not_picked":["Sword Boomerang+1","Havoc"],"picked":"Thunderclap+1","floor":14},{"not_picked":["Exhume","Immolate+1"],"picked":"Offering","floor":16},{"not_picked":["Armaments","Headbutt+1","Reckless Charge+1"],"picked":"SKIP","floor":18},{"not_picked":["Thunderclap+1","Sword Boomerang+1"],"picked":"Pommel Strike+1","floor":20},{"not_picked":["Iron Wave+1","Uppercut+1"],"picked":"Disarm","floor":21},{"not_picked":["Shrug It Off","Intimidate"],"picked":"Battle Trance","floor":22},{"not_picked":["Thunderclap+1","Wild Strike+1"],"picked":"Reaper+1","floor":23},{"not_picked":["True Grit","Fire Breathing+1"],"picked":"Disarm","floor":24},{"not_picked":["Inflame","Reckless Charge+1"],"picked":"True Grit+1","floor":25},{"not_picked":["Whirlwind+1","Clothesline+1","Havoc"],"picked":"SKIP","floor":27},{"not_picked":["Blood for Blood+1","Wild Strike+1"],"picked":"Sever Soul+1","floor":28},{"not_picked":["Whirlwind+1","Heavy Blade+1"],"picked":"Limit Break","floor":29},{"not_picked":["Offering","Double Tap"],"picked":"Feed+1","floor":33},{"not_picked":["Warcry+1","Sword Boomerang+1"],"picked":"Body Slam+1","floor":34},{"not_picked":["Carnage+1","Rupture"],"picked":"Iron Wave+1","floor":35},{"not_picked":["Shrug It Off","Armaments+1"],"picked":"Seeing Red+1","floor":37},{"not_picked":["Flex+1","Anger+1"],"picked":"Demon Form","floor":38},{"not_picked":["Sever Soul+1","Twin Strike+1","Wild Strike+1"],"picked":"SKIP","floor":39},{"not_picked":["Armaments+1","Perfected Strike+1"],"picked":"Headbutt+1","floor":41},{"not_picked":["Warcry","Iron Wave+1"],"picked":"Impervious","floor":44},{"not_picked":["Body Slam+1","Sword Boomerang+1","Fire Breathing+1"],"picked":"SKIP","floor":45},{"not_picked":["Good Instincts","Forethought"],"picked":"Secret Weapon","floor":46},{"not_picked":["Metamorphosis","Madness"],"picked":"Flash of Steel+1","floor":46},{"not_picked":["Searing Blow+1","Metallicize"],"picked":"True Grit+1","floor":48}],"player_experience":269012,"relics_obtained":[{"floor":6,"key":"Bag of Marbles"},{"floor":9,"key":"Molten Egg 2"},{"floor":11,"key":"Bottled Tornado"},{"floor":14,"key":"Pocketwatch"},{"floor":23,"key":"Bag of Preparation"},{"floor":25,"key":"Happy Flower"},{"floor":26,"key":"Darkstone Periapt"},{"floor":28,"key":"Letter Opener"},{"floor":30,"key":"Pear"},{"floor":43,"key":"Blood Vial"},{"floor":44,"key":"Thread and Needle"}],"event_choices":[{"damage_healed":0,"gold_gain":0,"player_choice":"Grow","damage_taken":0,"max_hp_gain":0,"max_hp_loss":0,"event_name":"Living Wall","floor":2,"gold_loss":0,"cards_upgraded":["Bash"]},{"damage_healed":0,"gold_gain":0,"player_choice":"Entered Light","damage_taken":16,"max_hp_gain":0,"max_hp_loss":0,"event_name":"Shining Light","floor":3,"gold_loss":0,"cards_upgraded":["Defend_R","Strike_R"]},{"cards_removed":["Strike_R"],"damage_healed":0,"gold_gain":0,"player_choice":"Card Removal","damage_taken":0,"max_hp_gain":0,"max_hp_loss":0,"event_name":"The Cleric","floor":10,"gold_loss":50},{"damage_healed":0,"gold_gain":0,"player_choice":"Ignored","damage_taken":0,"max_hp_gain":0,"max_hp_loss":0,"event_name":"Vampires","floor":19,"gold_loss":0},{"damage_healed":0,"gold_gain":75,"player_choice":"Touch","damage_taken":9,"max_hp_gain":0,"max_hp_loss":0,"event_name":"FaceTrader","floor":36,"gold_loss":0},{"damage_healed":0,"gold_gain":0,"player_choice":"Fight","damage_taken":0,"max_hp_gain":0,"max_hp_loss":0,"event_name":"MindBloom","floor":44,"gold_loss":0},{"damage_healed":0,"gold_gain":0,"player_choice":"Memory 3","damage_taken":10,"max_hp_gain":0,"max_hp_loss":0,"event_name":"SensoryStone","floor":46,"gold_loss":0}],"is_beta":false,"boss_relics":[{"not_picked":["Black Star","Empty Cage"],"picked":"Runic Pyramid"},{"not_picked":["Eternal Feather","Philosopher\u0027s Stone"],"picked":"Tiny House"}],"items_purged_floors":[31],"is_endless":false,"potions_floor_spawned":[11,12,14,20,21,22,29,38,41,44],"ascension_level":6}