{"gold_per_floor":[113,113,113,263,263,263,283,283,283,2,31,44,44,60,60,134,134,147,197,210,210,225,225,244,272,272,272,289,42,57,77,77,148,148,166,182,199,199,215,215,230,15,42,56,56,56,103,120,120,120,120],"floor_reached":51,"playtime":6642,"items_purged":[],"score":1417,"play_id":"fcd666ec-7c90-464b-8712-f5fcc340842b","local_time":"20190824015211","is_ascension_mode":true,"campfire_choices":[{"data":"Zap","floor":6.0,"key":"SMITH"},{"data":"Hologram","floor":8.0,"key":"SMITH"},{"data":"Defragment","floor":15.0,"key":"SMITH"},{"floor":23.0,"key":"REST"},{"floor":27.0,"key":"RECALL"},{"floor":32.0,"key":"REST"},{"floor":40.0,"key":"REST"},{"floor":46.0,"key":"REST"},{"floor":49.0,"key":"REST"}],"neow_cost":"PERCENT_DAMAGE","seed_source_timestamp":165118900536400,"circlet_count":0,"master_deck":["AscendersBane","Strike_B","Strike_B","Defend_B","Defend_B","Defend_B","Defend_B","Zap+1","Dualcast","Hologram+1","Gash","Apotheosis+1","Hologram","Sweeping Beam","Glacier+1","Defragment+1","Chaos","Electrodynamics","Glacier+1","Cold Snap+1","Ball Lightning","Capacitor","Gash","Gash","Redo","Defragment","Sweeping Beam","Capacitor","Seek+1","Hologram+1","Hologram","Compile Driver+1"],"special_seed":0,"relics":["Cracked Core","FossilizedHelix","Bag of Marbles","Meat on the Bone","Potion Belt","Fusion Hammer","Regal Pillow","Strawberry","Empty Cage","Toy Ornithopter","War Paint","Prayer Wheel"],"potions_floor_usage":[],"damage_taken":[{"damage":0.0,"enemies":"Jaw Worm","floor":1.0,"turns":3.0},{"damage":0.0,"enemies":"Small Slimes","floor":7.0,"turns":2.0},{"damage":0.0,"enemies":"Lagavulin","floor":11.0,"turns":6.0},{"damage":0.0,"enemies":"2 Louse","floor":12.0,"turns":3.0},{"damage":0.0,"enemies":"2 Fungi Beasts","floor":14.0,"turns":2.0},{"damage":0.0,"enemies":"The Guardian","floor":16.0,"turns":9.0},{"damage":18.0,"enemies":"2 Thieves","floor":18.0,"turns":3.0},{"damage":26.0,"enemies":"3 Byrds","floor":20.0,"turns":4.0},{"damage":0.0,"enemies":"Sentry and Sphere","floor":22.0,"turns":3.0},{"damage":0.0,"enemies":"Snecko","floor":24.0,"turns":5.0},{"damage":18.0,"enemies":"Gremlin Leader","floor":25.0,"turns":5.0},{"damage":0.0,"enemies":"Chosen and Byrds","floor":28.0,"turns":5.0},{"damage":0.0,"enemies":"Cultist and Chosen","floor":30.0,"turns":6.0},{"damage":0.0,"enemies":"Centurion and Healer","floor":31.0,"turns":6.0},{"damage":59.0,"enemies":"Automaton","floor":33.0,"turns":10.0},{"damage":0.0,"enemies":"3 Shapes","floor":35.0,"turns":6.0},{"damage":18.0,"enemies":"3 Darklings","floor":36.0,"turns":6.0},{"damage":0.0,"enemies":"Writhing Mass","floor":37.0,"turns":8.0},{"damage":0.0,"enemies":"Sphere and 2 Shapes","floor":39.0,"turns":8.0},{"damage":40.0,"enemies":"3 Darklings","floor":41.0,"turns":4.0},{"damage":33.0,"enemies":"Jaw Worm Horde","floor":44.0,"turns":7.0},{"damage":57.0,"enemies":"2 Orb Walkers","floor":47.0,"turns":6.0},{"damage":0.0,"enemies":"Sphere and 2 Shapes","floor":48.0,"turns":4.0},{"damage":64,"enemies":"Awakened One","floor":50,"turns":17},{"damage":32,"enemies":"Time Eater","floor":51,"turns":11}],"seed_played":"-4709854429558022877","potions_obtained":[{"floor":11.0,"key":"EssenceOfSteel"},{"floor":16.0,"key":"FearPotion"},{"floor":18.0,"key":"FocusPotion"},{"floor":22.0,"key":"SteroidPotion"},{"floor":25.0,"key":"Ancient Potion"},{"floor":31.0,"key":"LiquidBronze"},{"floor":35.0,"key":"SkillPotion"},{"floor":38.0,"key":"FocusPotion"},{"floor":44.0,"key":"Fire Potion"}],"is_trial":false,"path_per_floor":["M","?","?","?","?","R","M","R","T","$","E","M","?","M","R","B",null,"M","?","M","?","M","R","M","E","T","R","M","$","M","M","R","B",null,"M","M","M","?","M","R","M","$","T","M","$","R","?","M","R","B","B"],"character_chosen":"DEFECT","items_purchased":["Apotheosis","Hologram","Sweeping Beam","Defragment","Strawberry","Toy Ornithopter"],"campfire_rested":5,"item_purchase_floors":[10,10,10,29,29,42],"current_hp_per_floor":[46,51,40,40,33,33,33,33,33,33,45,45,45,45,45,45,68,50,50,36,36,48,70,70,52,52,52,52,59,59,59,83,36,71,71,53,53,53,53,83,43,43,43,27,27,66,26,38,77,25,0],"gold":120,"neow_bonus":"ONE_RARE_RELIC","is_prod":false,"is_daily":false,"chose_seed":false,"campfire_upgraded":3,"win_rate":0,"timestamp":1566636731,"path_taken":["M","?","?","?","?","R","M","R","T","?","E","M","?","M","R","BOSS","M","?","M","?","M","R","M","E","T","R","M","$","M","?","R","BOSS","M","?","M","?","M","R","M","$","T","?","?","R","?","M","R","BOSS","BOSS"],"build_version":"2019-08-23","purchased_purges":0,"victory":false,"max_hp_per_floor":[71,76,76,76,76,76,76,76,76,76,76,76,76,76,76,76,76,76,76,76,76,76,76,76,76,76,76,76,83,83,83,83,83,83,83,83,83,83,83,83,83,83,83,83,83,83,83,83,83,83,83],"card_choices":[{"not_picked":["Turbo","Force Field"],"picked":"Hologram","floor":1.0},{"not_picked":["Stack","Steam"],"picked":"Gash","floor":7.0},{"not_picked":["Compile Driver","Sweeping Beam"],"picked":"Glacier","floor":11.0},{"not_picked":["Leap","Chaos"],"picked":"Defragment","floor":12.0},{"not_picked":["Beam Cell","Doom and Gloom"],"picked":"Chaos","floor":14.0},{"not_picked":["Amplify","Core Surge"],"picked":"Electrodynamics","floor":16.0},{"not_picked":["Coolheaded","Hologram"],"picked":"Glacier+1","floor":18.0},{"not_picked":["Ball Lightning+1","Static Discharge"],"picked":"Cold Snap+1","floor":20.0},{"not_picked":["Melter","Turbo"],"picked":"Capacitor","floor":22.0},{"not_picked":["Beam Cell","Barrage"],"picked":"Gash","floor":24.0},{"not_picked":["Steam","Hologram"],"picked":"Gash","floor":25.0},{"not_picked":["Genetic Algorithm","Streamline"],"picked":"Redo","floor":28.0},{"not_picked":["Barrage","Ball Lightning"],"picked":"Sweeping Beam","floor":30.0},{"not_picked":["Redo","Ball Lightning"],"picked":"Capacitor","floor":31.0},{"not_picked":["Multi-Cast","Creative AI"],"picked":"Seek","floor":33.0},{"not_picked":["Force Field","Doom and Gloom"],"picked":"Hologram+1","floor":35.0},{"not_picked":["Go for the Eyes","Darkness"],"picked":"Hologram","floor":36.0},{"not_picked":["Redo","Tempest","White Noise"],"picked":"SKIP","floor":37.0},{"not_picked":["Beam Cell","Stack","Coolheaded"],"picked":"SKIP","floor":39.0},{"not_picked":["Beam Cell","Biased Cognition","Undo"],"picked":"SKIP","floor":41.0},{"not_picked":["Auto Shields","Lockon"],"picked":"Compile Driver+1","floor":44.0},{"not_picked":["Scrape+1","Conserve Battery","Sweeping Beam"],"picked":"SKIP","floor":48.0},{"not_picked":["Leap","Reinforced Body","Sunder+1"],"picked":"SKIP","floor":48.0}],"player_experience":3041223,"relics_obtained":[{"floor":9.0,"key":"Meat on the Bone"},{"floor":11.0,"key":"Potion Belt"},{"floor":25.0,"key":"Regal Pillow"},{"floor":43.0,"key":"War Paint"},{"floor":47.0,"key":"Prayer Wheel"}],"event_choices":[{"damage_healed":0.0,"max_hp_gain":5.0,"max_hp_loss":0.0,"gold_gain":0.0,"event_name":"Big Fish","player_choice":"Donut","floor":2.0,"gold_loss":0.0,"damage_taken":0.0},{"damage_healed":0.0,"max_hp_gain":0.0,"max_hp_loss":0.0,"gold_gain":0.0,"event_name":"Scrap Ooze","player_choice":"Success","floor":3.0,"gold_loss":0.0,"damage_taken":11.0,"relics_obtained":["Bag of Marbles"]},{"damage_healed":0.0,"max_hp_gain":0.0,"max_hp_loss":0.0,"gold_gain":150.0,"event_name":"Liars Game","player_choice":"AGREE","floor":4.0,"gold_loss":0.0,"damage_taken":0.0,"cards_obtained":["Doubt"]},{"cards_removed":["Doubt"],"damage_healed":0.0,"max_hp_gain":0.0,"max_hp_loss":0.0,"gold_gain":0.0,"event_name":"Golden Wing","player_choice":"Card Removal","floor":5.0,"gold_loss":0.0,"damage_taken":7.0},{"damage_healed":0.0,"max_hp_gain":0.0,"max_hp_loss":0.0,"gold_gain":0.0,"event_name":"Living Wall","player_choice":"Grow","floor":13.0,"gold_loss":0.0,"damage_taken":0.0,"cards_upgraded":["Apotheosis"]},{"damage_healed":0.0,"max_hp_gain":0.0,"max_hp_loss":0.0,"gold_gain":50.0,"event_name":"Nest","player_choice":"Stole From Cult","floor":19.0,"gold_loss":0.0,"damage_taken":0.0},{"damage_healed":0.0,"max_hp_gain":0.0,"max_hp_loss":0.0,"gold_gain":0.0,"event_name":"Match and Keep!","player_choice":"1 cards matched","floor":21.0,"gold_loss":0.0,"damage_taken":0.0,"cards_obtained":["Ball Lightning"]},{"damage_healed":0.0,"max_hp_gain":0.0,"max_hp_loss":0.0,"gold_gain":0.0,"event_name":"Lab","player_choice":"Got Potions","floor":38.0,"gold_loss":0.0,"damage_taken":0.0},{"damage_healed":0.0,"max_hp_gain":0.0,"max_hp_loss":0.0,"gold_gain":0.0,"event_name":"Mysterious Sphere","player_choice":"Fight","floor":47.0,"gold_loss":0.0,"damage_taken":0.0}],"is_beta":true,"boss_relics":[{"not_picked":["Orrery","Runic Dome"],"picked":"Fusion Hammer"},{"not_picked":["Velvet Choker","Inserter"],"picked":"Empty Cage"}],"items_purged_floors":[],"is_endless":false,"potions_floor_spawned":[11,16,18,22,25,31,35,39,41,44],"killed_by":"Time Eater","ascension_level":20}