{"gold_per_floor":[110,12,42,42,57,57,82,102,102,131,131,141,141,160,160,262,262,278,188,205,225,235,235,264,264],"floor_reached":25,"playtime":1652,"items_purged":["Decay"],"score":256,"play_id":"6961be6b-cb34-4f02-b203-1d4f6a3e2d95","local_time":"20190814104825","is_ascension_mode":true,"campfire_choices":[{"data":"True Grit","floor":6,"key":"SMITH"},{"data":"Bash","floor":11,"key":"SMITH"},{"data":"Rampage","floor":15,"key":"SMITH"},{"data":"Berserk","floor":23,"key":"SMITH"}],"neow_cost":"CURSE","seed_source_timestamp":7872233275734,"circlet_count":0,"master_deck":["Strike_R","Strike_R","Strike_R","Strike_R","Defend_R","Defend_R","Defend_R","Defend_R","Bash+1","Rampage+1","True Grit+1","Armaments+1","Shrug It Off+1","Headbutt","Whirlwind","Disarm","Berserk+1","Burning Pact+1","Entrench"],"relics":["Black Blood","Dead Branch","Tiny Chest","Vajra","Bag of Preparation","Pear","Pocketwatch","Omamori"],"potions_floor_usage":[18,18,18,24],"damage_taken":[{"damage":15,"enemies":"Jaw Worm","floor":1,"turns":5},{"damage":6,"enemies":"Cultist","floor":5,"turns":3},{"damage":23,"enemies":"Gremlin Nob","floor":7,"turns":4},{"damage":2,"enemies":"2 Louse","floor":8,"turns":3},{"damage":13,"enemies":"3 Sentries","floor":10,"turns":8},{"damage":6,"enemies":"Gremlin Gang","floor":12,"turns":6},{"damage":0,"enemies":"Blue Slaver","floor":14,"turns":3},{"damage":9,"enemies":"The Guardian","floor":16,"turns":9},{"damage":16,"enemies":"Spheric Guardian","floor":18,"turns":5},{"damage":3,"enemies":"Chosen","floor":20,"turns":4},{"damage":13,"enemies":"Snecko","floor":21,"turns":5},{"damage":25,"enemies":"Centurion and Healer","floor":22,"turns":9},{"damage":19,"enemies":"Gremlin Leader","floor":24,"turns":6},{"damage":61,"enemies":"Masked Bandits","floor":25,"turns":5}],"seed_played":"8589354482028824770","potions_obtained":[{"floor":1,"key":"Dexterity Potion"},{"floor":5,"key":"Poison Potion"},{"floor":8,"key":"Fire Potion"},{"floor":16,"key":"Poison Potion"},{"floor":22,"key":"Fire Potion"}],"is_trial":false,"path_per_floor":["M","$","?","?","M","R","E","M","T","E","R","M","?","M","R","B",null,"M","?","M","M","M","R","E","?"],"character_chosen":"IRONCLAD","items_purchased":["True Grit"],"campfire_rested":0,"item_purchase_floors":[2],"current_hp_per_floor":[71,71,59,59,59,59,42,46,56,49,49,49,49,55,55,52,90,84,84,90,87,72,72,63,2],"gold":264,"neow_bonus":"ONE_RARE_RELIC","is_prod":false,"is_daily":false,"chose_seed":false,"campfire_upgraded":4,"win_rate":0,"timestamp":1565747305,"path_taken":["M","$","?","?","?","R","E","?","T","E","R","M","?","?","R","BOSS","M","?","?","M","M","R","E","?"],"build_version":"2019-07-17","purchased_purges":1,"victory":false,"max_hp_per_floor":[80,80,80,80,80,80,80,80,90,90,90,90,90,90,90,90,90,90,90,90,90,90,90,90,90],"card_choices":[{"not_picked":["Rage","Perfected Strike"],"picked":"Rampage","floor":1},{"not_picked":["Sword Boomerang","Havoc"],"picked":"Armaments","floor":5},{"not_picked":["Iron Wave","Havoc"],"picked":"Shrug It Off","floor":7},{"not_picked":["Thunderclap","Metallicize"],"picked":"Headbutt","floor":8},{"not_picked":["Twin Strike","Clothesline","Iron Wave"],"picked":"SKIP","floor":10},{"not_picked":["Bloodletting","Warcry"],"picked":"Whirlwind","floor":12},{"not_picked":["Wild Strike","Ghostly Armor"],"picked":"Disarm","floor":14},{"not_picked":["Immolate","Brutality"],"picked":"Berserk","floor":16},{"not_picked":["Pummel","Flex+1"],"picked":"Burning Pact+1","floor":18},{"not_picked":["Pummel","Heavy Blade+1"],"picked":"Entrench","floor":20},{"not_picked":["Rupture","Cleave","Flex"],"picked":"SKIP","floor":21},{"not_picked":["Wild Strike+1","Perfected Strike","Clash"],"picked":"SKIP","floor":22},{"not_picked":["Sever Soul+1","Carnage","Pommel Strike"],"picked":"SKIP","floor":24}],"player_experience":108073,"relics_obtained":[{"floor":7,"key":"Bag of Preparation"},{"floor":9,"key":"Pear"},{"floor":10,"key":"Pocketwatch"},{"floor":24,"key":"Omamori"}],"event_choices":[{"damage_healed":0,"gold_gain":0,"player_choice":"Success","damage_taken":12,"relics_obtained":["Tiny Chest"],"max_hp_gain":0,"max_hp_loss":0,"event_name":"Scrap Ooze","floor":3,"gold_loss":0},{"damage_healed":0,"gold_gain":0,"player_choice":"Gave Potion","damage_taken":0,"relics_obtained":["Vajra"],"max_hp_gain":0,"max_hp_loss":0,"event_name":"WeMeetAgain","floor":4,"gold_loss":0},{"damage_healed":0,"gold_gain":0,"player_choice":"Upgraded","damage_taken":0,"max_hp_gain":0,"max_hp_loss":0,"event_name":"Upgrade Shrine","floor":13,"gold_loss":0,"cards_upgraded":["Armaments"]},{"cards_removed":["Strike_R"],"damage_healed":0,"gold_gain":0,"player_choice":"Upgrade and Remove","damage_taken":0,"max_hp_gain":0,"max_hp_loss":0,"event_name":"Designer","floor":19,"gold_loss":90,"cards_upgraded":["Shrug It Off"]},{"damage_healed":0,"gold_gain":0,"player_choice":"Fought Bandits","damage_taken":0,"max_hp_gain":0,"max_hp_loss":0,"event_name":"Masked Bandits","floor":25,"gold_loss":0}],"is_beta":false,"boss_relics":[{"not_picked":["Velvet Choker","Cursed Key"],"picked":"Black Blood"}],"items_purged_floors":[2],"is_endless":false,"potions_floor_spawned":[1,5,8,16,22],"killed_by":"Masked Bandits","ascension_level":2}