{"gold_per_floor":[118,138,138,150,160,160,160,160,160,160,29,49,59,59,59,136,136,149,60,60,75,75,75,75,75,124,124,138,138],"floor_reached":29,"playtime":1192,"items_purged":[],"score":426,"play_id":"1bc29ae7-3db3-458f-8cd3-69c6f0dbc6b3","local_time":"20190104210347","is_ascension_mode":true,"campfire_choices":[{"floor":6,"key":"RECALL"},{"data":"Zap","floor":8,"key":"SMITH"},{"data":"Go for the Eyes","floor":10,"key":"SMITH"},{"data":"Loop","floor":15,"key":"SMITH"},{"floor":23,"key":"REST"},{"data":"Hologram","floor":25,"key":"SMITH"}],"neow_cost":"NONE","seed_source_timestamp":1100918398786577,"circlet_count":0,"master_deck":["AscendersBane","Strike_B","Strike_B","Strike_B","Strike_B","Defend_B","Defend_B","Defend_B","Defend_B","Zap+1","Dualcast","Chill","Sunder+1","Go for the Eyes+1","Core Surge","Glacier","Loop+1","Sweeping Beam","White Noise","Seek","Sweeping Beam","Force Field","Hologram+1","Ghostly","Ghostly","Ghostly","Barrage+1"],"relics":["Cracked Core","Runic Dome","Nloth\u0027s Gift","Juzu Bracelet"],"potions_floor_usage":[16],"damage_taken":[{"damage":15,"enemies":"2 Louse","floor":1,"turns":3},{"damage":0,"enemies":"Cultist","floor":2,"turns":3},{"damage":2,"enemies":"Small Slimes","floor":4,"turns":3},{"damage":2,"enemies":"Exordium Thugs","floor":5,"turns":4},{"damage":9,"enemies":"3 Louse","floor":12,"turns":3},{"damage":6,"enemies":"Lots of Slimes","floor":13,"turns":2},{"damage":27,"enemies":"The Guardian","floor":16,"turns":8},{"damage":16,"enemies":"3 Byrds","floor":18,"turns":5},{"damage":12,"enemies":"Chosen","floor":21,"turns":7},{"damage":22,"enemies":"3 Cultists","floor":28,"turns":7},{"damage":18,"enemies":"Shelled Parasite and Fungi","floor":29,"turns":2}],"seed_played":"4658181516037119639","potions_obtained":[{"floor":1,"key":"SteroidPotion"},{"floor":2,"key":"SteroidPotion"},{"floor":5,"key":"PowerPotion"},{"floor":18,"key":"Dexterity Potion"}],"is_trial":false,"path_per_floor":["M","M","?","M","M","R","?","R","T","R","$","M","M","$","R","B",null,"M","$","?","M","?","R","?","R","T","?","M","M"],"character_chosen":"DEFECT","items_purchased":["Glacier","Loop","Force Field"],"campfire_rested":1,"item_purchase_floors":[11,11,19],"current_hp_per_floor":[56,56,56,54,52,52,52,52,52,52,52,43,37,37,37,10,61,45,45,45,33,11,35,35,35,35,35,13,0],"gold":138,"neow_bonus":"TEN_PERCENT_HP_BONUS","is_prod":false,"is_daily":false,"chose_seed":false,"campfire_upgraded":4,"win_rate":0,"timestamp":1546664627,"path_taken":["M","M","?","?","M","R","?","R","T","R","$","M","M","?","R","BOSS","M","$","?","?","?","R","?","R","T","?","M","M"],"build_version":"2019-01-03v4","purchased_purges":0,"victory":false,"max_hp_per_floor":[78,78,78,78,78,78,78,78,78,78,78,78,78,78,78,78,78,78,78,78,78,83,83,41,41,41,41,41,41],"card_choices":[{"not_picked":["Beam Cell","Force Field"],"picked":"Chill","floor":1},{"not_picked":["Reinforced Body","Redo"],"picked":"Sunder","floor":2},{"not_picked":["Redo","Rip and Tear"],"picked":"Go for the Eyes","floor":4},{"not_picked":["Cold Snap","Turbo"],"picked":"Core Surge","floor":5},{"not_picked":["Rebound","Lockon"],"picked":"Sweeping Beam","floor":12},{"not_picked":["Reinforced Body","Force Field"],"picked":"White Noise","floor":13},{"not_picked":["Rainbow","Fission"],"picked":"Seek","floor":16},{"not_picked":["Redo","Rebound"],"picked":"Sweeping Beam","floor":18},{"not_picked":["Leap","Steam Power"],"picked":"Hologram","floor":21},{"not_picked":["Go for the Eyes","Undo"],"picked":"Barrage+1","floor":28}],"player_experience":2711275,"relics_obtained":[{"floor":26,"key":"Juzu Bracelet"}],"event_choices":[{"damage_healed":0,"gold_gain":0,"player_choice":"Trade","damage_taken":0,"relics_obtained":["CultistMask"],"max_hp_gain":0,"max_hp_loss":0,"event_name":"FaceTrader","floor":3,"gold_loss":0},{"damage_healed":0,"gold_gain":0,"player_choice":"Grow","damage_taken":0,"max_hp_gain":0,"max_hp_loss":0,"event_name":"Living Wall","floor":7,"gold_loss":0,"cards_upgraded":["Sunder"]},{"damage_healed":0,"gold_gain":0,"player_choice":"Traded Relic","damage_taken":0,"relics_obtained":["Nloth\u0027s Gift"],"max_hp_gain":0,"max_hp_loss":0,"event_name":"N\u0027loth","floor":20,"relics_lost":["CultistMask"],"gold_loss":0},{"damage_healed":0,"gold_gain":0,"player_choice":"Shed Blood","damage_taken":27,"max_hp_gain":5,"max_hp_loss":0,"event_name":"Forgotten Altar","floor":22,"gold_loss":0},{"damage_healed":0,"gold_gain":0,"player_choice":"Became a Ghost","damage_taken":0,"max_hp_gain":0,"max_hp_loss":42,"event_name":"Ghosts","floor":24,"gold_loss":0,"cards_obtained":["Ghostly","Ghostly","Ghostly"]},{"damage_healed":0,"gold_gain":0,"player_choice":"Ignored","damage_taken":0,"max_hp_gain":0,"max_hp_loss":0,"event_name":"The Mausoleum","floor":27,"gold_loss":0}],"is_beta":true,"boss_relics":[{"not_picked":["Philosopher\u0027s Stone","Coffee Dripper"],"picked":"Runic Dome"}],"items_purged_floors":[],"is_endless":false,"potions_floor_spawned":[1,2,5,18,21],"killed_by":"Shelled Parasite and Fungi","ascension_level":20}