{"gold_per_floor":[112,112,131,5,5,5,15,15,65,102,114,141,153,165,177,264,276,305,329,351,363],"floor_reached":21,"playtime":1091,"items_purged":[],"score":358,"play_id":"01cb2b81-e3b0-4029-a333-b0662723af44","local_time":"20190103040920","is_ascension_mode":true,"campfire_choices":[{"data":"Streamline","floor":6,"key":"SMITH"},{"data":"Cold Snap","floor":8,"key":"SMITH"},{"floor":11,"key":"DIG"},{"data":"Beam Cell","floor":15,"key":"SMITH"}],"neow_cost":"NONE","seed_source_timestamp":953721682171407,"circlet_count":0,"master_deck":["AscendersBane","Zap+1","Dualcast","Cold Snap+1","Streamline+1","Capacitor+1","Coolheaded","Coolheaded","Seek","Beam Cell+1","Echo Form","Conserve Battery","Skim","Static Discharge","Steam","Scrape","Recycle","Ball Lightning","Hello World","Cold Snap","Turbo","Steam"],"relics":["Cracked Core","MawBank","Shovel","Happy Flower","Thread and Needle","Pandora\u0027s Box"],"potions_floor_usage":[10,16,16],"damage_taken":[{"damage":4,"enemies":"2 Louse","floor":1,"turns":2},{"damage":0,"enemies":"Cultist","floor":3,"turns":3},{"damage":2,"enemies":"Jaw Worm","floor":7,"turns":3},{"damage":47,"enemies":"Gremlin Nob","floor":10,"turns":5},{"damage":9,"enemies":"Exordium Thugs","floor":12,"turns":4},{"damage":5,"enemies":"Hexaghost","floor":16,"turns":11},{"damage":10,"enemies":"Chosen","floor":18,"turns":5},{"damage":10,"enemies":"Spheric Guardian","floor":19,"turns":5},{"damage":37,"enemies":"3 Cultists","floor":20,"turns":6},{"damage":4,"enemies":"Chosen and Byrds","floor":21,"turns":2}],"seed_played":"3953500408677284078","potions_obtained":[{"floor":3,"key":"Block Potion"},{"floor":7,"key":"Regen Potion"},{"floor":12,"key":"Weak Potion"}],"is_trial":false,"path_per_floor":["M","?","M","$","?","R","M","R","T","E","R","M","$","T","R","B",null,"M","M","M","M"],"character_chosen":"DEFECT","items_purchased":["Capacitor","Coolheaded"],"campfire_rested":0,"item_purchase_floors":[4,4],"current_hp_per_floor":[60,65,65,65,65,65,63,63,63,30,30,21,21,21,21,16,61,51,41,4,0],"gold":363,"neow_bonus":"UPGRADE_CARD","is_prod":false,"is_daily":false,"chose_seed":false,"campfire_upgraded":3,"win_rate":0,"timestamp":1546517360,"path_taken":["M","?","M","$","?","R","?","R","T","E","R","M","$","?","R","BOSS","M","M","M","?"],"build_version":"2019-01-02","purchased_purges":0,"victory":false,"max_hp_per_floor":[71,76,76,76,76,76,76,76,76,76,76,76,76,76,76,76,76,76,76,76,76],"card_choices":[{"not_picked":["Sweeping Beam","Rebound"],"picked":"Cold Snap","floor":1},{"not_picked":["Double Energy","Compile Driver"],"picked":"Streamline","floor":3},{"not_picked":["Streamline","Conserve Battery"],"picked":"Coolheaded","floor":7},{"not_picked":["Tempest","Compile Driver"],"picked":"Seek","floor":10},{"not_picked":["Hello World","Force Field"],"picked":"Beam Cell","floor":12},{"not_picked":["Machine Learning","Buffer"],"picked":"Echo Form","floor":16},{"not_picked":["Sweeping Beam","Fusion"],"picked":"Cold Snap","floor":18},{"not_picked":["Rebound","Reinforced Body"],"picked":"Turbo","floor":19},{"not_picked":["Rebound","Cold Snap"],"picked":"Steam","floor":20}],"player_experience":2695706,"relics_obtained":[{"floor":9,"key":"MawBank"},{"floor":10,"key":"Shovel"},{"floor":11,"key":"Happy Flower"},{"floor":14,"key":"Thread and Needle"}],"event_choices":[{"damage_healed":0,"gold_gain":0,"player_choice":"Donut","damage_taken":0,"max_hp_gain":5,"max_hp_loss":0,"event_name":"Big Fish","floor":2,"gold_loss":0},{"damage_healed":0,"gold_gain":0,"player_choice":"Upgraded","damage_taken":0,"max_hp_gain":0,"max_hp_loss":0,"event_name":"Upgrade Shrine","floor":5,"gold_loss":0,"cards_upgraded":["Capacitor"]}],"is_beta":true,"boss_relics":[{"not_picked":["Calling Bell","Eternal Feather"],"picked":"Pandora\u0027s Box"}],"items_purged_floors":[],"is_endless":false,"potions_floor_spawned":[3,7,12],"killed_by":"Chosen and Byrds","ascension_level":20}