{"gold_per_floor":[362,2,19,19,19,50,65,100,100,100,125,135,166,177,177,278,278,288,288,306,306,306,306,341,341,395,426,426,426,443,512,512,617,617,636,908,919,1069,1119,1119,1119],"floor_reached":41,"playtime":1726,"items_purged":["Regret"],"score":549,"play_id":"af96c402-a26d-4ca2-9076-9a56cb10859c","local_time":"20190209190033","is_ascension_mode":true,"campfire_choices":[{"floor":15,"key":"REST"},{"data":"Seek","floor":23,"key":"SMITH"},{"data":"Capacitor","floor":25,"key":"SMITH"},{"floor":29,"key":"REST"},{"floor":32,"key":"REST"},{"data":"Amplify","floor":40,"key":"SMITH"}],"neow_cost":"CURSE","seed_source_timestamp":272076088375826,"circlet_count":0,"master_deck":["Strike_B+1","Strike_B+1","Defend_B+1","Defend_B+1","Defend_B+1","Defend_B+1","Zap","Dualcast+1","Capacitor+1","Glacier+1","Ball Lightning","Sunder","Storm","Reinforced Body","Core Surge","FTL","Seek+1","Go for the Eyes+1","Glacier","Gash+1","Cold Snap+1","Beam Cell+1","Self Repair","Amplify+1","Chill","Sweeping Beam+1","Compile Driver+1","Glacier+1","Go for the Eyes+1","Ball Lightning+1"],"relics":["FrozenCore","Strange Spoon","Emotion Chip","Bottled Tornado","Mercury Hourglass","Oddly Smooth Stone","Calipers","Molten Egg 2","Red Mask","Tiny Chest","Blood Vial","SsserpentHead","Orrery","Bird Faced Urn"],"potions_floor_usage":[13,14,16,24,27,33],"damage_taken":[{"damage":1,"enemies":"2 Louse","floor":1,"turns":2},{"damage":0,"enemies":"Small Slimes","floor":3,"turns":3},{"damage":11,"enemies":"Lagavulin","floor":6,"turns":9},{"damage":0,"enemies":"Cultist","floor":7,"turns":4},{"damage":20,"enemies":"Gremlin Nob","floor":8,"turns":5},{"damage":8,"enemies":"Lagavulin","floor":11,"turns":5},{"damage":0,"enemies":"Blue Slaver","floor":12,"turns":2},{"damage":2,"enemies":"Gremlin Nob","floor":13,"turns":3},{"damage":1,"enemies":"Exordium Thugs","floor":14,"turns":3},{"damage":28,"enemies":"Slime Boss","floor":16,"turns":10},{"damage":0,"enemies":"Spheric Guardian","floor":18,"turns":6},{"damage":0,"enemies":"Chosen","floor":20,"turns":4},{"damage":0,"enemies":"Masked Bandits","floor":24,"turns":4},{"damage":58,"enemies":"Gremlin Leader","floor":27,"turns":10},{"damage":6,"enemies":"Snake Plant","floor":30,"turns":5},{"damage":2,"enemies":"Snecko","floor":31,"turns":5},{"damage":39,"enemies":"Automaton","floor":33,"turns":14},{"damage":9,"enemies":"Orb Walker","floor":35,"turns":5},{"damage":30,"enemies":"3 Darklings","floor":37,"turns":6},{"damage":0,"enemies":"Mind Bloom Boss Battle","floor":38,"turns":7},{"damage":88,"enemies":"Giant Head","floor":41,"turns":13}],"seed_played":"-1259661428117331955","potions_obtained":[{"floor":1,"key":"GamblersBrew"},{"floor":6,"key":"Ancient Potion"},{"floor":10,"key":"FairyPotion"},{"floor":10,"key":"Explosive Potion"},{"floor":13,"key":"SkillPotion"},{"floor":14,"key":"GamblersBrew"},{"floor":18,"key":"FocusPotion"},{"floor":31,"key":"SkillPotion"},{"floor":33,"key":"Ancient Potion"},{"floor":38,"key":"SpeedPotion"}],"is_trial":false,"path_per_floor":["M","$","M","?","?","E","M","E","T","?","E","M","E","M","R","B",null,"M","?","M","T","?","R","?","R","T","E","?","R","M","M","R","B",null,"M","?","M","?","?","R","E"],"character_chosen":"DEFECT","items_purchased":["Strange Spoon","LiquidBronze"],"campfire_rested":3,"item_purchase_floors":[2,2],"current_hp_per_floor":[74,74,74,67,52,41,41,21,21,21,13,13,11,10,32,4,75,75,75,75,75,61,61,61,61,61,3,3,27,23,23,47,17,80,80,80,57,59,59,59,0],"gold":1119,"neow_bonus":"TWO_FIFTY_GOLD","is_prod":false,"is_daily":false,"chose_seed":false,"campfire_upgraded":3,"win_rate":0,"timestamp":1549756833,"path_taken":["M","$","M","?","?","E","M","E","T","?","E","M","E","?","R","BOSS","M","?","M","?","?","R","?","R","T","E","?","R","M","?","R","BOSS","M","?","M","?","?","R","E"],"build_version":"2019-01-23","purchased_purges":1,"victory":false,"max_hp_per_floor":[75,75,75,75,75,75,75,75,75,75,75,75,75,75,75,75,75,75,75,75,75,80,80,80,80,80,80,80,80,80,80,80,80,80,80,80,80,80,80,80,80],"card_choices":[{"not_picked":["Conserve Battery","Hologram"],"picked":"Capacitor","floor":1},{"not_picked":["Capacitor","White Noise"],"picked":"Glacier","floor":3},{"not_picked":["FTL","Conserve Battery"],"picked":"Ball Lightning","floor":6},{"not_picked":["Hologram","Sunder","Turbo"],"picked":"SKIP","floor":7},{"not_picked":["Hologram","Turbo"],"picked":"Sunder","floor":7},{"not_picked":["Barrage","Blizzard"],"picked":"Storm","floor":8},{"not_picked":["Thunder Strike","Gash"],"picked":"Reinforced Body","floor":11},{"not_picked":["Scrape","Sweeping Beam","Turbo"],"picked":"SKIP","floor":12},{"not_picked":["Streamline","Blizzard"],"picked":"Core Surge","floor":13},{"not_picked":["Compile Driver","Tempest"],"picked":"FTL","floor":14},{"not_picked":["Rainbow","Meteor Strike"],"picked":"Seek","floor":16},{"not_picked":["Redo+1","Rebound"],"picked":"Go for the Eyes+1","floor":18},{"not_picked":["Coolheaded","FTL"],"picked":"Glacier","floor":20},{"not_picked":["Meteor Strike+1","Compile Driver+1"],"picked":"Gash+1","floor":24},{"not_picked":["Aggregate","Force Field"],"picked":"Cold Snap+1","floor":27},{"not_picked":["Darkness","Hologram"],"picked":"Beam Cell+1","floor":30},{"not_picked":["Sweeping Beam+1","Stack+1"],"picked":"Self Repair","floor":31},{"not_picked":["Rainbow","Meteor Strike+1"],"picked":"Amplify","floor":33},{"not_picked":["Compile Driver+1","Rebound+1"],"picked":"Chill","floor":34},{"not_picked":["Turbo","Leap"],"picked":"Sweeping Beam+1","floor":34},{"not_picked":["Cold Snap+1","Turbo"],"picked":"Compile Driver+1","floor":34},{"not_picked":["Barrage+1","Sunder+1"],"picked":"Glacier+1","floor":34},{"not_picked":["Hologram","Skim"],"picked":"Go for the Eyes+1","floor":34},{"not_picked":["Scrape+1","Hologram","Beam Cell+1"],"picked":"SKIP","floor":35},{"not_picked":["Stack","Fusion"],"picked":"Ball Lightning+1","floor":37}],"player_experience":49682,"relics_obtained":[{"floor":6,"key":"Emotion Chip"},{"floor":8,"key":"Bottled Tornado"},{"floor":9,"key":"Mercury Hourglass"},{"floor":11,"key":"Oddly Smooth Stone"},{"floor":13,"key":"Calipers"},{"floor":21,"key":"Molten Egg 2"},{"floor":24,"key":"Red Mask"},{"floor":26,"key":"Tiny Chest"},{"floor":27,"key":"Blood Vial"},{"floor":38,"key":"Bird Faced Urn"}],"event_choices":[{"cards_removed":["Strike_B"],"damage_healed":0,"gold_gain":0,"player_choice":"Card Removal","damage_taken":7,"max_hp_gain":0,"max_hp_loss":0,"event_name":"Golden Wing","floor":4,"gold_loss":0},{"damage_healed":0,"gold_gain":0,"player_choice":"Entered Light","damage_taken":15,"max_hp_gain":0,"max_hp_loss":0,"event_name":"Shining Light","floor":5,"gold_loss":0,"cards_upgraded":["Glacier","Dualcast"]},{"damage_healed":0,"gold_gain":0,"player_choice":"Got Potions","damage_taken":0,"max_hp_gain":0,"max_hp_loss":0,"event_name":"Lab","floor":10,"gold_loss":0},{"damage_healed":0,"gold_gain":0,"player_choice":"Simplicity","damage_taken":0,"max_hp_gain":0,"max_hp_loss":0,"event_name":"Back to Basics","floor":19,"gold_loss":0,"cards_upgraded":["Strike_B","Strike_B","Strike_B","Defend_B","Defend_B","Defend_B","Defend_B"]},{"damage_healed":0,"gold_gain":0,"player_choice":"Shed Blood","damage_taken":19,"max_hp_gain":5,"max_hp_loss":0,"event_name":"Forgotten Altar","floor":22,"gold_loss":0},{"damage_healed":0,"gold_gain":0,"player_choice":"Fought Bandits","damage_taken":0,"max_hp_gain":0,"max_hp_loss":0,"event_name":"Masked Bandits","floor":24,"gold_loss":0},{"damage_healed":0,"gold_gain":0,"player_choice":"Trade","damage_taken":0,"relics_obtained":["SsserpentHead"],"max_hp_gain":0,"max_hp_loss":0,"event_name":"FaceTrader","floor":28,"gold_loss":0},{"damage_healed":0,"gold_gain":222,"player_choice":"Wore Mask","damage_taken":0,"max_hp_gain":0,"max_hp_loss":0,"event_name":"Tomb of Lord Red Mask","floor":36,"gold_loss":0},{"damage_healed":0,"gold_gain":0,"player_choice":"Fight","damage_taken":0,"max_hp_gain":0,"max_hp_loss":0,"event_name":"MindBloom","floor":38,"gold_loss":0},{"cards_removed":["Strike_B"],"damage_healed":0,"gold_gain":0,"player_choice":"Removed Attack","damage_taken":0,"max_hp_gain":0,"max_hp_loss":0,"event_name":"Falling","floor":39,"gold_loss":0}],"is_beta":false,"boss_relics":[{"not_picked":["White Beast Statue","Calling Bell"],"picked":"FrozenCore"},{"not_picked":["Velvet Choker","Black Star"],"picked":"Orrery"}],"items_purged_floors":[2],"is_endless":false,"potions_floor_spawned":[1,6,13,14,18,31,33,38],"killed_by":"Giant Head","ascension_level":4}