{"gold_per_floor":[117,117,128,147,163,163,179,206,206,206,222,222,222,222],"floor_reached":14,"playtime":594,"items_purged":[],"score":110,"play_id":"887207d1-a974-4677-84f3-5794941d772a","local_time":"20190818223651","is_ascension_mode":true,"campfire_choices":[{"data":"Bash","floor":6,"key":"SMITH"},{"floor":10,"key":"REST"},{"data":"Searing Blow","floor":12,"key":"SMITH"}],"neow_cost":"PERCENT_DAMAGE","seed_source_timestamp":44002655759008,"circlet_count":0,"master_deck":["Strike_R","Strike_R","Strike_R","Defend_R","Defend_R","Defend_R","Defend_R","Bash+1","Exhume","Searing Blow+1","Shrug It Off","Seeing Red","Burning Pact","Spot Weakness","Warcry","Double Tap+1"],"relics":["Burning Blood","Strawberry","Toxic Egg 2"],"potions_floor_usage":[8,8,8],"damage_taken":[{"damage":13,"enemies":"Jaw Worm","floor":1,"turns":5},{"damage":6,"enemies":"Cultist","floor":3,"turns":4},{"damage":0,"enemies":"2 Louse","floor":4,"turns":3},{"damage":17,"enemies":"2 Fungi Beasts","floor":5,"turns":5},{"damage":17,"enemies":"Red Slaver","floor":7,"turns":4},{"damage":32,"enemies":"3 Sentries","floor":8,"turns":8},{"damage":11,"enemies":"Blue Slaver","floor":11,"turns":4},{"damage":36,"enemies":"Exordium Thugs","floor":14,"turns":6}],"seed_played":"7350721206335241866","potions_obtained":[{"floor":1,"key":"Swift Potion"},{"floor":4,"key":"EssenceOfSteel"},{"floor":5,"key":"SkillPotion"}],"is_trial":false,"path_per_floor":["M","?","M","M","M","R","M","E","T","R","M","R","?","M"],"character_chosen":"IRONCLAD","items_purchased":[],"campfire_rested":1,"item_purchase_floors":[],"current_hp_per_floor":[49,49,49,55,44,44,33,14,14,40,35,35,35,0],"gold":222,"neow_bonus":"THREE_RARE_CARDS","is_prod":false,"is_daily":false,"chose_seed":false,"campfire_upgraded":2,"win_rate":0,"timestamp":1566135411,"path_taken":["M","?","?","M","M","R","M","E","T","R","M","R","?","M"],"build_version":"2019-07-17","purchased_purges":0,"victory":false,"max_hp_per_floor":[80,80,80,80,80,80,80,87,87,87,87,87,87,87],"card_choices":[{"not_picked":["Brutality","Demon Form"],"picked":"Exhume","floor":0},{"not_picked":["Cleave","Anger"],"picked":"Searing Blow","floor":1},{"not_picked":["Rage","Seeing Red"],"picked":"Shrug It Off","floor":3},{"not_picked":["Heavy Blade","Power Through"],"picked":"Seeing Red","floor":4},{"not_picked":["Searing Blow","Bloodletting"],"picked":"Burning Pact","floor":5},{"not_picked":["Twin Strike","Flex"],"picked":"Spot Weakness","floor":7},{"not_picked":["Wild Strike","Spot Weakness"],"picked":"Warcry","floor":8},{"not_picked":["Warcry+1","Shrug It Off+1"],"picked":"Double Tap+1","floor":11}],"player_experience":189212,"relics_obtained":[{"floor":8,"key":"Strawberry"},{"floor":9,"key":"Toxic Egg 2"}],"event_choices":[{"cards_removed":["Strike_R"],"damage_healed":0,"gold_gain":0,"player_choice":"Purged","damage_taken":0,"max_hp_gain":0,"max_hp_loss":0,"event_name":"Purifier","floor":2,"gold_loss":0},{"cards_removed":["Strike_R"],"damage_healed":0,"gold_gain":0,"player_choice":"Offered Basic","damage_taken":0,"max_hp_gain":0,"max_hp_loss":0,"event_name":"Bonfire Elementals","floor":13,"gold_loss":0}],"is_beta":false,"boss_relics":[],"items_purged_floors":[],"is_endless":false,"potions_floor_spawned":[1,4,5],"killed_by":"Exordium Thugs","ascension_level":4}