{"gold_per_floor":[119,119,119,44,44,78,78,78,78,103,121,121],"floor_reached":12,"playtime":312,"items_purged":["Defend_R"],"score":80,"play_id":"7f7ee25a-b235-4d63-9c3f-f0237ddadf8e","local_time":"20190901210459","is_ascension_mode":true,"campfire_choices":[{"floor":8,"key":"REST"}],"neow_cost":"NONE","seed_source_timestamp":253514195152400,"circlet_count":0,"master_deck":["Strike_R+1","Strike_R","Strike_R","Strike_R+1","Defend_R","Defend_R","Defend_R","Bash","Whirlwind"],"relics":["Burning Blood","Golden Idol","Oddly Smooth Stone","Letter Opener","Gremlin Horn"],"potions_floor_usage":[],"damage_taken":[{"damage":0,"enemies":"Small Slimes","floor":1,"turns":3},{"damage":38,"enemies":"Gremlin Nob","floor":6,"turns":5},{"damage":6,"enemies":"2 Louse","floor":10,"turns":2},{"damage":11,"enemies":"Jaw Worm","floor":11,"turns":2},{"damage":48,"enemies":"Lagavulin","floor":12,"turns":7}],"seed_played":"-6432248602818719283","potions_obtained":[{"floor":6,"key":"SpeedPotion"}],"is_trial":false,"path_per_floor":["M","?","?","$","?","E","?","R","T","M","M","E"],"character_chosen":"IRONCLAD","items_purchased":[],"campfire_rested":1,"item_purchase_floors":[],"current_hp_per_floor":[80,85,79,79,61,29,13,36,36,36,31,0],"gold":121,"neow_bonus":"REMOVE_CARD","is_prod":false,"is_daily":false,"chose_seed":false,"campfire_upgraded":0,"win_rate":0,"timestamp":1567397099,"path_taken":["M","?","?","$","?","E","?","R","T","M","M","E"],"build_version":"2019-07-17","purchased_purges":1,"victory":false,"max_hp_per_floor":[80,85,79,79,79,79,79,79,79,79,79,79],"card_choices":[{"not_picked":["Wild Strike","Armaments","Twin Strike"],"picked":"SKIP","floor":1},{"not_picked":["Warcry","Perfected Strike","Evolve"],"picked":"SKIP","floor":6},{"not_picked":["Clothesline","Thunderclap","Cleave"],"picked":"SKIP","floor":10},{"not_picked":["Clothesline","Bloodletting"],"picked":"Whirlwind","floor":11}],"player_experience":746207,"relics_obtained":[{"floor":6,"key":"Letter Opener"},{"floor":9,"key":"Gremlin Horn"}],"event_choices":[{"damage_healed":0,"gold_gain":0,"player_choice":"Donut","damage_taken":0,"max_hp_gain":5,"max_hp_loss":0,"event_name":"Big Fish","floor":2,"gold_loss":0},{"damage_healed":0,"gold_gain":0,"player_choice":"Lose Max HP","damage_taken":0,"relics_obtained":["Golden Idol"],"max_hp_gain":0,"max_hp_loss":6,"event_name":"Golden Idol","floor":3,"gold_loss":0},{"damage_healed":0,"gold_gain":0,"player_choice":"Success","damage_taken":18,"relics_obtained":["Oddly Smooth Stone"],"max_hp_gain":0,"max_hp_loss":0,"event_name":"Scrap Ooze","floor":5,"gold_loss":0},{"damage_healed":0,"gold_gain":0,"player_choice":"Entered Light","damage_taken":16,"max_hp_gain":0,"max_hp_loss":0,"event_name":"Shining Light","floor":7,"gold_loss":0,"cards_upgraded":["Strike_R","Strike_R"]}],"is_beta":false,"boss_relics":[],"items_purged_floors":[4],"is_endless":false,"potions_floor_spawned":[6],"killed_by":"Lagavulin","ascension_level":1}