{"gold_per_floor":[113,128,203,40,51,51,66,66,66,66,84,84,99,134,134,134],"floor_reached":16,"playtime":558,"items_purged":[],"score":153,"play_id":"d3c32b1e-b3e3-4abd-b435-7b0d63a49110","local_time":"20190902232611","is_ascension_mode":true,"campfire_choices":[{"data":"Apotheosis","floor":6,"key":"SMITH"},{"data":"Whirlwind","floor":8,"key":"SMITH"},{"data":"Impervious","floor":12,"key":"SMITH"},{"floor":15,"key":"REST"}],"neow_cost":"NONE","seed_source_timestamp":28498782374482,"circlet_count":0,"master_deck":["AscendersBane","Strike_R","Strike_R","Strike_R","Strike_R","Strike_R","Defend_R","Defend_R","Defend_R","Defend_R","Bash","Deep Breath","Whirlwind+1","Apotheosis+1","Impervious+1"],"relics":["Burning Blood","Red Skull","Question Card"],"potions_floor_usage":[14],"damage_taken":[{"damage":11,"enemies":"2 Louse","floor":1,"turns":3},{"damage":7,"enemies":"Jaw Worm","floor":2,"turns":3},{"damage":10,"enemies":"Cultist","floor":5,"turns":4},{"damage":0,"enemies":"Blue Slaver","floor":7,"turns":6},{"damage":0,"enemies":"2 Fungi Beasts","floor":11,"turns":2},{"damage":16,"enemies":"Gremlin Gang","floor":13,"turns":3},{"damage":20,"enemies":"Lagavulin","floor":14,"turns":5},{"damage":70,"enemies":"The Guardian","floor":16,"turns":9}],"seed_played":"2621782913092337883","potions_obtained":[{"floor":7,"key":"Ancient Potion"},{"floor":14,"key":"SmokeBomb"}],"is_trial":false,"path_per_floor":["M","M","?","$","M","R","M","R","T","$","M","R","M","E","R","B"],"character_chosen":"IRONCLAD","items_purchased":["Apotheosis"],"campfire_rested":1,"item_purchase_floors":[4],"current_hp_per_floor":[67,66,55,55,51,51,57,57,57,57,63,63,53,39,63,0],"gold":134,"neow_bonus":"RANDOM_COLORLESS","is_prod":false,"is_daily":false,"chose_seed":false,"campfire_upgraded":3,"win_rate":0,"timestamp":1567459571,"path_taken":["M","M","?","$","M","R","M","R","T","$","M","R","M","E","R","BOSS"],"build_version":"2019-07-17","purchased_purges":0,"victory":false,"max_hp_per_floor":[80,80,80,80,80,80,80,80,80,80,80,80,80,80,80,80],"card_choices":[{"not_picked":["True Grit","Feel No Pain","Sword Boomerang"],"picked":"SKIP","floor":1},{"not_picked":["Infernal Blade","Clash"],"picked":"Whirlwind","floor":2},{"not_picked":["Rage","Combust","Twin Strike"],"picked":"SKIP","floor":5},{"not_picked":["Pommel Strike","Clash","Headbutt"],"picked":"SKIP","floor":7},{"not_picked":["Havoc","Cleave"],"picked":"Impervious","floor":11},{"not_picked":["Flex","Heavy Blade","Armaments"],"picked":"SKIP","floor":13},{"not_picked":["True Grit","Heavy Blade","Disarm"],"picked":"SKIP","floor":14}],"player_experience":191614,"relics_obtained":[{"floor":9,"key":"Red Skull"},{"floor":14,"key":"Question Card"}],"event_choices":[{"damage_healed":0,"gold_gain":75,"player_choice":"Gather Gold","damage_taken":11,"max_hp_gain":0,"max_hp_loss":0,"event_name":"World of Goop","floor":3,"gold_loss":0}],"is_beta":false,"boss_relics":[],"items_purged_floors":[],"is_endless":false,"potions_floor_spawned":[7,14],"killed_by":"The Guardian","ascension_level":10}