{"gold_per_floor":[114,133,19,32,50,77,88,88,88,88,88,88],"floor_reached":12,"playtime":309,"items_purged":[],"score":128,"play_id":"64a04058-af4f-438c-a75f-61983c91e6c6","local_time":"20190316113517","is_ascension_mode":true,"campfire_choices":[{"data":"Body Slam","floor":8,"key":"SMITH"},{"data":"Intimidate","floor":10,"key":"SMITH"}],"neow_cost":"NONE","seed_source_timestamp":236752084846292,"circlet_count":0,"master_deck":["AscendersBane","Strike_R","Strike_R","Strike_R","Strike_R","Strike_R","Defend_R+1","Defend_R","Defend_R","Defend_R+1","Bash","Pommel Strike","Whirlwind","Rampage","Evolve","Ghostly Armor","Intimidate+1","Body Slam+1","Combust"],"relics":["Burning Blood","War Paint","Centennial Puzzle","Golden Idol"],"potions_floor_usage":[4,5],"damage_taken":[{"damage":7,"enemies":"2 Louse","floor":1,"turns":3},{"damage":0,"enemies":"Small Slimes","floor":2,"turns":2},{"damage":6,"enemies":"Cultist","floor":4,"turns":3},{"damage":2,"enemies":"2 Fungi Beasts","floor":5,"turns":3},{"damage":30,"enemies":"3 Sentries","floor":6,"turns":8},{"damage":22,"enemies":"Large Slime","floor":7,"turns":7},{"damage":56,"enemies":"Gremlin Nob","floor":12,"turns":4}],"seed_played":"-8096855704789037707","potions_obtained":[{"floor":1,"key":"Swift Potion"},{"floor":4,"key":"Energy Potion"}],"is_trial":false,"path_per_floor":["M","M","$","M","M","E","M","R","T","R","?","E"],"character_chosen":"IRONCLAD","items_purchased":["Evolve","Ghostly Armor"],"campfire_rested":0,"item_purchase_floors":[3,3],"current_hp_per_floor":[71,77,77,77,80,56,40,40,40,40,40,0],"gold":88,"neow_bonus":"THREE_CARDS","is_prod":false,"is_daily":false,"chose_seed":false,"campfire_upgraded":2,"win_rate":0,"timestamp":1552750517,"path_taken":["M","M","$","M","M","E","M","R","T","R","?","E"],"build_version":"2019-01-23","purchased_purges":0,"victory":false,"max_hp_per_floor":[80,80,80,80,80,80,80,80,80,80,74,74],"card_choices":[{"not_picked":["True Grit","Pummel"],"picked":"Pommel Strike","floor":0},{"not_picked":["Rupture","Hemokinesis"],"picked":"Whirlwind","floor":1},{"not_picked":["Cleave","Evolve"],"picked":"Rampage","floor":2},{"not_picked":["Havoc","Rampage"],"picked":"Intimidate","floor":4},{"not_picked":["Headbutt","Wild Strike"],"picked":"Body Slam","floor":5},{"not_picked":["True Grit","Exhume"],"picked":"Combust","floor":6},{"not_picked":["Perfected Strike","Cleave","Body Slam"],"picked":"SKIP","floor":7}],"player_experience":192440,"relics_obtained":[{"floor":6,"key":"War Paint"},{"floor":9,"key":"Centennial Puzzle"}],"event_choices":[{"damage_healed":0,"gold_gain":0,"player_choice":"Lose Max HP","damage_taken":0,"relics_obtained":["Golden Idol"],"max_hp_gain":0,"max_hp_loss":6,"event_name":"Golden Idol","floor":11,"gold_loss":0}],"is_beta":false,"boss_relics":[],"items_purged_floors":[],"is_endless":false,"potions_floor_spawned":[1,4],"killed_by":"Gremlin Nob","ascension_level":12}