{"gold_per_floor":[114,114,129,129,140,172,192,221,221,221],"floor_reached":10,"playtime":1841,"items_purged":[],"score":156,"play_id":"5229cdf6-4bcd-45ba-9c60-c7af201a4c0b","local_time":"20190624033032","is_ascension_mode":true,"campfire_choices":[],"neow_cost":"NONE","seed_source_timestamp":163640394068997,"circlet_count":0,"master_deck":["AscendersBane","Strike_R+1","Strike_R","Strike_R","Strike_R+1","Defend_R+1","Defend_R","Defend_R","Defend_R","Bash+1","Shockwave","Anger","Armaments","Dropkick","Shrug It Off"],"relics":["Burning Blood","Anchor","Sundial","Regal Pillow","Whetstone"],"potions_floor_usage":[6,8],"damage_taken":[{"damage":4,"enemies":"Small Slimes","floor":1,"turns":4},{"damage":0,"enemies":"Jaw Worm","floor":3,"turns":4},{"damage":0,"enemies":"2 Louse","floor":5,"turns":3},{"damage":20,"enemies":"3 Sentries","floor":6,"turns":8},{"damage":12,"enemies":"2 Fungi Beasts","floor":7,"turns":4},{"damage":17,"enemies":"Lagavulin","floor":8,"turns":6},{"damage":24,"enemies":"Gremlin Nob","floor":10,"turns":3}],"seed_played":"1041759946034337064","potions_obtained":[{"floor":3,"key":"GamblersBrew"},{"floor":5,"key":"Poison Potion"}],"is_trial":false,"path_per_floor":["M","?","M","?","M","E","M","E","T","E"],"character_chosen":"IRONCLAD","items_purchased":[],"campfire_rested":0,"item_purchase_floors":[],"current_hp_per_floor":[70,63,69,46,52,38,32,21,21,0],"gold":221,"neow_bonus":"RANDOM_COMMON_RELIC","is_prod":false,"is_daily":false,"chose_seed":false,"campfire_upgraded":0,"win_rate":0,"timestamp":1561361432,"path_taken":["M","?","M","?","M","E","?","E","T","E"],"build_version":"2019-01-23","purchased_purges":0,"victory":false,"max_hp_per_floor":[75,75,75,75,75,75,75,75,75,75],"card_choices":[{"not_picked":["Cleave","Sword Boomerang"],"picked":"Shockwave","floor":1},{"not_picked":["Sword Boomerang","Wild Strike","Havoc"],"picked":"SKIP","floor":3},{"not_picked":["Clash","Clothesline"],"picked":"Anger","floor":5},{"not_picked":["Anger","Rupture"],"picked":"Armaments","floor":6},{"not_picked":["Ghostly Armor","Exhume"],"picked":"Dropkick","floor":7},{"not_picked":["Wild Strike","Berserk"],"picked":"Shrug It Off","floor":8}],"player_experience":456885,"relics_obtained":[{"floor":6,"key":"Sundial"},{"floor":8,"key":"Regal Pillow"},{"floor":9,"key":"Whetstone"}],"event_choices":[{"cards_removed":["Strike_R"],"damage_healed":0,"gold_gain":0,"player_choice":"Card Removal","damage_taken":7,"max_hp_gain":0,"max_hp_loss":0,"event_name":"Golden Wing","floor":2,"gold_loss":0},{"damage_healed":0,"gold_gain":0,"player_choice":"Entered Light","damage_taken":23,"max_hp_gain":0,"max_hp_loss":0,"event_name":"Shining Light","floor":4,"gold_loss":0,"cards_upgraded":["Defend_R","Strike_R"]}],"is_beta":false,"boss_relics":[],"items_purged_floors":[],"is_endless":false,"potions_floor_spawned":[3,5],"killed_by":"Gremlin Nob","ascension_level":20}