{"gold_per_floor":[114,128,139,155,175,175,191,191,191,211,211,211,275,288,288,362,362,377,63,73,89,7,7],"floor_reached":23,"playtime":1013,"items_purged":[],"score":325,"play_id":"b9300ead-c810-4881-b670-6269b36b0b0d","local_time":"20190329111011","is_ascension_mode":true,"campfire_choices":[{"data":"Genetic Algorithm","floor":6.0,"key":"SMITH"},{"data":"Zap","floor":8.0,"key":"SMITH"},{"floor":11.0,"key":"REST"},{"data":"Fission","floor":15.0,"key":"SMITH"}],"neow_cost":"PERCENT_DAMAGE","seed_source_timestamp":0,"circlet_count":0,"master_deck":["AscendersBane","Strike_B","Strike_B","Strike_B","Defend_B","Defend_B","Defend_B","Defend_B","Zap+1","Dualcast","Gash","Genetic Algorithm+1","Echo Form","Leap","Streamline","Fission+1","Core Surge","Compile Driver","Defragment","Ball Lightning","Blizzard+1","Discovery"],"special_seed":0,"relics":["Cracked Core","Emotion Chip","Tiny Chest","Philosopher\u0027s Stone","ClockworkSouvenir"],"potions_floor_usage":[],"damage_taken":[{"damage":0.0,"enemies":"Small Slimes","floor":1.0,"turns":3.0},{"damage":0.0,"enemies":"Cultist","floor":2.0,"turns":4.0},{"damage":11.0,"enemies":"2 Louse","floor":3.0,"turns":2.0},{"damage":17.0,"enemies":"Exordium Thugs","floor":4.0,"turns":4.0},{"damage":4.0,"enemies":"3 Louse","floor":5.0,"turns":4.0},{"damage":6.0,"enemies":"Large Slime","floor":7.0,"turns":6.0},{"damage":11.0,"enemies":"Looter","floor":10.0,"turns":4.0},{"damage":3.0,"enemies":"Lagavulin","floor":13.0,"turns":6.0},{"damage":3.0,"enemies":"3 Louse","floor":14.0,"turns":3.0},{"damage":37.0,"enemies":"The Guardian","floor":16.0,"turns":15.0},{"damage":32,"enemies":"3 Byrds","floor":18,"turns":5},{"damage":4,"enemies":"Chosen","floor":20,"turns":4},{"damage":8,"enemies":"Centurion and Healer","floor":21,"turns":6},{"damage":32,"enemies":"Slavers","floor":23,"turns":1}],"seed_played":"-4593952598007609151","potions_obtained":[{"floor":1.0,"key":"Ancient Potion"},{"floor":13.0,"key":"Block Potion"},{"floor":14.0,"key":"Regen Potion"},{"floor":16.0,"key":"SteroidPotion"},{"floor":18,"key":"Poison Potion"},{"floor":21,"key":"Poison Potion"}],"is_trial":false,"path_per_floor":["M","M","M","M","M","R","M","R","T","M","R","?","E","M","R","B",null,"M","$","M","M","$","E"],"character_chosen":"DEFECT","items_purchased":["Defragment","Ball Lightning","ClockworkSouvenir","Discovery"],"campfire_rested":1,"item_purchase_floors":[19,19,19,22],"current_hp_per_floor":[64,64,53,36,32,32,26,26,26,15,41,41,38,35,35,13,70,38,38,34,26,26,0],"gold":7,"neow_bonus":"TWENTY_PERCENT_HP_BONUS","is_prod":false,"is_daily":false,"chose_seed":false,"campfire_upgraded":3,"win_rate":0,"timestamp":1553872211,"path_taken":["M","M","M","M","M","R","M","R","T","M","R","?","E","M","R","BOSS","M","$","?","M","$","E"],"build_version":"2019-01-23","purchased_purges":0,"victory":false,"max_hp_per_floor":[89,89,89,89,89,89,89,89,89,89,89,89,89,89,89,89,89,89,89,89,89,89,89],"card_choices":[{"not_picked":["Scrape","Skim","Rebound"],"picked":"SKIP","floor":1.0},{"not_picked":["Leap","Go for the Eyes"],"picked":"Gash","floor":2.0},{"not_picked":["Heatsinks","Storm"],"picked":"Genetic Algorithm","floor":3.0},{"not_picked":["Beam Cell","Rebound"],"picked":"Echo Form","floor":4.0},{"not_picked":["Chaos","Scrape","Compile Driver"],"picked":"SKIP","floor":5.0},{"not_picked":["Beam Cell","Recycle"],"picked":"Leap","floor":7.0},{"not_picked":["Go for the Eyes","Beam Cell","Barrage"],"picked":"SKIP","floor":10.0},{"not_picked":["Turbo","Reprogram"],"picked":"Streamline","floor":13.0},{"not_picked":["Turbo","Sweeping Beam"],"picked":"Fission","floor":14.0},{"not_picked":["Meteor Strike","Amplify"],"picked":"Core Surge","floor":16.0},{"not_picked":["Redo","Turbo"],"picked":"Compile Driver","floor":18},{"not_picked":["Heatsinks","Leap"],"picked":"Blizzard+1","floor":20},{"not_picked":["Streamline","Leap","Beam Cell"],"picked":"SKIP","floor":21}],"player_experience":224564,"relics_obtained":[{"floor":9.0,"key":"Emotion Chip"},{"floor":13.0,"key":"Tiny Chest"}],"event_choices":[{"cards_removed":["Strike_B"],"damage_healed":0.0,"max_hp_gain":0.0,"max_hp_loss":0.0,"gold_gain":0.0,"event_name":"Bonfire Elementals","player_choice":"Offered Basic","floor":12.0,"gold_loss":0.0,"damage_taken":0.0}],"is_beta":false,"boss_relics":[{"not_picked":["Ectoplasm","Black Star"],"picked":"Philosopher\u0027s Stone"}],"items_purged_floors":[],"is_endless":false,"potions_floor_spawned":[1,13,14,16,18,21],"killed_by":"Slavers","ascension_level":13}