{"gold_per_floor":[114,133,133,150,161,161,187,187,187,219,219,144,174,189,189,265,265,285,285,285],"floor_reached":20,"playtime":576,"items_purged":[],"score":365,"play_id":"908e05b7-83e1-403c-a28a-cb04700cc3b3","local_time":"20190510210421","is_ascension_mode":true,"campfire_choices":[{"data":"Zap","floor":6,"key":"SMITH"},{"floor":8,"key":"REST"},{"floor":11,"key":"REST"},{"floor":15,"key":"REST"}],"neow_cost":"NONE","seed_source_timestamp":6735990418207,"circlet_count":0,"master_deck":["AscendersBane","Zap+1","Dualcast","Ball Lightning","Gash","Coolheaded","Machine Learning","Hologram","Leap","Coolheaded","Buffer","Tempest","Stack","Auto Shields","Conserve Battery","Gash","Glacier","Genetic Algorithm"],"relics":["Cracked Core","NeowsBlessing","Mummified Hand","Nunchaku","Ginger","Emotion Chip","Pandora\u0027s Box"],"potions_floor_usage":[10,16],"damage_taken":[{"damage":0,"enemies":"Small Slimes","floor":1,"turns":1},{"damage":0,"enemies":"Cultist","floor":2,"turns":1},{"damage":0,"enemies":"Jaw Worm","floor":4,"turns":1},{"damage":11,"enemies":"Blue Slaver","floor":5,"turns":3},{"damage":26,"enemies":"3 Sentries","floor":7,"turns":7},{"damage":27,"enemies":"Gremlin Nob","floor":10,"turns":4},{"damage":24,"enemies":"3 Sentries","floor":13,"turns":8},{"damage":1,"enemies":"2 Fungi Beasts","floor":14,"turns":4},{"damage":13,"enemies":"The Guardian","floor":16,"turns":14},{"damage":36,"enemies":"Chosen","floor":18,"turns":8},{"damage":25,"enemies":"3 Byrds","floor":20,"turns":2}],"seed_played":"1996422107184976428","potions_obtained":[{"floor":1,"key":"Weak Potion"},{"floor":7,"key":"SpeedPotion"},{"floor":13,"key":"SteroidPotion"}],"is_trial":false,"path_per_floor":["M","M","?","M","M","R","E","R","T","E","R","?","E","M","R","B",null,"M","?","M"],"character_chosen":"DEFECT","items_purchased":[],"campfire_rested":3,"item_purchase_floors":[],"current_hp_per_floor":[64,64,64,64,53,53,27,48,48,21,42,42,18,17,38,25,60,24,24,0],"gold":285,"neow_bonus":"THREE_ENEMY_KILL","is_prod":false,"is_daily":false,"chose_seed":false,"campfire_upgraded":1,"win_rate":0,"timestamp":1557536661,"path_taken":["M","M","?","M","?","R","E","R","T","E","R","?","E","M","R","BOSS","M","?","M"],"build_version":"2019-01-23","purchased_purges":0,"victory":false,"max_hp_per_floor":[71,71,71,71,71,71,71,71,71,71,71,71,71,71,71,71,71,71,71,71],"card_choices":[{"not_picked":["Consume","Rip and Tear"],"picked":"Ball Lightning","floor":1},{"not_picked":["Sweeping Beam","Compile Driver","Tempest"],"picked":"SKIP","floor":2},{"not_picked":["Sweeping Beam","Compile Driver"],"picked":"Gash","floor":4},{"not_picked":["Compile Driver","Rebound"],"picked":"Coolheaded","floor":5},{"not_picked":["Gash","Steam"],"picked":"Machine Learning","floor":7},{"not_picked":["Hyperbeam","Rebound"],"picked":"Hologram","floor":10},{"not_picked":["Turbo","Compile Driver"],"picked":"Leap","floor":13},{"not_picked":["Stack","Redo"],"picked":"Coolheaded","floor":14},{"not_picked":["Hyperbeam","Meteor Strike"],"picked":"Buffer","floor":16},{"not_picked":["Beam Cell","Melter"],"picked":"Genetic Algorithm","floor":18}],"player_experience":352197,"relics_obtained":[{"floor":7,"key":"Mummified Hand"},{"floor":9,"key":"Nunchaku"},{"floor":10,"key":"Ginger"},{"floor":13,"key":"Emotion Chip"}],"event_choices":[{"cards_removed":["Strike_B"],"damage_healed":0,"gold_gain":0,"player_choice":"Offered Basic","damage_taken":0,"max_hp_gain":0,"max_hp_loss":0,"event_name":"Bonfire Elementals","floor":3,"gold_loss":0},{"cards_removed":["Strike_B"],"damage_healed":0,"gold_gain":0,"player_choice":"Card Removal","damage_taken":0,"max_hp_gain":0,"max_hp_loss":0,"event_name":"The Cleric","floor":12,"gold_loss":75},{"damage_healed":0,"gold_gain":0,"player_choice":"Ignored","damage_taken":0,"max_hp_gain":0,"max_hp_loss":0,"event_name":"Vampires","floor":19,"gold_loss":0}],"is_beta":false,"boss_relics":[{"not_picked":["Snecko Eye","Black Star"],"picked":"Pandora\u0027s Box"}],"items_purged_floors":[],"is_endless":false,"potions_floor_spawned":[1,7,13],"killed_by":"3 Byrds","ascension_level":18}