{"gold_per_floor":[111,111,111,111,135,168,168,168,168,168,196,214,239,99,99,99],"floor_reached":16,"playtime":289,"items_purged":[],"score":196,"play_id":"c56b9e1d-4f12-4c9e-8331-a7489afbc2c9","local_time":"20190815165948","is_ascension_mode":true,"campfire_choices":[{"floor":8,"key":"REST"},{"data":"Sweeping Beam","floor":10,"key":"SMITH"},{"data":"Loop","floor":15,"key":"SMITH"}],"neow_cost":"NONE","seed_source_timestamp":156480360007372,"circlet_count":0,"master_deck":["AscendersBane","Strike_B","Strike_B","Strike_B","Defend_B","Defend_B","Defend_B","Defend_B","Zap","Dualcast","Sweeping Beam+1","Ball Lightning","Self Repair","Buffer","Loop+1","Hello World"],"relics":["Cracked Core","Blue Candle","Golden Idol","Dodecahedron","Sundial","Odd Mushroom"],"potions_floor_usage":[6,6,16],"damage_taken":[{"damage":0,"enemies":"Cultist","floor":1,"turns":3},{"damage":2,"enemies":"2 Louse","floor":5,"turns":2},{"damage":38,"enemies":"Lagavulin","floor":6,"turns":6},{"damage":15,"enemies":"The Mushroom Lair","floor":11,"turns":4},{"damage":10,"enemies":"Small Slimes","floor":12,"turns":3},{"damage":14,"enemies":"3 Louse","floor":13,"turns":4},{"damage":26,"enemies":"Hexaghost","floor":16,"turns":5}],"seed_played":"-8266251450333298511","potions_obtained":[{"floor":1,"key":"SkillPotion"},{"floor":5,"key":"Block Potion"}],"is_trial":false,"path_per_floor":["M","T","?","?","M","E","?","R","T","R","?","M","M","$","R","B"],"character_chosen":"DEFECT","items_purchased":["Hello World","Poison Potion"],"campfire_rested":1,"item_purchase_floors":[14,14],"current_hp_per_floor":[64,64,64,64,62,24,24,43,43,43,35,32,25,25,25,0],"gold":99,"neow_bonus":"REMOVE_CARD","is_prod":false,"is_daily":false,"chose_seed":false,"campfire_upgraded":2,"win_rate":0,"timestamp":1565902788,"path_taken":["M","?","?","?","M","E","?","R","T","R","?","?","M","$","R","BOSS"],"build_version":"2019-07-17","purchased_purges":0,"victory":false,"max_hp_per_floor":[71,71,64,64,64,64,64,64,64,64,64,64,64,64,64,64],"card_choices":[{"not_picked":["White Noise","Scrape"],"picked":"Sweeping Beam","floor":1},{"not_picked":["Leap","Coolheaded"],"picked":"Ball Lightning","floor":5},{"not_picked":["BootSequence","Recycle"],"picked":"Self Repair","floor":6},{"not_picked":["Compile Driver","Aggregate"],"picked":"Buffer","floor":11},{"not_picked":["Steam","Leap","Redo"],"picked":"SKIP","floor":12},{"not_picked":["Hologram","Chaos"],"picked":"Loop","floor":13}],"player_experience":562943,"relics_obtained":[{"floor":2,"key":"Blue Candle"},{"floor":6,"key":"Dodecahedron"},{"floor":9,"key":"Sundial"},{"floor":11,"key":"Odd Mushroom"}],"event_choices":[{"damage_healed":0,"gold_gain":0,"player_choice":"Lose Max HP","damage_taken":0,"relics_obtained":["Golden Idol"],"max_hp_gain":0,"max_hp_loss":7,"event_name":"Golden Idol","floor":3,"gold_loss":0},{"damage_healed":0,"gold_gain":0,"player_choice":"Ignored","damage_taken":0,"max_hp_gain":0,"max_hp_loss":0,"event_name":"Liars Game","floor":4,"gold_loss":0},{"damage_healed":0,"gold_gain":0,"player_choice":"Searched \u00270\u0027 times","damage_taken":0,"max_hp_gain":0,"max_hp_loss":0,"event_name":"Dead Adventurer","floor":7,"gold_loss":0},{"damage_healed":0,"gold_gain":0,"player_choice":"Fought Mushrooms","damage_taken":0,"max_hp_gain":0,"max_hp_loss":0,"event_name":"Mushrooms","floor":11,"gold_loss":0}],"is_beta":false,"boss_relics":[],"items_purged_floors":[],"is_endless":false,"potions_floor_spawned":[1,5],"killed_by":"Hexaghost","ascension_level":20}