{"gold_per_floor":[20,20,95,3,3,3,28,28,28,49,74,74,74,115,115,206,206,224,245,245,40,55,55,30,74,101,101,101,26,51,69,69,163,163,181,514,528,545,16,16,27,27,51,51,51,51,6,16,16,16],"floor_reached":50,"playtime":1292,"items_purged":["Pain","Strike_R"],"score":939,"play_id":"314e763d-e64c-43d1-9295-e2ae23e29106","local_time":"20190520230201","is_ascension_mode":true,"campfire_choices":[{"data":"Inflame","floor":6.0,"key":"SMITH"},{"data":"True Grit","floor":8.0,"key":"SMITH"},{"data":"Inflame","floor":13.0,"key":"SMITH"},{"data":"Bash","floor":15.0,"key":"SMITH"},{"floor":23.0,"key":"REST"},{"floor":27.0,"key":"REST"},{"floor":32.0,"key":"REST"},{"data":"Heavy Blade","floor":40.0,"key":"SMITH"},{"data":"Sword Boomerang","floor":42.0,"key":"SMITH"},{"floor":49.0,"key":"REST"}],"neow_cost":"NO_GOLD","seed_source_timestamp":876911738125727,"circlet_count":0,"master_deck":["AscendersBane","Strike_R","Strike_R","Strike_R","Defend_R","Defend_R+1","Defend_R+1","Defend_R","Bash+1","Flash of Steel","Panacea","Inflame+1","True Grit+1","Inflame+1","Shrug It Off","Spot Weakness","Impervious","Reaper","Spot Weakness","Battle Trance","Sword Boomerang+1","Impervious","Uppercut+1","Dual Wield","Juggernaut","Warcry+1","Warcry+1","Heavy Blade+1","Pummel","Decay","Madness","Madness","Discovery","Battle Trance","True Grit+1"],"special_seed":0,"relics":["Burning Blood","Bag of Preparation","War Paint","Pen Nib","Cursed Key","Sundial","Juzu Bracelet","Dream Catcher","Bronze Scales","Empty Cage","Bag of Marbles","OrangePellets","Centennial Puzzle"],"potions_floor_usage":[],"damage_taken":[{"damage":4.0,"enemies":"2 Louse","floor":1.0,"turns":3.0},{"damage":10.0,"enemies":"Small Slimes","floor":7.0,"turns":2.0},{"damage":0.0,"enemies":"Jaw Worm","floor":10.0,"turns":3.0},{"damage":3.0,"enemies":"Looter","floor":11.0,"turns":3.0},{"damage":24.0,"enemies":"Gremlin Nob","floor":14.0,"turns":4.0},{"damage":42.0,"enemies":"The Guardian","floor":16.0,"turns":14.0},{"damage":12.0,"enemies":"Chosen","floor":18.0,"turns":3.0},{"damage":19.0,"enemies":"3 Byrds","floor":19.0,"turns":6.0},{"damage":25.0,"enemies":"Snake Plant","floor":22.0,"turns":5.0},{"damage":42.0,"enemies":"Gremlin Leader","floor":25.0,"turns":7.0},{"damage":27.0,"enemies":"Cultist and Chosen","floor":31.0,"turns":6.0},{"damage":69.0,"enemies":"Automaton","floor":33.0,"turns":10.0},{"damage":56.0,"enemies":"3 Darklings","floor":35.0,"turns":5.0},{"damage":27.0,"enemies":"3 Shapes","floor":37.0,"turns":8.0},{"damage":38.0,"enemies":"Jaw Worm Horde","floor":38.0,"turns":5.0},{"damage":32.0,"enemies":"3 Darklings","floor":41.0,"turns":5.0},{"damage":38.0,"enemies":"Writhing Mass","floor":48.0,"turns":5.0},{"damage":85,"enemies":"Awakened One","floor":50,"turns":4}],"seed_played":"-6822230969221048528","potions_obtained":[{"floor":1.0,"key":"Weak Potion"},{"floor":10.0,"key":"PowerPotion"},{"floor":22.0,"key":"SpeedPotion"},{"floor":33.0,"key":"LiquidBronze"},{"floor":41.0,"key":"Weak Potion"}],"is_trial":false,"path_per_floor":["M","?","?","$","?","R","M","R","T","M","M","?","R","E","R","B",null,"M","M","?","$","M","R","$","E","T","R","?","$","T","M","R","B",null,"M","?","M","M","$","R","M","R","T","?","?","?","$","M","R","B"],"character_chosen":"IRONCLAD","items_purchased":["Inflame","Explosive Potion","Reaper","SpeedPotion","Spot Weakness","Sword Boomerang","Bag of Marbles","OrangePellets","Heavy Blade","Battle Trance"],"campfire_rested":4,"item_purchase_floors":[4,4,21,21,21,24,39,39,39,47],"current_hp_per_floor":[70,68,57,57,57,57,53,53,53,59,62,62,62,44,44,8,53,47,34,34,34,27,47,47,27,27,47,47,47,47,47,67,36,60,68,68,68,43,43,43,59,59,59,47,47,47,47,15,35,0],"gold":16,"neow_bonus":"RANDOM_COLORLESS_2","is_prod":false,"is_daily":false,"chose_seed":false,"campfire_upgraded":6,"win_rate":0,"timestamp":1558407721,"path_taken":["M","?","?","?","?","R","M","R","T","?","M","?","R","E","R","BOSS","M","M","?","$","M","R","?","E","T","R","?","$","?","M","R","BOSS","M","?","M","M","$","R","M","R","T","?","?","?","$","M","R","BOSS"],"build_version":"2019-01-23","purchased_purges":2,"victory":false,"max_hp_per_floor":[75,68,68,68,68,68,68,68,68,68,68,68,68,68,68,68,68,68,68,68,68,68,68,68,68,68,68,68,68,68,68,68,68,68,68,68,68,68,68,68,68,68,68,68,68,68,68,68,68,68],"card_choices":[{"not_picked":["Clash","Pummel"],"picked":"Rage","floor":1.0},{"not_picked":["Rage","Twin Strike"],"picked":"True Grit","floor":7.0},{"not_picked":["Body Slam","Clash"],"picked":"Inflame","floor":10.0},{"not_picked":["Headbutt","Iron Wave"],"picked":"Shrug It Off","floor":11.0},{"not_picked":["Twin Strike","Wild Strike"],"picked":"Spot Weakness","floor":14.0},{"not_picked":["Exhume","Double Tap"],"picked":"Impervious","floor":16.0},{"not_picked":["Body Slam","Headbutt","Flex"],"picked":"SKIP","floor":18.0},{"not_picked":["Bloodletting","Sever Soul"],"picked":"Cleave","floor":19.0},{"not_picked":["Headbutt","Body Slam"],"picked":"Battle Trance","floor":22.0},{"not_picked":["Anger","Pommel Strike"],"picked":"Impervious","floor":25.0},{"not_picked":["Heavy Blade","Iron Wave"],"picked":"Uppercut+1","floor":31.0},{"not_picked":["Blood for Blood","Metallicize"],"picked":"Dual Wield","floor":32.0},{"not_picked":["Bludgeon","Dark Embrace"],"picked":"Juggernaut","floor":33.0},{"not_picked":["Reckless Charge+1","Cleave"],"picked":"Warcry+1","floor":35.0},{"not_picked":["Headbutt","Flex"],"picked":"Warcry+1","floor":37.0},{"not_picked":["Perfected Strike","Carnage+1","True Grit"],"picked":"SKIP","floor":38.0},{"not_picked":["Shrug It Off","Pommel Strike"],"picked":"Pummel","floor":41.0},{"not_picked":["Enlightenment","Chrysalis"],"picked":"Discovery","floor":45.0},{"not_picked":["Wild Strike+1","Pommel Strike"],"picked":"True Grit+1","floor":48.0}],"player_experience":389861,"relics_obtained":[{"floor":9.0,"key":"War Paint"},{"floor":14.0,"key":"Pen Nib"},{"floor":25.0,"key":"Sundial"},{"floor":26.0,"key":"Juzu Bracelet"},{"floor":30.0,"key":"Bronze Scales"},{"floor":43.0,"key":"Centennial Puzzle"}],"event_choices":[{"damage_healed":0.0,"max_hp_gain":0.0,"max_hp_loss":7.0,"gold_gain":0.0,"event_name":"Golden Idol","player_choice":"Lose Max HP","floor":2.0,"gold_loss":0.0,"damage_taken":0.0,"relics_obtained":["Golden Idol"]},{"damage_healed":0.0,"max_hp_gain":0.0,"max_hp_loss":0.0,"gold_gain":75.0,"event_name":"World of Goop","player_choice":"Gather Gold","floor":3.0,"gold_loss":0.0,"damage_taken":11.0},{"cards_removed":["Rage"],"damage_healed":0.0,"max_hp_gain":0.0,"max_hp_loss":0.0,"gold_gain":0.0,"event_name":"WeMeetAgain","player_choice":"Gave Card","floor":5.0,"gold_loss":0.0,"damage_taken":0.0,"relics_obtained":["Bag of Preparation"]},{"damage_healed":0.0,"max_hp_gain":0.0,"max_hp_loss":0.0,"gold_gain":0.0,"event_name":"The Cleric","player_choice":"Leave","floor":12.0,"gold_loss":0.0,"damage_taken":0.0},{"cards_removed":["Strike_R"],"damage_healed":0.0,"max_hp_gain":0.0,"max_hp_loss":0.0,"gold_gain":0.0,"event_name":"Purifier","player_choice":"Purged","floor":20.0,"gold_loss":0.0,"damage_taken":0.0},{"damage_healed":0.0,"max_hp_gain":0.0,"max_hp_loss":0.0,"gold_gain":0.0,"event_name":"The Mausoleum","player_choice":"Opened","floor":28.0,"gold_loss":0.0,"damage_taken":0.0,"relics_obtained":["Dream Catcher"],"cards_obtained":["Writhe"]},{"damage_healed":0.0,"max_hp_gain":0.0,"max_hp_loss":0.0,"gold_gain":333.0,"event_name":"The Moai Head","player_choice":"Gave Idol","floor":36.0,"relics_lost":["Golden Idol"],"gold_loss":0.0,"damage_taken":0.0},{"damage_healed":0.0,"max_hp_gain":0.0,"max_hp_loss":0.0,"gold_gain":0.0,"event_name":"Winding Halls","player_choice":"Embrace Madness","floor":44.0,"gold_loss":0.0,"damage_taken":12.0,"cards_obtained":["Madness","Madness"]},{"damage_healed":0.0,"max_hp_gain":0.0,"max_hp_loss":0.0,"gold_gain":0.0,"event_name":"SensoryStone","player_choice":"Memory 1","floor":45.0,"gold_loss":0.0,"damage_taken":0.0},{"cards_removed":["Cleave"],"damage_healed":0.0,"max_hp_gain":0.0,"max_hp_loss":0.0,"gold_gain":0.0,"event_name":"Falling","player_choice":"Removed Attack","floor":46.0,"gold_loss":0.0,"damage_taken":0.0}],"is_beta":false,"boss_relics":[{"not_picked":["Runic Dome","Snecko Eye"],"picked":"Cursed Key"},{"not_picked":["Black Blood","Velvet Choker"],"picked":"Empty Cage"}],"items_purged_floors":[29,39],"is_endless":false,"potions_floor_spawned":[1,10,22,33,38,41],"killed_by":"Awakened One","ascension_level":19}