{"gold_per_floor":[112,125,125,175,189,218,234,159,159,159,178,178,208,16,16,90,90,105,105,122,122,17,28,28],"floor_reached":24,"playtime":1030,"items_purged":[],"score":407,"play_id":"5be2f2b6-ecd7-4f77-a3a4-47ce3ad61389","local_time":"20190520180012","is_ascension_mode":true,"campfire_choices":[{"data":"True Grit","floor":10,"key":"SMITH"},{"data":"Juggernaut","floor":12,"key":"SMITH"},{"data":"Juggernaut","floor":15,"key":"SMITH"}],"neow_cost":"NONE","seed_source_timestamp":859266863031505,"circlet_count":0,"master_deck":["AscendersBane","Defend_R","Defend_R","Defend_R","Defend_R","Bash","Thunderclap","Juggernaut+1","True Grit+1","Metallicize","Juggernaut+1","Disarm","Feed","Shrug It Off","Barricade","Entrench","Bite","Bite","Bite","Bite","Bite","Discovery","Uppercut"],"relics":["Burning Blood","NeowsBlessing","Self Forming Clay","Dodecahedron","Bottled Lightning","Sozu","Enchiridion"],"potions_floor_usage":[16,16],"damage_taken":[{"damage":0,"enemies":"2 Louse","floor":1,"turns":1},{"damage":0,"enemies":"Jaw Worm","floor":2,"turns":1},{"damage":0,"enemies":"Cultist","floor":5,"turns":1},{"damage":36,"enemies":"3 Sentries","floor":6,"turns":9},{"damage":7,"enemies":"2 Fungi Beasts","floor":7,"turns":4},{"damage":16,"enemies":"3 Louse","floor":11,"turns":4},{"damage":18,"enemies":"Slime Boss","floor":16,"turns":8},{"damage":29,"enemies":"3 Byrds","floor":18,"turns":6},{"damage":7,"enemies":"Chosen","floor":20,"turns":6},{"damage":26,"enemies":"Snecko","floor":23,"turns":6},{"damage":17,"enemies":"Shelled Parasite and Fungi","floor":24,"turns":2}],"seed_played":"5933099815242072314","potions_obtained":[{"floor":6,"key":"EssenceOfSteel"},{"floor":11,"key":"Regen Potion"},{"floor":16,"key":"Ancient Potion"}],"is_trial":false,"path_per_floor":["M","M","?","?","M","E","M","?","T","R","M","R","?","$","R","B",null,"M","?","M","?","$","M","M"],"character_chosen":"IRONCLAD","items_purchased":["Feed","Shrug It Off","Discovery"],"campfire_rested":0,"item_purchase_floors":[14,14,22],"current_hp_per_floor":[74,75,75,75,75,45,44,44,44,44,34,34,34,34,34,40,69,49,28,27,27,27,15,0],"gold":28,"neow_bonus":"THREE_ENEMY_KILL","is_prod":false,"is_daily":false,"chose_seed":false,"campfire_upgraded":3,"win_rate":0,"timestamp":1558389612,"path_taken":["M","M","?","?","M","E","?","?","T","R","M","R","?","$","R","BOSS","M","?","M","?","?","M","M"],"build_version":"2019-01-23","purchased_purges":0,"victory":false,"max_hp_per_floor":[75,75,75,75,75,75,75,75,75,75,75,75,75,75,75,78,78,81,81,81,56,56,56,56],"card_choices":[{"not_picked":["Clash","Anger"],"picked":"Thunderclap","floor":1},{"not_picked":["Clothesline","Anger"],"picked":"Juggernaut","floor":2},{"not_picked":["Perfected Strike","Clothesline"],"picked":"True Grit","floor":5},{"not_picked":["Havoc","Flex"],"picked":"Metallicize","floor":6},{"not_picked":["Cleave","Twin Strike"],"picked":"Juggernaut","floor":7},{"not_picked":["Cleave","Burning Pact"],"picked":"Disarm","floor":11},{"not_picked":["Juggernaut","Fiend Fire"],"picked":"Barricade","floor":16},{"not_picked":["Sever Soul+1","Heavy Blade","Pommel Strike"],"picked":"SKIP","floor":18},{"not_picked":["Shrug It Off","Armaments"],"picked":"Entrench","floor":20},{"not_picked":["Twin Strike","Wild Strike"],"picked":"Uppercut","floor":23}],"player_experience":386310,"relics_obtained":[{"floor":6,"key":"Dodecahedron"},{"floor":9,"key":"Bottled Lightning"},{"floor":19,"key":"Enchiridion"}],"event_choices":[{"damage_healed":0,"gold_gain":0,"player_choice":"Box","damage_taken":0,"relics_obtained":["Self Forming Clay"],"max_hp_gain":0,"max_hp_loss":0,"event_name":"Big Fish","floor":3,"gold_loss":0,"cards_obtained":["Regret"]},{"damage_healed":0,"gold_gain":50,"player_choice":"Pray","damage_taken":0,"max_hp_gain":0,"max_hp_loss":0,"event_name":"Golden Shrine","floor":4,"gold_loss":0},{"cards_removed":["Regret"],"damage_healed":0,"gold_gain":0,"player_choice":"Card Removal","damage_taken":0,"max_hp_gain":0,"max_hp_loss":0,"event_name":"The Cleric","floor":8,"gold_loss":75},{"damage_healed":0,"gold_gain":30,"player_choice":"Searched \u00271\u0027 times","damage_taken":0,"max_hp_gain":0,"max_hp_loss":0,"event_name":"Dead Adventurer","floor":13,"gold_loss":0},{"damage_healed":0,"gold_gain":0,"player_choice":"Obtained Book","damage_taken":21,"max_hp_gain":0,"max_hp_loss":0,"event_name":"Cursed Tome","floor":19,"gold_loss":0},{"damage_healed":0,"gold_gain":0,"player_choice":"Became a vampire","damage_taken":0,"max_hp_gain":0,"max_hp_loss":25,"event_name":"Vampires","floor":21,"gold_loss":0,"cards_obtained":["Bite","Bite","Bite","Bite","Bite"]}],"is_beta":false,"boss_relics":[{"not_picked":["Runic Dome","Coffee Dripper"],"picked":"Sozu"}],"items_purged_floors":[],"is_endless":false,"potions_floor_spawned":[6,11,16],"killed_by":"Shelled Parasite and Fungi","ascension_level":19}