{"gold_per_floor":[118,118,10,29,46,75,75,87,139,164,164,164,164,181,181,258,258,258,258,258,258,258,258,258,258],"floor_reached":25,"playtime":850,"items_purged":[],"score":426,"play_id":"a6bd43ac-8dad-443b-9a26-eb97ca7e97b4","local_time":"20190824103658","is_ascension_mode":true,"campfire_choices":[{"floor":7,"key":"REST"},{"data":"Zap","floor":12,"key":"SMITH"},{"floor":15,"key":"REST"},{"floor":23,"key":"REST"}],"neow_cost":"PERCENT_DAMAGE","seed_source_timestamp":649135617399140,"circlet_count":0,"master_deck":["AscendersBane","Strike_B","Strike_B","Strike_B","Defend_B","Defend_B","Defend_B+1","Defend_B+1","Zap+1","Dualcast","All For One","Glacier","Panacea","Steam","Ball Lightning","Coolheaded","Glacier","Go for the Eyes","Electrodynamics","White Noise","Go for the Eyes+1"],"special_seed":0,"relics":["Cracked Core","Singing Bowl","Regal Pillow","Ectoplasm","Nloth\u0027s Gift"],"potions_floor_usage":[6,16,16,18],"damage_taken":[{"damage":7.0,"enemies":"Jaw Worm","floor":1.0,"turns":3.0},{"damage":2.0,"enemies":"Cultist","floor":4.0,"turns":4.0},{"damage":4,"enemies":"2 Louse","floor":5,"turns":3},{"damage":13,"enemies":"Lagavulin","floor":6,"turns":9},{"damage":1,"enemies":"2 Fungi Beasts","floor":8,"turns":4},{"damage":8,"enemies":"3 Sentries","floor":10,"turns":12},{"damage":1,"enemies":"Exordium Thugs","floor":14,"turns":5},{"damage":48,"enemies":"Slime Boss","floor":16,"turns":17},{"damage":0,"enemies":"3 Byrds","floor":18,"turns":2},{"damage":14,"enemies":"Spheric Guardian","floor":20,"turns":4},{"damage":3,"enemies":"Snecko","floor":21,"turns":6},{"damage":39,"enemies":"Cultist and Chosen","floor":24,"turns":7},{"damage":38,"enemies":"Gremlin Leader","floor":25,"turns":7}],"seed_played":"2455279221097474842","potions_obtained":[{"floor":4,"key":"SkillPotion"},{"floor":10,"key":"PowerPotion"},{"floor":14,"key":"SkillPotion"},{"floor":16,"key":"SkillPotion"}],"is_trial":false,"path_per_floor":["M","?","$","M","M","E","R","M","T","E","?","R","?","M","R","B",null,"M","?","M","M","?","R","M","E"],"character_chosen":"DEFECT","items_purchased":["Panacea"],"campfire_rested":3,"item_purchase_floors":[3],"current_hp_per_floor":[39,39,39,37,33,20,41,42,42,34,34,34,12,11,49,1,57,59,59,45,42,42,77,40,2],"gold":258,"neow_bonus":"THREE_RARE_CARDS","is_prod":false,"is_daily":false,"chose_seed":false,"campfire_upgraded":1,"win_rate":0,"timestamp":1566657418,"path_taken":["M","?","$","M","M","E","R","?","T","E","?","R","?","M","R","BOSS","M","?","M","M","?","R","M","E"],"build_version":"2019-07-17","purchased_purges":0,"victory":false,"max_hp_per_floor":[71,71,71,71,71,71,71,73,73,73,73,73,73,73,75,75,75,77,77,77,77,77,77,79,79],"card_choices":[{"not_picked":["Buffer","Reboot"],"picked":"All For One","floor":0.0},{"not_picked":["Stack","Sweeping Beam"],"picked":"Glacier","floor":1.0},{"not_picked":["Barrage","Stack"],"picked":"Steam","floor":4},{"not_picked":["Scrape","Sweeping Beam"],"picked":"Ball Lightning","floor":5},{"not_picked":["Auto Shields","Beam Cell"],"picked":"Coolheaded","floor":6},{"not_picked":["Rainbow","Redo","Ball Lightning"],"picked":"Singing Bowl","floor":8},{"not_picked":["Double Energy","Stack"],"picked":"Glacier","floor":10},{"not_picked":["Redo","Sweeping Beam"],"picked":"Go for the Eyes","floor":14},{"not_picked":["Streamline","Barrage","Conserve Battery"],"picked":"Singing Bowl","floor":15},{"not_picked":["Creative AI","Multi-Cast"],"picked":"Electrodynamics","floor":16},{"not_picked":["Auto Shields","Sweeping Beam","Beam Cell"],"picked":"Singing Bowl","floor":18},{"not_picked":["Force Field","Rebound"],"picked":"White Noise","floor":20},{"not_picked":["Sweeping Beam","Stack"],"picked":"Go for the Eyes+1","floor":21},{"not_picked":["Streamline","Leap","Go for the Eyes"],"picked":"Singing Bowl","floor":24}],"player_experience":593985,"relics_obtained":[{"floor":6,"key":"Singing Bowl"},{"floor":9,"key":"Regal Pillow"},{"floor":10,"key":"Dream Catcher"}],"event_choices":[{"cards_removed":["Strike_B"],"damage_healed":0.0,"max_hp_gain":0.0,"max_hp_loss":0.0,"gold_gain":0.0,"event_name":"Purifier","player_choice":"Purged","floor":2.0,"gold_loss":0.0,"damage_taken":0.0},{"damage_healed":0,"gold_gain":0,"player_choice":"Searched \u00271\u0027 times","damage_taken":0,"max_hp_gain":0,"max_hp_loss":0,"event_name":"Dead Adventurer","floor":11,"gold_loss":0},{"damage_healed":0,"gold_gain":0,"player_choice":"Entered Light","damage_taken":22,"max_hp_gain":0,"max_hp_loss":0,"event_name":"Shining Light","floor":13,"gold_loss":0,"cards_upgraded":["Defend_B","Defend_B"]},{"damage_healed":0,"gold_gain":0,"player_choice":"Ignored","damage_taken":0,"max_hp_gain":0,"max_hp_loss":0,"event_name":"The Mausoleum","floor":19,"gold_loss":0},{"damage_healed":0,"gold_gain":0,"player_choice":"Traded Relic","damage_taken":0,"relics_obtained":["Nloth\u0027s Gift"],"max_hp_gain":0,"max_hp_loss":0,"event_name":"N\u0027loth","floor":22,"relics_lost":["Dream Catcher"],"gold_loss":0}],"is_beta":false,"boss_relics":[{"not_picked":["Runic Dome","Runic Pyramid"],"picked":"Ectoplasm"}],"items_purged_floors":[],"is_endless":false,"potions_floor_spawned":[4,10,14,16],"killed_by":"Gremlin Leader","ascension_level":20}