{"gold_per_floor":[110,110,110,41,52,52,18,31,31,57,74,109,69,89,89,192,192,206,206],"floor_reached":19,"playtime":875,"items_purged":[],"score":246,"play_id":"0d7895c3-75ce-4e2f-a7a4-516358297ffa","local_time":"20190820202919","is_ascension_mode":true,"campfire_choices":[{"data":"Armaments","floor":6,"key":"SMITH"},{"data":"Rampage","floor":15,"key":"SMITH"}],"neow_cost":"PERCENT_DAMAGE","seed_source_timestamp":2312854540691,"circlet_count":0,"master_deck":["Strike_R","Strike_R","Defend_R","Defend_R","Defend_R","Defend_R","Bash","Armaments+1","Double Tap","Evolve","Whirlwind","Flex","Shrug It Off","Rampage+1","Limit Break","Warcry+1"],"relics":["Burning Blood","Self Forming Clay","Magic Flower","Potion Belt","Question Card","Empty Cage"],"potions_floor_usage":[14,14,16,16,19],"damage_taken":[{"damage":2,"enemies":"Small Slimes","floor":1,"turns":5},{"damage":3,"enemies":"Jaw Worm","floor":5,"turns":6},{"damage":6,"enemies":"Cultist","floor":8,"turns":3},{"damage":27,"enemies":"3 Sentries","floor":10,"turns":4},{"damage":17,"enemies":"Lots of Slimes","floor":11,"turns":2},{"damage":43,"enemies":"Gremlin Nob","floor":12,"turns":5},{"damage":0,"enemies":"Red Slaver","floor":14,"turns":1},{"damage":36,"enemies":"Hexaghost","floor":16,"turns":10},{"damage":2,"enemies":"Chosen","floor":18,"turns":6},{"damage":106,"enemies":"Masked Bandits","floor":19,"turns":5}],"seed_played":"7940738671339409215","potions_obtained":[{"floor":11,"key":"LiquidBronze"},{"floor":12,"key":"FearPotion"},{"floor":13,"key":"Swift Potion"},{"floor":13,"key":"FairyPotion"},{"floor":13,"key":"SneckoOil"},{"floor":14,"key":"Regen Potion"},{"floor":18,"key":"FearPotion"}],"is_trial":false,"path_per_floor":["M","?","?","$","M","R","$","M","T","E","M","E","?","M","R","B",null,"M","?"],"character_chosen":"IRONCLAD","items_purchased":["Double Tap","Whirlwind"],"campfire_rested":0,"item_purchase_floors":[4,7],"current_hp_per_floor":[76,76,73,73,76,76,76,76,76,58,50,16,16,25,25,22,78,85,0],"gold":206,"neow_bonus":"TWENTY_PERCENT_HP_BONUS","is_prod":false,"is_daily":false,"chose_seed":false,"campfire_upgraded":2,"win_rate":0,"timestamp":1566300559,"path_taken":["M","?","?","?","?","R","?","?","T","E","M","E","?","M","R","BOSS","M","?"],"build_version":"2019-07-17","purchased_purges":0,"victory":false,"max_hp_per_floor":[96,96,96,96,96,96,96,96,96,96,96,96,96,96,96,96,96,96,96],"card_choices":[{"not_picked":["Pommel Strike","True Grit"],"picked":"Armaments","floor":1},{"not_picked":["Sword Boomerang","Power Through"],"picked":"Evolve","floor":5},{"not_picked":["Sever Soul","Warcry"],"picked":"Flex","floor":8},{"not_picked":["Clothesline","Evolve"],"picked":"Shrug It Off","floor":10},{"not_picked":["Hemokinesis","Clothesline","Shrug It Off"],"picked":"SKIP","floor":11},{"not_picked":["Bludgeon","Blood for Blood"],"picked":"Rampage","floor":12},{"not_picked":["Clash","Armaments","Reckless Charge","Combust"],"picked":"SKIP","floor":14},{"not_picked":["Feed","Dark Embrace","Demon Form"],"picked":"Limit Break","floor":16},{"not_picked":["Infernal Blade","Sword Boomerang","Anger+1"],"picked":"Warcry+1","floor":18}],"player_experience":200670,"relics_obtained":[{"floor":9,"key":"Magic Flower"},{"floor":10,"key":"Potion Belt"},{"floor":12,"key":"Question Card"}],"event_choices":[{"cards_removed":["Strike_R"],"damage_healed":0,"gold_gain":0,"player_choice":"Forget","damage_taken":0,"max_hp_gain":0,"max_hp_loss":0,"event_name":"Living Wall","floor":2,"gold_loss":0},{"damage_healed":0,"gold_gain":0,"player_choice":"Success","damage_taken":3,"relics_obtained":["Self Forming Clay"],"max_hp_gain":0,"max_hp_loss":0,"event_name":"Scrap Ooze","floor":3,"gold_loss":0},{"damage_healed":0,"gold_gain":0,"player_choice":"Bought 3 Potions","damage_taken":0,"max_hp_gain":0,"max_hp_loss":0,"event_name":"The Woman in Blue","floor":13,"gold_loss":0},{"damage_healed":0,"gold_gain":0,"player_choice":"Fought Bandits","damage_taken":0,"max_hp_gain":0,"max_hp_loss":0,"event_name":"Masked Bandits","floor":19,"gold_loss":0}],"is_beta":false,"boss_relics":[{"not_picked":["Velvet Choker","Eternal Feather"],"picked":"Empty Cage"}],"items_purged_floors":[],"is_endless":false,"potions_floor_spawned":[11,12,14,18],"killed_by":"Masked Bandits","ascension_level":5}