{"gold_per_floor":[109,184,184,204,204,204,238,248,300,300,314,330,330,357,357,453,453,470,395,71,89,107,107,123,123,147,147,147,158,158,257,257,354,354,370,470,13,13,13,13,31,50,50,50,50],"floor_reached":45,"playtime":2605,"items_purged":["Strike_G","Strike_G"],"score":421,"play_id":"b8953deb-f12b-42f3-b6d1-57b03146d820","local_time":"20190828165827","is_ascension_mode":false,"campfire_choices":[{"data":"Neutralize","floor":6.0,"key":"SMITH"},{"data":"Infinite Blades","floor":10.0,"key":"SMITH"},{"floor":13.0,"key":"REST"},{"data":"Blur","floor":15.0,"key":"SMITH"},{"data":"After Image","floor":23,"key":"SMITH"},{"floor":27,"key":"REST"},{"data":"Accuracy","floor":30,"key":"SMITH"},{"data":"Choke","floor":32,"key":"SMITH"},{"data":"Metamorphosis","floor":40,"key":"SMITH"},{"floor":44,"key":"REST"}],"neow_cost":"NONE","seed_source_timestamp":0,"circlet_count":0,"master_deck":["Strike_G","Strike_G","Defend_G","Defend_G","Defend_G","Defend_G","Defend_G","Survivor","Neutralize+1","Flying Knee","Flying Knee","Infinite Blades+1","Blur+1","Choke","Choke+1","Finisher","After Image+1","Endless Agony","Accuracy+1","Dagger Throw","Dodge and Roll","Dodge and Roll","Envenom","Acrobatics","Endless Agony+1","Infinite Blades","Crippling Poison","Metamorphosis+1","The Bomb","Magnetism","Prepared+1","Accuracy"],"special_seed":0,"relics":["Sozu","Bronze Scales","Snake Skull","Smiling Mask","Darkstone Periapt","Philosopher\u0027s Stone","MealTicket","Vajra","Black Star","Pocketwatch","Paper Crane","Ornamental Fan"],"potions_floor_usage":[],"damage_taken":[{"damage":4.0,"enemies":"Small Slimes","floor":1.0,"turns":5.0},{"damage":11.0,"enemies":"Jaw Worm","floor":4.0,"turns":4.0},{"damage":6.0,"enemies":"Lagavulin","floor":7.0,"turns":6.0},{"damage":0.0,"enemies":"2 Louse","floor":8.0,"turns":2.0},{"damage":6.0,"enemies":"Lots of Slimes","floor":11.0,"turns":3.0},{"damage":9.0,"enemies":"2 Fungi Beasts","floor":12.0,"turns":2.0},{"damage":5.0,"enemies":"Gremlin Nob","floor":14.0,"turns":3.0},{"damage":19.0,"enemies":"The Guardian","floor":16.0,"turns":9.0},{"damage":12.0,"enemies":"3 Byrds","floor":18.0,"turns":4.0},{"damage":8,"enemies":"Spheric Guardian","floor":21,"turns":3},{"damage":9,"enemies":"Snecko","floor":22,"turns":5},{"damage":6,"enemies":"Centurion and Healer","floor":24,"turns":5},{"damage":2,"enemies":"Cultist and Chosen","floor":29,"turns":6},{"damage":30,"enemies":"Collector","floor":33,"turns":10},{"damage":3,"enemies":"Orb Walker","floor":35,"turns":3},{"damage":5,"enemies":"Mind Bloom Boss Battle","floor":36,"turns":7},{"damage":26,"enemies":"3 Shapes","floor":41,"turns":4},{"damage":31,"enemies":"Transient","floor":42,"turns":5},{"damage":44,"enemies":"Jaw Worm Horde","floor":45,"turns":2}],"seed_played":"-5686174194754690823","potions_obtained":[],"is_trial":false,"path_per_floor":["M","?","?","M","?","R","E","M","T","R","M","M","R","E","R","B",null,"M","?","$","M","M","R","M","?","T","R","?","M","R","?","R","B",null,"M","?","$","?","?","R","M","M","T","R","M"],"character_chosen":"THE_SILENT","items_purchased":["Endless Agony","MealTicket","Infinite Blades","Paper Crane","Crippling Poison"],"campfire_rested":3,"item_purchase_floors":[20,20,37,37,37],"current_hp_per_floor":[66,55,55,44,44,44,38,38,38,38,32,23,44,39,39,20,70,58,58,58,50,41,41,35,22,22,44,44,42,42,42,42,12,75,72,67,75,65,75,75,49,18,18,40,0],"gold":50,"neow_bonus":"BOSS_RELIC","is_prod":false,"is_daily":false,"chose_seed":false,"campfire_upgraded":7,"win_rate":0,"timestamp":1567004307,"path_taken":["M","?","?","M","?","R","E","?","T","R","M","M","R","E","R","BOSS","M","?","$","M","M","R","M","?","T","R","?","?","R","?","R","BOSS","M","?","$","?","?","R","M","M","T","R","?"],"build_version":"2019-06-28","purchased_purges":2,"victory":false,"max_hp_per_floor":[70,70,70,70,70,70,70,70,70,70,70,70,70,70,70,70,70,70,70,70,70,70,70,70,75,75,75,75,75,75,75,75,75,75,75,75,75,75,75,75,75,75,75,75,75],"card_choices":[{"not_picked":["All Out Attack","Underhanded Strike"],"picked":"Flying Knee","floor":1.0},{"not_picked":["Deflect","Catalyst"],"picked":"Flying Knee","floor":4.0},{"not_picked":["Leg Sweep","Dagger Throw"],"picked":"Infinite Blades","floor":7.0},{"not_picked":["Malaise","Predator"],"picked":"Blur","floor":8.0},{"not_picked":["Deflect","Deadly Poison"],"picked":"Choke","floor":11.0},{"not_picked":["Terror","Deflect"],"picked":"Choke","floor":12.0},{"not_picked":["Slice","Dodge and Roll"],"picked":"Finisher","floor":14.0},{"not_picked":["Die Die Die","Phantasmal Killer"],"picked":"After Image","floor":16.0},{"not_picked":["Deflect+1","Eviscerate","Underhanded Strike"],"picked":"SKIP","floor":18.0},{"not_picked":["Calculated Gamble","Bouncing Flask+1"],"picked":"Accuracy","floor":21},{"not_picked":["Well Laid Plans","Outmaneuver"],"picked":"Dagger Throw","floor":22},{"not_picked":["Acrobatics+1","Bouncing Flask"],"picked":"Dodge and Roll","floor":24},{"not_picked":["Blade Dance+1","Reflex"],"picked":"Dodge and Roll","floor":29},{"not_picked":["Burst","Malaise"],"picked":"Envenom","floor":33},{"not_picked":["Deadly Poison","Flying Knee+1"],"picked":"Acrobatics","floor":35},{"not_picked":["Tactician","Outmaneuver"],"picked":"Endless Agony+1","floor":36},{"not_picked":["Panacea","Trip"],"picked":"Metamorphosis","floor":38},{"not_picked":["Finesse","Good Instincts"],"picked":"The Bomb","floor":38},{"not_picked":["Metamorphosis","Master of Strategy"],"picked":"Magnetism","floor":38},{"not_picked":["Deadly Poison","Terror"],"picked":"Prepared+1","floor":41},{"not_picked":["Tactician+1","Sucker Punch"],"picked":"Accuracy","floor":42}],"player_experience":130671,"relics_obtained":[{"floor":7.0,"key":"Snake Skull"},{"floor":9.0,"key":"Smiling Mask"},{"floor":14.0,"key":"Darkstone Periapt"},{"floor":26,"key":"Vajra"},{"floor":36,"key":"Pocketwatch"},{"floor":43,"key":"Ornamental Fan"}],"event_choices":[{"damage_healed":0.0,"max_hp_gain":0.0,"max_hp_loss":0.0,"gold_gain":75.0,"event_name":"World of Goop","player_choice":"Gather Gold","floor":2.0,"gold_loss":0.0,"damage_taken":11.0},{"damage_healed":0.0,"max_hp_gain":0.0,"max_hp_loss":0.0,"gold_gain":0.0,"event_name":"Big Fish","player_choice":"Box","floor":3.0,"gold_loss":0.0,"damage_taken":0.0,"relics_obtained":["Bronze Scales"],"cards_obtained":["Regret"]},{"cards_removed":["Regret"],"damage_healed":0.0,"max_hp_gain":0.0,"max_hp_loss":0.0,"gold_gain":0.0,"event_name":"Fountain of Cleansing","player_choice":"Removed Curses","floor":5.0,"gold_loss":0.0,"damage_taken":0.0},{"cards_removed":["Strike_G"],"damage_healed":0.0,"max_hp_gain":0.0,"max_hp_loss":0.0,"gold_gain":0.0,"event_name":"Beggar","player_choice":"Gave Gold","floor":19.0,"gold_loss":75.0,"damage_taken":0.0},{"damage_healed":0,"gold_gain":0,"player_choice":"Shed Blood","damage_taken":18,"max_hp_gain":5,"max_hp_loss":0,"event_name":"Forgotten Altar","floor":25,"gold_loss":0},{"damage_healed":0,"gold_gain":0,"player_choice":"Ignored","damage_taken":0,"max_hp_gain":0,"max_hp_loss":0,"event_name":"NoteForYourself","floor":28,"gold_loss":0},{"damage_healed":0,"gold_gain":99,"player_choice":"Stole From Cult","damage_taken":0,"max_hp_gain":0,"max_hp_loss":0,"event_name":"Nest","floor":31,"gold_loss":0},{"damage_healed":0,"gold_gain":0,"player_choice":"Fight","damage_taken":0,"max_hp_gain":0,"max_hp_loss":0,"event_name":"MindBloom","floor":36,"gold_loss":0},{"damage_healed":0,"gold_gain":0,"player_choice":"Memory 3","damage_taken":10,"max_hp_gain":0,"max_hp_loss":0,"event_name":"SensoryStone","floor":38,"gold_loss":0},{"damage_healed":10,"gold_gain":0,"player_choice":"Full Heal","damage_taken":0,"max_hp_gain":0,"max_hp_loss":0,"event_name":"Wheel of Change","floor":39,"gold_loss":0}],"is_beta":true,"boss_relics":[{"not_picked":["HoveringKite","Snecko Eye"],"picked":"Philosopher\u0027s Stone"},{"not_picked":["White Beast Statue","Runic Dome"],"picked":"Black Star"}],"items_purged_floors":[20,37],"is_endless":false,"potions_floor_spawned":[1,4,11,12,18,29,33,41,42],"killed_by":"Jaw Worm Horde","ascension_level":0}