{"gold_per_floor":[112,112,31,47,57,57,89,89,112,112,128,140,158,3,3,78,78,61,61,61,61,74,74,91,91,114,114,139,152,152,163,163,235,235,248,10,10,25,36,63,78,78,103,103,119,148,3,15,15,15],"floor_reached":51,"playtime":2890,"items_purged":["Strike_G"],"score":1314,"play_id":"6e99ac94-72d1-4f05-aa09-237f4db5a2e7","local_time":"20190409225246","is_ascension_mode":true,"campfire_choices":[{"data":"Crippling Poison","floor":6,"key":"SMITH"},{"data":"Footwork","floor":10,"key":"SMITH"},{"data":"Footwork","floor":15,"key":"SMITH"},{"data":"After Image","floor":23,"key":"SMITH"},{"floor":25,"key":"REST"},{"data":"Backstab","floor":27,"key":"SMITH"},{"data":"Catalyst","floor":30,"key":"SMITH"},{"floor":32,"key":"REST"},{"floor":42,"key":"REST"},{"floor":44,"key":"REST"},{"floor":49,"key":"REST"}],"neow_cost":"NONE","seed_source_timestamp":230125028222569,"circlet_count":0,"master_deck":["AscendersBane","Defend_G","Defend_G","Defend_G","Defend_G","Defend_G","Strike_G","Strike_G","Survivor","Neutralize","Deadly Poison","Footwork+1","Crippling Poison+1","Footwork+1","Dash","Blade Dance","Escape Plan","After Image+1","Escape Plan","Backstab+1","Backflip","Sucker Punch","Catalyst+1","Catalyst","Dagger Spray","Caltrops","Poisoned Stab+1","Dodge and Roll+1","A Thousand Cuts","Cloak And Dagger","Backstab","Crippling Poison","Bullet Time","PiercingWail","Footwork","Cloak And Dagger"],"relics":["Ring of the Snake","NeowsBlessing","FaceOfCleric","Pen Nib","Anchor","Centennial Puzzle","Orrery","Kunai","Lantern","Vajra","Runic Pyramid","Mummified Hand","Bronze Scales","Art of War","Pocketwatch"],"potions_floor_usage":[7,18,18,28,28,28,39,40,50],"damage_taken":[{"damage":0,"enemies":"Small Slimes","floor":1,"turns":1},{"damage":0,"enemies":"Cultist","floor":4,"turns":1},{"damage":0,"enemies":"2 Louse","floor":5,"turns":1},{"damage":8,"enemies":"Lagavulin","floor":7,"turns":6},{"damage":0,"enemies":"Lots of Slimes","floor":11,"turns":2},{"damage":0,"enemies":"Blue Slaver","floor":12,"turns":5},{"damage":7,"enemies":"Exordium Thugs","floor":13,"turns":5},{"damage":25,"enemies":"Hexaghost","floor":16,"turns":14},{"damage":4,"enemies":"2 Thieves","floor":18,"turns":4},{"damage":0,"enemies":"Chosen","floor":22,"turns":7},{"damage":24,"enemies":"Snecko","floor":24,"turns":8},{"damage":22,"enemies":"Book of Stabbing","floor":28,"turns":5},{"damage":4,"enemies":"Shelled Parasite and Fungi","floor":29,"turns":5},{"damage":0,"enemies":"3 Cultists","floor":31,"turns":4},{"damage":53,"enemies":"Automaton","floor":33,"turns":13},{"damage":0,"enemies":"3 Shapes","floor":35,"turns":6},{"damage":18,"enemies":"3 Darklings","floor":38,"turns":5},{"damage":4,"enemies":"Writhing Mass","floor":39,"turns":5},{"damage":30,"enemies":"Reptomancer","floor":40,"turns":7},{"damage":2,"enemies":"4 Shapes","floor":41,"turns":6},{"damage":0,"enemies":"Sphere and 2 Shapes","floor":45,"turns":5},{"damage":0,"enemies":"Nemesis","floor":46,"turns":5},{"damage":46,"enemies":"Spire Growth","floor":48,"turns":6},{"damage":17,"enemies":"Donu and Deca","floor":50,"turns":14}],"seed_played":"-725436908944801456","potions_obtained":[{"floor":5,"key":"Strength Potion"},{"floor":7,"key":"Energy Potion"},{"floor":8,"key":"Fire Potion"},{"floor":13,"key":"Fire Potion"},{"floor":18,"key":"Strength Potion"},{"floor":24,"key":"EntropicBrew"},{"floor":35,"key":"SteroidPotion"},{"floor":39,"key":"GamblersBrew"},{"floor":46,"key":"Poison Potion"}],"is_trial":false,"path_per_floor":["M","?","$","M","M","R","E","?","T","R","M","M","M","$","R","B",null,"M","$","?","?","M","R","M","R","T","R","E","M","R","M","R","B",null,"M","$","?","M","M","E","M","R","T","R","M","E","$","M","R","B",null],"character_chosen":"THE_SILENT","items_purchased":["Footwork","Centennial Puzzle","Mummified Hand","Footwork"],"campfire_rested":5,"item_purchase_floors":[3,14,36,47],"current_hp_per_floor":[59,59,59,60,61,61,54,54,54,54,55,56,50,50,50,26,61,58,58,58,58,59,59,36,58,58,58,37,34,34,35,58,6,62,63,63,63,46,43,14,13,38,38,63,64,65,65,20,46,30],"gold":15,"neow_bonus":"THREE_ENEMY_KILL","is_prod":false,"is_daily":false,"chose_seed":false,"campfire_upgraded":6,"win_rate":0,"timestamp":1554864766,"path_taken":["M","?","$","?","M","R","E","?","T","R","M","M","?","$","R","BOSS","M","$","?","?","M","R","M","R","T","R","E","M","R","?","R","BOSS","M","$","?","?","M","E","M","R","T","R","M","E","$","M","R","BOSS"],"build_version":"2019-01-23","purchased_purges":1,"victory":true,"max_hp_per_floor":[66,66,66,67,68,68,69,69,69,69,70,71,72,72,72,73,73,74,74,74,74,75,75,76,76,76,76,77,78,78,79,79,80,80,81,81,81,82,83,84,85,85,85,85,86,87,87,88,88,89],"card_choices":[{"not_picked":["Outmaneuver","Setup"],"picked":"Deadly Poison","floor":1},{"not_picked":["Acrobatics","Riddle With Holes"],"picked":"Crippling Poison","floor":4},{"not_picked":["Masterful Stab","Deadly Poison","Storm of Steel"],"picked":"SKIP","floor":5},{"not_picked":["Outmaneuver","Dodge and Roll"],"picked":"Footwork","floor":7},{"not_picked":["Dagger Throw","Slice"],"picked":"Dash","floor":11},{"not_picked":["Quick Slash","Calculated Gamble"],"picked":"Blade Dance","floor":12},{"not_picked":["Flechettes","Deflect"],"picked":"Escape Plan","floor":13},{"not_picked":["Unload","Phantasmal Killer"],"picked":"After Image","floor":16},{"not_picked":["Prepared","Sucker Punch"],"picked":"Escape Plan","floor":17},{"not_picked":["Bane","Dagger Throw"],"picked":"Backstab","floor":17},{"not_picked":["Bane","PiercingWail"],"picked":"Backflip","floor":17},{"not_picked":["Acrobatics","Setup"],"picked":"Sucker Punch","floor":17},{"not_picked":["Outmaneuver","Reflex"],"picked":"Catalyst","floor":17},{"not_picked":["Bane","Corpse Explosion"],"picked":"Catalyst","floor":18},{"not_picked":["Concentrate","Blade Dance"],"picked":"Dagger Spray","floor":22},{"not_picked":["Bane","Underhanded Strike"],"picked":"Caltrops","floor":24},{"not_picked":["Reflex","Acrobatics"],"picked":"Poisoned Stab+1","floor":28},{"not_picked":["Acrobatics","Dagger Throw","Flying Knee"],"picked":"SKIP","floor":29},{"not_picked":["Deadly Poison","Prepared"],"picked":"Dodge and Roll+1","floor":31},{"not_picked":["Wraith Form v2","Die Die Die"],"picked":"A Thousand Cuts","floor":33},{"not_picked":["Sucker Punch+1","Underhanded Strike+1","Bane"],"picked":"SKIP","floor":35},{"not_picked":["Slice","Skewer","Underhanded Strike"],"picked":"SKIP","floor":38},{"not_picked":["Slice+1","Deadly Poison"],"picked":"Cloak And Dagger","floor":39},{"not_picked":["Accuracy","Caltrops"],"picked":"Backstab","floor":40},{"not_picked":["Dagger Spray","Masterful Stab"],"picked":"Crippling Poison","floor":41},{"not_picked":["Dagger Throw+1","Masterful Stab+1"],"picked":"Bullet Time","floor":45},{"not_picked":["Bane","Deflect"],"picked":"PiercingWail","floor":46},{"not_picked":["Reflex","Expertise+1"],"picked":"Cloak And Dagger","floor":48}],"player_experience":253055,"relics_obtained":[{"floor":7,"key":"Pen Nib"},{"floor":9,"key":"Anchor"},{"floor":26,"key":"Lantern"},{"floor":28,"key":"Vajra"},{"floor":40,"key":"Bronze Scales"},{"floor":43,"key":"Art of War"},{"floor":46,"key":"Pocketwatch"}],"event_choices":[{"damage_healed":0,"gold_gain":0,"player_choice":"Trade","damage_taken":0,"relics_obtained":["FaceOfCleric"],"max_hp_gain":0,"max_hp_loss":0,"event_name":"FaceTrader","floor":2,"gold_loss":0},{"damage_healed":0,"gold_gain":0,"player_choice":"Got Potions","damage_taken":0,"max_hp_gain":0,"max_hp_loss":0,"event_name":"Lab","floor":8,"gold_loss":0},{"damage_healed":0,"gold_gain":0,"player_choice":"Opened","damage_taken":0,"relics_obtained":["Kunai"],"max_hp_gain":0,"max_hp_loss":0,"event_name":"The Mausoleum","floor":20,"gold_loss":0},{"cards_removed":["Strike_G"],"damage_healed":0,"gold_gain":0,"player_choice":"Offered Basic","damage_taken":0,"max_hp_gain":0,"max_hp_loss":0,"event_name":"Bonfire Elementals","floor":21,"gold_loss":0},{"cards_removed":["Strike_G"],"damage_healed":0,"gold_gain":0,"player_choice":"Purged","damage_taken":0,"max_hp_gain":0,"max_hp_loss":0,"event_name":"Purifier","floor":37,"gold_loss":0}],"is_beta":false,"boss_relics":[{"not_picked":["Empty Cage","Snecko Eye"],"picked":"Orrery"},{"not_picked":["Lizard Tail","Busted Crown"],"picked":"Runic Pyramid"}],"items_purged_floors":[47],"is_endless":false,"potions_floor_spawned":[5,7,11,12,13,18,24,35,39,46],"ascension_level":14}