{"gold_per_floor":[111,111,111,6,6,6,36,36,63,7,21,21,51,51,51,51],"floor_reached":16,"playtime":205,"items_purged":["Regret"],"score":245,"play_id":"86d2d7d2-f0e7-4601-b390-af856c2b2736","local_time":"20190508152451","is_ascension_mode":true,"campfire_choices":[{"data":"Dodge and Roll","floor":6,"key":"SMITH"},{"data":"Cloak And Dagger","floor":8,"key":"SMITH"},{"data":"Neutralize","floor":15,"key":"SMITH"}],"neow_cost":"NONE","seed_source_timestamp":2410719339443763,"circlet_count":0,"master_deck":["AscendersBane","Defend_G","Defend_G+1","Defend_G","Defend_G","Defend_G","Strike_G","Strike_G","Strike_G","Strike_G","Strike_G","Survivor","Neutralize+1","All Out Attack+1","Dodge and Roll+1","Cloak And Dagger+1","Night Terror+1"],"relics":["Ring of the Snake","NeowsBlessing","Torii","Vajra","Happy Flower","Potion Belt","Matryoshka"],"potions_floor_usage":[13],"damage_taken":[{"damage":0,"enemies":"Small Slimes","floor":1,"turns":2},{"damage":0,"enemies":"Gremlin Nob","floor":7,"turns":1},{"damage":0,"enemies":"2 Louse","floor":11,"turns":1},{"damage":11,"enemies":"Lagavulin","floor":13,"turns":6},{"damage":10,"enemies":"Hexaghost","floor":16,"turns":7}],"seed_played":"1795752453794985155","potions_obtained":[{"floor":7,"key":"Energy Potion"},{"floor":11,"key":"Explosive Potion"}],"is_trial":false,"path_per_floor":["M","?","?","$","?","R","E","R","T","$","M","$","E","?","R","B"],"character_chosen":"THE_SILENT","items_purchased":["Dodge and Roll","PowerPotion"],"campfire_rested":0,"item_purchase_floors":[4,10],"current_hp_per_floor":[59,39,39,39,21,21,21,21,21,21,21,21,10,10,10,0],"gold":51,"neow_bonus":"THREE_ENEMY_KILL","is_prod":false,"is_daily":false,"chose_seed":false,"campfire_upgraded":3,"win_rate":0,"timestamp":1557343491,"path_taken":["M","?","?","$","?","R","E","R","T","?","M","$","E","?","R","BOSS"],"build_version":"2019-01-23","purchased_purges":1,"victory":false,"max_hp_per_floor":[66,66,66,66,66,66,66,66,66,66,66,66,66,66,66,66],"card_choices":[{"not_picked":["Deflect","Dagger Throw"],"picked":"All Out Attack","floor":1},{"not_picked":["Flying Knee","PiercingWail"],"picked":"Cloak And Dagger","floor":7},{"not_picked":["Underhanded Strike","Outmaneuver","Quick Slash"],"picked":"SKIP","floor":11},{"not_picked":["Flying Knee","Deflect"],"picked":"Night Terror","floor":13}],"player_experience":338801,"relics_obtained":[{"floor":7,"key":"Happy Flower"},{"floor":9,"key":"Potion Belt"},{"floor":13,"key":"Matryoshka"}],"event_choices":[{"damage_healed":0,"gold_gain":0,"player_choice":"Entered Light","damage_taken":20,"max_hp_gain":0,"max_hp_loss":0,"event_name":"Shining Light","floor":2,"gold_loss":0,"cards_upgraded":["Defend_G","All Out Attack"]},{"damage_healed":0,"gold_gain":0,"player_choice":"Box","damage_taken":0,"relics_obtained":["Torii"],"max_hp_gain":0,"max_hp_loss":0,"event_name":"Big Fish","floor":3,"gold_loss":0,"cards_obtained":["Regret"]},{"damage_healed":0,"gold_gain":0,"player_choice":"Success","damage_taken":18,"relics_obtained":["Vajra"],"max_hp_gain":0,"max_hp_loss":0,"event_name":"Scrap Ooze","floor":5,"gold_loss":0},{"damage_healed":0,"gold_gain":0,"player_choice":"Grow","damage_taken":0,"max_hp_gain":0,"max_hp_loss":0,"event_name":"Living Wall","floor":14,"gold_loss":0,"cards_upgraded":["Night Terror"]}],"is_beta":false,"boss_relics":[],"items_purged_floors":[4],"is_endless":false,"potions_floor_spawned":[7,11],"killed_by":"Hexaghost","ascension_level":18}