{"gold_per_floor":[119,139,139,157,132,132,182,182,206,312,338,417,437,455,455,560,560,574,149,164,175,194,194,169,169,169,169,318,334,346,375,375,476,476,492,542,554,390,440,440,457,307,307,318,95,145,165,177,177,177],"floor_reached":51,"playtime":1536,"items_purged":["Strike_R","Strike_R","Defend_R","Parasite","Offering"],"score":694,"play_id":"93e65ba1-99db-4977-a567-0c34a6f06af0","local_time":"20190902052153","is_ascension_mode":false,"campfire_choices":[{"data":"Rampage","floor":6.0,"key":"SMITH"},{"data":"Defend_R","floor":8.0,"key":"SMITH"},{"data":"Rampage","floor":15,"key":"SMITH"},{"floor":23,"key":"REST"},{"data":"Immolate","floor":25,"key":"SMITH"},{"data":"Burning Pact","floor":27,"key":"SMITH"},{"floor":32,"key":"REST"},{"data":"Rampage","floor":40,"key":"SMITH"},{"floor":49,"key":"REST"}],"neow_cost":"NONE","seed_source_timestamp":5768357625459,"circlet_count":0,"master_deck":["Defend_R+1","Defend_R+1","Bash+1","Rampage+1","Rampage+1","Immolate+1","Pommel Strike+1","Burning Pact+1","True Grit+1","Body Slam+1","Sentinel+1","Burning Pact+1","Whirlwind+1","Rampage+1"],"special_seed":0,"relics":["Burning Blood","Art of War","SsserpentHead","Blood Vial","Oddly Smooth Stone","Lantern","Odd Mushroom","Velvet Choker","Ice Cream","Orichalcum","Blue Candle","Astrolabe","Dodecahedron"],"potions_floor_usage":[10,16,21,33,50,50,50],"damage_taken":[{"damage":3.0,"enemies":"2 Louse","floor":1.0,"turns":4.0},{"damage":5.0,"enemies":"Cultist","floor":2.0,"turns":4.0},{"damage":0.0,"enemies":"Small Slimes","floor":4.0,"turns":3.0},{"damage":2,"enemies":"Gremlin Nob","floor":10,"turns":3},{"damage":6,"enemies":"Lagavulin","floor":11,"turns":7},{"damage":6,"enemies":"The Mushroom Lair","floor":12,"turns":6},{"damage":0,"enemies":"3 Louse","floor":13,"turns":3},{"damage":0,"enemies":"Blue Slaver","floor":14,"turns":4},{"damage":59,"enemies":"Hexaghost","floor":16,"turns":8},{"damage":6,"enemies":"Spheric Guardian","floor":18,"turns":3},{"damage":28,"enemies":"3 Byrds","floor":20,"turns":3},{"damage":12,"enemies":"Snake Plant","floor":21,"turns":3},{"damage":22,"enemies":"Shelled Parasite and Fungi","floor":22,"turns":3},{"damage":6,"enemies":"Snecko","floor":29,"turns":4},{"damage":6,"enemies":"Snake Plant","floor":30,"turns":3},{"damage":18,"enemies":"Gremlin Leader","floor":31,"turns":4},{"damage":49,"enemies":"Champ","floor":33,"turns":10},{"damage":6,"enemies":"Orb Walker","floor":35,"turns":2},{"damage":6,"enemies":"3 Shapes","floor":37,"turns":2},{"damage":10,"enemies":"Writhing Mass","floor":41,"turns":4},{"damage":0,"enemies":"Transient","floor":44,"turns":5},{"damage":8,"enemies":"3 Darklings","floor":47,"turns":2},{"damage":1,"enemies":"Sphere and 2 Shapes","floor":48,"turns":3},{"damage":44,"enemies":"Time Eater","floor":50,"turns":8}],"seed_played":"-9190342626216105147","potions_obtained":[{"floor":1.0,"key":"Poison Potion"},{"floor":2.0,"key":"PowerPotion"},{"floor":12,"key":"EssenceOfSteel"},{"floor":14,"key":"Poison Potion"},{"floor":18,"key":"Block Potion"},{"floor":30,"key":"FearPotion"},{"floor":33,"key":"Dexterity Potion"},{"floor":48,"key":"Dexterity Potion"}],"is_trial":false,"path_per_floor":["M","M","?","M","$","R","?","R","T","?","E","?","M","M","R","B",null,"M","$","M","M","M","R","?","R","T","R","?","M","M","E","R","B",null,"M","?","M","$","?","R","M","$","T","M","$","?","M","M","R","B",null],"character_chosen":"IRONCLAD","items_purchased":["Burning Pact","Ice Cream","Rampage","Strength Potion"],"campfire_rested":3,"item_purchase_floors":[19,19,38,45],"current_hp_per_floor":[80,80,80,80,80,80,64,64,64,70,72,74,80,80,80,27,80,80,80,58,54,40,64,64,64,64,64,64,66,68,58,80,37,80,80,76,76,76,76,76,72,72,72,73,73,73,71,73,73,35],"gold":177,"neow_bonus":"RANDOM_COMMON_RELIC","is_prod":false,"is_daily":false,"chose_seed":false,"campfire_upgraded":6,"win_rate":0,"timestamp":1567423313,"path_taken":["M","M","?","M","?","R","?","R","T","?","E","?","M","M","R","BOSS","M","$","M","M","M","R","?","R","T","R","?","M","M","E","R","BOSS","M","?","M","$","?","R","M","$","T","M","$","?","M","M","R","BOSS"],"build_version":"2019-07-17","purchased_purges":5,"victory":true,"max_hp_per_floor":[80,80,80,80,80,80,80,80,80,80,80,80,80,80,80,80,80,80,80,80,80,80,80,80,80,80,80,80,80,80,80,80,80,80,80,76,76,76,76,76,76,73,73,73,73,73,73,73,73,73],"card_choices":[{"not_picked":["Sever Soul","Reckless Charge"],"picked":"Rampage","floor":1.0},{"not_picked":["Armaments","Sword Boomerang","Bloodletting"],"picked":"SKIP","floor":2.0},{"not_picked":["Thunderclap","Heavy Blade","Warcry"],"picked":"SKIP","floor":4.0},{"not_picked":["True Grit","Blood for Blood"],"picked":"Rampage","floor":10},{"not_picked":["Twin Strike","Sentinel","Warcry"],"picked":"SKIP","floor":11},{"not_picked":["Pommel Strike","Sentinel","Flex"],"picked":"SKIP","floor":13},{"not_picked":["Sword Boomerang","Perfected Strike"],"picked":"Immolate","floor":14},{"not_picked":["Dark Embrace","Exhume"],"picked":"Offering","floor":16},{"not_picked":["Combust+1","Clothesline+1"],"picked":"Pommel Strike+1","floor":18},{"not_picked":["Iron Wave","Body Slam","Rage+1"],"picked":"SKIP","floor":20},{"not_picked":["Shrug It Off","Flex"],"picked":"Burning Pact+1","floor":21},{"not_picked":["Flame Barrier","Spot Weakness+1"],"picked":"True Grit+1","floor":22},{"not_picked":["Fire Breathing","Wild Strike","Fiend Fire"],"picked":"SKIP","floor":29},{"not_picked":["Perfected Strike","Warcry","True Grit"],"picked":"SKIP","floor":30},{"not_picked":["Evolve","Fire Breathing","Infernal Blade"],"picked":"SKIP","floor":31},{"not_picked":["Perfected Strike","Twin Strike","Hemokinesis"],"picked":"SKIP","floor":35},{"not_picked":["Fire Breathing","Heavy Blade"],"picked":"Whirlwind+1","floor":37},{"not_picked":["Iron Wave+1","Cleave+1","Combust+1"],"picked":"SKIP","floor":41},{"not_picked":["Metallicize","Twin Strike+1","Disarm"],"picked":"SKIP","floor":44},{"not_picked":["Pommel Strike+1","Limit Break","Headbutt+1"],"picked":"SKIP","floor":47},{"not_picked":["Pummel+1","Disarm","Reckless Charge"],"picked":"SKIP","floor":48}],"player_experience":1711313,"relics_obtained":[{"floor":9.0,"key":"Blood Vial"},{"floor":10,"key":"Oddly Smooth Stone"},{"floor":11,"key":"Lantern"},{"floor":12,"key":"Odd Mushroom"},{"floor":26,"key":"Orichalcum"},{"floor":31,"key":"Blue Candle"},{"floor":43,"key":"Dodecahedron"}],"event_choices":[{"damage_healed":0.0,"max_hp_gain":0.0,"max_hp_loss":0.0,"gold_gain":0.0,"event_name":"FaceTrader","player_choice":"Trade","floor":3.0,"gold_loss":0.0,"damage_taken":0.0,"relics_obtained":["SsserpentHead"]},{"damage_healed":0.0,"max_hp_gain":0.0,"max_hp_loss":0.0,"gold_gain":0.0,"event_name":"Shining Light","player_choice":"Entered Light","floor":7.0,"gold_loss":0.0,"damage_taken":16.0,"cards_upgraded":["Bash","Defend_R"]},{"damage_healed":0,"gold_gain":0,"player_choice":"Searched \u00272\u0027 times","damage_taken":0,"max_hp_gain":0,"max_hp_loss":0,"event_name":"Dead Adventurer","floor":10,"gold_loss":0},{"damage_healed":0,"gold_gain":0,"player_choice":"Fought Mushrooms","damage_taken":0,"max_hp_gain":0,"max_hp_loss":0,"event_name":"Mushrooms","floor":12,"gold_loss":0},{"cards_removed":["Strike_R"],"damage_healed":0,"gold_gain":0,"player_choice":"Gave Gold","damage_taken":0,"max_hp_gain":0,"max_hp_loss":0,"event_name":"Beggar","floor":24,"gold_loss":75},{"damage_healed":0,"gold_gain":99,"player_choice":"Stole From Cult","damage_taken":0,"max_hp_gain":0,"max_hp_loss":0,"event_name":"Nest","floor":28,"gold_loss":0},{"damage_healed":0,"gold_gain":0,"player_choice":"Max HP","damage_taken":0,"max_hp_gain":0,"max_hp_loss":4,"event_name":"Winding Halls","floor":36,"gold_loss":0},{"damage_healed":0,"gold_gain":0,"player_choice":"Memory 1","damage_taken":0,"max_hp_gain":0,"max_hp_loss":0,"event_name":"SensoryStone","floor":39,"gold_loss":0},{"cards_removed":["Burning Pact"],"damage_healed":0,"gold_gain":0,"player_choice":"Removed Skill","damage_taken":0,"max_hp_gain":0,"max_hp_loss":0,"event_name":"Falling","floor":46,"gold_loss":0}],"is_beta":false,"boss_relics":[{"not_picked":["Black Blood","Lizard Tail"],"picked":"Velvet Choker"},{"not_picked":["Tiny House","Runic Dome"],"picked":"Astrolabe"}],"items_purged_floors":[5,19,38,42,45],"is_endless":false,"potions_floor_spawned":[1,2,12,14,18,30,31,33,37,48],"ascension_level":0}