{"gold_per_floor":[117,117,117,67,83,83,108,123,123,137,137,170,183,203,203,298,298,310,329,254,33,33,33,45,55,55,55,67,41,41,70,70,173,223,241,121,221,239,257,289,35,60,84,118,0,53,86,99,99,99],"floor_reached":51,"playtime":4230,"items_purged":["Defend_B","Defend_B"],"score":945,"play_id":"4a12610d-7eb1-4d91-9846-941624016d7c","local_time":"20190811164014","is_ascension_mode":false,"campfire_choices":[{"data":"Gash","floor":6,"key":"SMITH"},{"data":"Beam Cell","floor":11,"key":"SMITH"},{"data":"Creative AI","floor":15,"key":"SMITH"},{"data":"FTL","floor":23,"key":"SMITH"},{"data":"Conserve Battery","floor":27,"key":"SMITH"},{"floor":32,"key":"REST"},{"floor":49,"key":"REST"}],"neow_cost":"NONE","seed_source_timestamp":19266041923504,"circlet_count":0,"master_deck":["Defend_B+1","Zap+1","Dualcast","Gash+1","Gash","Beam Cell+1","Conserve Battery+1","Reinforced Body+1","Hologram+1","Beam Cell","Creative AI+1","All For One","Hologram+1","Go for the Eyes","FTL+1","Redo+1","Go for the Eyes+1","Hologram+1","Steam+1","Steam Power+1","Hologram+1","Steam+1","Go for the Eyes+1","Double Energy+1","Seek+1","FTL","All For One","Gash+1"],"relics":["Cracked Core","NeowsBlessing","Kunai","Oddly Smooth Stone","Toxic Egg 2","Bronze Scales","Empty Cage","Anchor","Potion Belt","Ginger","Tiny House","Torii","Centennial Puzzle","Happy Flower","War Paint","Pocketwatch","Red Mask","Calipers","Peace Pipe"],"potions_floor_usage":[12,13,16,28,35,40,50,50,50,50],"damage_taken":[{"damage":0,"enemies":"2 Louse","floor":1,"turns":1},{"damage":0,"enemies":"Small Slimes","floor":5,"turns":1},{"damage":0,"enemies":"Lagavulin","floor":7,"turns":1},{"damage":1,"enemies":"Jaw Worm","floor":8,"turns":4},{"damage":7,"enemies":"Exordium Thugs","floor":10,"turns":5},{"damage":2,"enemies":"3 Sentries","floor":12,"turns":8},{"damage":0,"enemies":"Looter","floor":13,"turns":2},{"damage":0,"enemies":"3 Louse","floor":14,"turns":2},{"damage":20,"enemies":"Slime Boss","floor":16,"turns":7},{"damage":0,"enemies":"3 Byrds","floor":18,"turns":3},{"damage":3,"enemies":"2 Thieves","floor":19,"turns":2},{"damage":0,"enemies":"Chosen and Byrds","floor":24,"turns":3},{"damage":10,"enemies":"Sentry and Sphere","floor":25,"turns":4},{"damage":9,"enemies":"Snecko","floor":28,"turns":7},{"damage":6,"enemies":"Gremlin Leader","floor":31,"turns":7},{"damage":0,"enemies":"Champ","floor":33,"turns":7},{"damage":0,"enemies":"3 Shapes","floor":35,"turns":3},{"damage":0,"enemies":"Mind Bloom Boss Battle","floor":37,"turns":5},{"damage":0,"enemies":"3 Darklings","floor":38,"turns":5},{"damage":4,"enemies":"4 Shapes","floor":39,"turns":4},{"damage":3,"enemies":"Reptomancer","floor":40,"turns":9},{"damage":6,"enemies":"Nemesis","floor":42,"turns":9},{"damage":26,"enemies":"Reptomancer","floor":44,"turns":4},{"damage":0,"enemies":"2 Orb Walkers","floor":46,"turns":2},{"damage":0,"enemies":"Nemesis","floor":47,"turns":3},{"damage":0,"enemies":"Spire Growth","floor":48,"turns":3},{"damage":0,"enemies":"Awakened One","floor":50,"turns":12}],"seed_played":"4936378928100423180","potions_obtained":[{"floor":1,"key":"SkillPotion"},{"floor":7,"key":"SkillPotion"},{"floor":8,"key":"Dexterity Potion"},{"floor":12,"key":"Explosive Potion"},{"floor":19,"key":"PowerPotion"},{"floor":24,"key":"Regen Potion"},{"floor":25,"key":"Block Potion"},{"floor":33,"key":"SteroidPotion"},{"floor":34,"key":"SteroidPotion"},{"floor":35,"key":"AttackPotion"},{"floor":39,"key":"Block Potion"},{"floor":42,"key":"Swift Potion"}],"is_trial":false,"path_per_floor":["M","?","?","?","M","R","E","M","T","M","R","E","M","M","R","B",null,"M","M","?","$","?","R","M","M","T","R","M","$","?","E","R","B",null,"M","$","?","M","M","E","$","E","T","E","?","?","E","M","R","B",null],"character_chosen":"DEFECT","items_purchased":["FTL","Anchor","Hologram+1","Steam+1","Seek+1"],"campfire_rested":2,"item_purchase_floors":[21,21,29,36,41],"current_hp_per_floor":[75,68,65,65,65,65,65,64,64,57,57,55,55,55,55,35,75,75,72,72,72,58,58,58,48,48,48,54,54,54,48,72,72,85,85,85,85,85,81,78,78,72,72,46,46,46,46,46,71,71],"gold":99,"neow_bonus":"THREE_ENEMY_KILL","is_prod":false,"is_daily":false,"chose_seed":false,"campfire_upgraded":5,"win_rate":0.0,"timestamp":1565509214,"path_taken":["M","?","?","?","M","R","E","M","T","M","R","E","M","M","R","BOSS","M","M","?","$","?","R","M","M","T","R","M","$","?","E","R","BOSS","M","$","?","M","M","E","$","E","T","E","?","?","E","M","R","BOSS"],"build_version":"2019-07-17","purchased_purges":2,"victory":true,"max_hp_per_floor":[75,75,75,75,75,75,75,75,75,75,75,75,75,75,75,75,75,75,75,75,75,80,80,80,80,80,80,80,80,80,80,80,80,85,85,85,85,85,85,85,85,85,85,85,85,85,85,85,85,85],"card_choices":[{"not_picked":["BootSequence","Steam"],"picked":"Gash","floor":1},{"not_picked":["Chaos","Leap"],"picked":"Gash","floor":5},{"not_picked":["Gash","Go for the Eyes"],"picked":"Beam Cell","floor":7},{"not_picked":["Amplify","Compile Driver"],"picked":"Conserve Battery","floor":8},{"not_picked":["Doom and Gloom","Barrage"],"picked":"Reinforced Body+1","floor":10},{"not_picked":["BootSequence+1","Chaos+1"],"picked":"Hologram+1","floor":12},{"not_picked":["Hologram+1","Stack+1"],"picked":"Beam Cell","floor":13},{"not_picked":["Sweeping Beam","Compile Driver"],"picked":"Creative AI","floor":14},{"not_picked":["Multi-Cast+1","Buffer"],"picked":"All For One","floor":16},{"not_picked":["Stack+1","Consume+1"],"picked":"Hologram+1","floor":18},{"not_picked":["Conserve Battery+1","Sweeping Beam"],"picked":"Go for the Eyes","floor":19},{"not_picked":["Gash","Capacitor"],"picked":"Redo+1","floor":24},{"not_picked":["Stack+1","Amplify+1","Barrage"],"picked":"SKIP","floor":25},{"not_picked":["Sweeping Beam","Compile Driver+1"],"picked":"Go for the Eyes","floor":28},{"not_picked":["Auto Shields+1","Compile Driver+1"],"picked":"Steam Power+1","floor":31},{"not_picked":["Compile Driver","Tempest+1"],"picked":"Hologram+1","floor":35},{"not_picked":["Rebound","Darkness+1"],"picked":"Go for the Eyes+1","floor":37},{"not_picked":["Darkness+1","Consume+1","Steam+1"],"picked":"SKIP","floor":38},{"not_picked":["Undo+1","Hologram+1"],"picked":"Double Energy+1","floor":39},{"not_picked":["Redo+1","Auto Shields+1","Static Discharge"],"picked":"SKIP","floor":40},{"not_picked":["Compile Driver","Stack+1","Undo+1"],"picked":"SKIP","floor":42},{"not_picked":["White Noise+1","Melter","Cold Snap+1"],"picked":"SKIP","floor":44},{"not_picked":["Hello World+1","Static Discharge+1"],"picked":"FTL","floor":46},{"not_picked":["Skim+1","Redo+1"],"picked":"All For One","floor":47},{"not_picked":["Hologram+1","Rip and Tear+1"],"picked":"Gash+1","floor":48}],"player_experience":61544,"relics_obtained":[{"floor":7,"key":"Oddly Smooth Stone"},{"floor":9,"key":"Toxic Egg 2"},{"floor":12,"key":"Bronze Scales"},{"floor":26,"key":"Potion Belt"},{"floor":31,"key":"Ginger"},{"floor":37,"key":"Torii"},{"floor":40,"key":"Centennial Puzzle"},{"floor":42,"key":"Happy Flower"},{"floor":43,"key":"War Paint"},{"floor":44,"key":"Pocketwatch"},{"floor":46,"key":"Calipers"},{"floor":47,"key":"Peace Pipe"}],"event_choices":[{"cards_removed":["Strike_B"],"damage_healed":0,"gold_gain":0,"player_choice":"Card Removal","damage_taken":7,"max_hp_gain":0,"max_hp_loss":0,"event_name":"Golden Wing","floor":2,"gold_loss":0},{"damage_healed":0,"gold_gain":0,"player_choice":"Success","damage_taken":3,"relics_obtained":["Kunai"],"max_hp_gain":0,"max_hp_loss":0,"event_name":"Scrap Ooze","floor":3,"gold_loss":0},{"cards_removed":["Strike_B"],"damage_healed":0,"gold_gain":0,"player_choice":"Card Removal","damage_taken":0,"max_hp_gain":0,"max_hp_loss":0,"event_name":"The Cleric","floor":4,"gold_loss":50},{"cards_removed":["Defend_B"],"damage_healed":0,"gold_gain":0,"player_choice":"Gave Gold","damage_taken":0,"max_hp_gain":0,"max_hp_loss":0,"event_name":"Beggar","floor":20,"gold_loss":75},{"damage_healed":0,"gold_gain":0,"player_choice":"Shed Blood","damage_taken":19,"max_hp_gain":5,"max_hp_loss":0,"event_name":"Forgotten Altar","floor":22,"gold_loss":0},{"damage_healed":0,"gold_gain":0,"player_choice":"Read","damage_taken":0,"max_hp_gain":0,"max_hp_loss":0,"event_name":"The Library","floor":30,"gold_loss":0,"cards_obtained":["Steam"]},{"damage_healed":0,"gold_gain":0,"player_choice":"Fight","damage_taken":0,"max_hp_gain":0,"max_hp_loss":0,"event_name":"MindBloom","floor":37,"gold_loss":0},{"damage_healed":0,"gold_gain":0,"player_choice":"Paid","damage_taken":0,"relics_obtained":["Red Mask"],"max_hp_gain":0,"max_hp_loss":0,"event_name":"Tomb of Lord Red Mask","floor":45,"gold_loss":118},{"damage_healed":0,"gold_gain":0,"player_choice":"Fight","damage_taken":0,"max_hp_gain":0,"max_hp_loss":0,"event_name":"Mysterious Sphere","floor":46,"gold_loss":0}],"is_beta":false,"boss_relics":[{"not_picked":["Black Star","Busted Crown"],"picked":"Empty Cage"},{"not_picked":["Coffee Dripper","Velvet Choker"],"picked":"Tiny House"}],"items_purged_floors":[36,41],"is_endless":false,"potions_floor_spawned":[1,7,8,12,19,24,25,33,35,39,42,46,48],"ascension_level":0}