{"gold_per_floor":[19,19,38,38,54,54,83,83,162,87,121,151,151,163,163,240,240,259,184,184,184,184,184,219,233,283,283,299,4,4,18,18,93,93,105,85,85,85,85,85,117,117,166,166,166,87,102,118,118,118],"floor_reached":51,"playtime":1728,"items_purged":["Strike_G","Strike_G"],"score":1393,"play_id":"a2b12d98-d854-478b-b85a-382f9efba2a5","local_time":"20190503131757","is_ascension_mode":true,"campfire_choices":[{"data":"Noxious Fumes","floor":6.0,"key":"SMITH"},{"floor":8.0,"key":"REST"},{"floor":15,"key":"REST"},{"data":"Night Terror","floor":23,"key":"SMITH"},{"floor":30,"key":"REST"},{"floor":32,"key":"REST"},{"data":"Wraith Form v2","floor":40,"key":"SMITH"},{"floor":42,"key":"REST"},{"data":"Burst","floor":44,"key":"SMITH"},{"data":"Catalyst","floor":49,"key":"SMITH"}],"neow_cost":"NO_GOLD","seed_source_timestamp":1969499033695829,"circlet_count":0,"master_deck":["AscendersBane","Defend_G","Defend_G","Defend_G","Defend_G+1","Defend_G","Survivor","Glass Knife","Deadly Poison+1","Leg Sweep","Noxious Fumes+1","Cloak And Dagger","Crippling Poison","Burst+1","Night Terror+1","Acrobatics+1","Bane","Apotheosis+1","Calculated Gamble","Wraith Form v2+1","Adrenaline+1","Blur+1","Terror+1","PiercingWail","Flying Knee","Catalyst+1","Poisoned Stab+1"],"special_seed":0,"relics":["Ring of the Snake","Regal Pillow","War Paint","Pear","Juzu Bracelet","Odd Mushroom","Sozu","Unceasing Top","Lantern","MutagenicStrength","Astrolabe","Bird Faced Urn","Art of War"],"potions_floor_usage":[11,12,16],"damage_taken":[{"damage":0.0,"enemies":"Cultist","floor":1.0,"turns":5.0},{"damage":7.0,"enemies":"Small Slimes","floor":3.0,"turns":3.0},{"damage":0.0,"enemies":"2 Louse","floor":5.0,"turns":3.0},{"damage":23.0,"enemies":"Gremlin Nob","floor":7.0,"turns":4.0},{"damage":13,"enemies":"3 Sentries","floor":11,"turns":7},{"damage":31,"enemies":"The Mushroom Lair","floor":12,"turns":4},{"damage":0,"enemies":"Blue Slaver","floor":14,"turns":4},{"damage":37,"enemies":"Slime Boss","floor":16,"turns":12},{"damage":2,"enemies":"Chosen","floor":18,"turns":5},{"damage":13,"enemies":"Colosseum Slavers","floor":22,"turns":6},{"damage":12,"enemies":"Gremlin Leader","floor":24,"turns":7},{"damage":23,"enemies":"3 Byrds","floor":25,"turns":4},{"damage":3,"enemies":"3 Cultists","floor":28,"turns":6},{"damage":0,"enemies":"Snecko","floor":31,"turns":5},{"damage":41,"enemies":"Automaton","floor":33,"turns":8},{"damage":0,"enemies":"3 Shapes","floor":35,"turns":6},{"damage":16,"enemies":"Nemesis","floor":41,"turns":11},{"damage":0,"enemies":"Orb Walker","floor":47,"turns":3},{"damage":0,"enemies":"Sphere and 2 Shapes","floor":48,"turns":5},{"damage":69,"enemies":"Donu and Deca","floor":50,"turns":10}],"seed_played":"-7697318095720869942","potions_obtained":[{"floor":3.0,"key":"Explosive Potion"},{"floor":5.0,"key":"Block Potion"},{"floor":11,"key":"Fire Potion"},{"floor":14,"key":"SkillPotion"}],"is_trial":false,"path_per_floor":["M","?","M","?","M","R","E","R","T","$","E","?","?","M","R","B",null,"M","?","?","$","?","R","E","M","T","?","M","$","R","M","R","B",null,"M","?","?","?","$","R","E","R","T","R","?","$","M","M","R","B",null],"character_chosen":"THE_SILENT","items_purchased":["Apotheosis","Catalyst"],"campfire_rested":5,"item_purchase_floors":[29,46],"current_hp_per_floor":[59,54,47,52,52,52,29,65,75,75,62,31,24,24,63,26,67,65,65,65,65,52,52,40,17,17,17,14,14,53,53,81,40,71,71,71,71,71,71,71,55,81,81,81,81,81,81,81,81,22],"gold":118,"neow_bonus":"THREE_RARE_CARDS","is_prod":false,"is_daily":false,"chose_seed":false,"campfire_upgraded":5,"win_rate":0,"timestamp":1556903877,"path_taken":["M","?","M","?","M","R","E","R","T","$","E","?","?","M","R","BOSS","M","?","?","$","?","R","E","M","T","?","M","$","R","M","R","BOSS","M","?","?","?","?","R","E","R","T","R","?","$","M","M","R","BOSS"],"build_version":"2019-01-23","purchased_purges":2,"victory":true,"max_hp_per_floor":[66,66,66,71,71,71,71,71,81,81,81,81,81,81,81,81,81,81,81,81,81,81,81,81,81,81,81,81,81,81,81,81,81,81,81,81,81,81,81,81,81,81,81,81,81,81,81,81,81,81],"card_choices":[{"not_picked":["A Thousand Cuts","Unload"],"picked":"Glass Knife","floor":0.0},{"not_picked":["Quick Slash","Acrobatics"],"picked":"Deadly Poison","floor":1.0},{"not_picked":["Deflect","Doppelganger"],"picked":"Leg Sweep","floor":3.0},{"not_picked":["Cloak And Dagger","Terror"],"picked":"Noxious Fumes","floor":5.0},{"not_picked":["Prepared","Crippling Poison"],"picked":"Cloak And Dagger","floor":7.0},{"not_picked":["Predator","Blur"],"picked":"Crippling Poison","floor":11},{"not_picked":["Dash","Reflex"],"picked":"Burst","floor":12},{"not_picked":["Sucker Punch","Well Laid Plans"],"picked":"Backstab","floor":14},{"not_picked":["Grand Finale","Tools of the Trade"],"picked":"Night Terror","floor":16},{"not_picked":["All Out Attack","Backflip"],"picked":"Cloak And Dagger","floor":18},{"not_picked":["Blade Dance","Outmaneuver"],"picked":"Acrobatics+1","floor":24},{"not_picked":["Poisoned Stab","All Out Attack"],"picked":"Bane","floor":25},{"not_picked":["Concentrate","Eviscerate","Dodge and Roll"],"picked":"SKIP","floor":28},{"not_picked":["Quick Slash","Concentrate"],"picked":"Calculated Gamble","floor":31},{"not_picked":["Burst","Night Terror"],"picked":"Wraith Form v2","floor":33},{"not_picked":["Slice","Outmaneuver"],"picked":"PiercingWail","floor":35},{"not_picked":["Die Die Die","Outmaneuver"],"picked":"Flying Knee","floor":41},{"not_picked":["Backflip","Blade Dance"],"picked":"Poisoned Stab+1","floor":47},{"not_picked":["Poisoned Stab","Dagger Spray","Prepared"],"picked":"SKIP","floor":48}],"player_experience":324574,"relics_obtained":[{"floor":7.0,"key":"War Paint"},{"floor":9.0,"key":"Pear"},{"floor":11,"key":"Juzu Bracelet"},{"floor":12,"key":"Odd Mushroom"},{"floor":24,"key":"Unceasing Top"},{"floor":26,"key":"Lantern"},{"floor":41,"key":"Bird Faced Urn"},{"floor":43,"key":"Art of War"}],"event_choices":[{"damage_healed":0.0,"max_hp_gain":0.0,"max_hp_loss":0.0,"gold_gain":0.0,"event_name":"Scrap Ooze","player_choice":"Success","floor":2.0,"gold_loss":0.0,"damage_taken":5.0,"relics_obtained":["Regal Pillow"]},{"damage_healed":0.0,"max_hp_gain":5.0,"max_hp_loss":0.0,"gold_gain":0.0,"event_name":"Big Fish","player_choice":"Donut","floor":4.0,"gold_loss":0.0,"damage_taken":0.0},{"damage_healed":0,"gold_gain":0,"player_choice":"Fought Mushrooms","damage_taken":0,"max_hp_gain":0,"max_hp_loss":0,"event_name":"Mushrooms","floor":12,"gold_loss":0},{"cards_removed":["Strike_G"],"damage_healed":0,"gold_gain":0,"player_choice":"Card Removal","damage_taken":7,"max_hp_gain":0,"max_hp_loss":0,"event_name":"Golden Wing","floor":13,"gold_loss":0},{"cards_removed":["Strike_G"],"damage_healed":0,"gold_gain":0,"player_choice":"Gave Gold","damage_taken":0,"max_hp_gain":0,"max_hp_loss":0,"event_name":"Beggar","floor":19,"gold_loss":75},{"damage_healed":0,"gold_gain":0,"player_choice":"Ignored","damage_taken":0,"max_hp_gain":0,"max_hp_loss":0,"event_name":"Ghosts","floor":20,"gold_loss":0},{"damage_healed":0,"gold_gain":0,"player_choice":"Fight","damage_taken":0,"max_hp_gain":0,"max_hp_loss":0,"event_name":"Colosseum","floor":22,"gold_loss":0},{"damage_healed":0,"gold_gain":0,"player_choice":"Fled From Nobs","damage_taken":0,"max_hp_gain":0,"max_hp_loss":0,"event_name":"Colosseum","floor":22,"gold_loss":0},{"damage_healed":0,"gold_gain":0,"player_choice":"Inject Mutagens","damage_taken":0,"relics_obtained":["MutagenicStrength"],"max_hp_gain":0,"max_hp_loss":0,"event_name":"Drug Dealer","floor":27,"gold_loss":0},{"damage_healed":0,"gold_gain":0,"player_choice":"Bought 1 Potion","damage_taken":0,"max_hp_gain":0,"max_hp_loss":0,"event_name":"The Woman in Blue","floor":36,"gold_loss":0},{"damage_healed":0,"gold_gain":0,"player_choice":"Ignored","damage_taken":0,"max_hp_gain":0,"max_hp_loss":0,"event_name":"Mysterious Sphere","floor":37,"gold_loss":0},{"damage_healed":0,"gold_gain":0,"player_choice":"Upgraded","damage_taken":0,"max_hp_gain":0,"max_hp_loss":0,"event_name":"Upgrade Shrine","floor":38,"gold_loss":0,"cards_upgraded":["Apotheosis"]},{"cards_removed":["Backstab"],"damage_healed":0,"gold_gain":0,"player_choice":"Removed Attack","damage_taken":0,"max_hp_gain":0,"max_hp_loss":0,"event_name":"Falling","floor":45,"gold_loss":0}],"is_beta":false,"boss_relics":[{"not_picked":["Ectoplasm","Snecko Eye"],"picked":"Sozu"},{"not_picked":["Orrery","Empty Cage"],"picked":"Astrolabe"}],"items_purged_floors":[10,29],"is_endless":false,"potions_floor_spawned":[3,5,11,14,22,25,28,31,33,47],"ascension_level":17}