{"gold_per_floor":[118,118,1,13,23,58,58,73,99,117,133,133,152,164,164,268,268,282,282,207,207,224,224,252,264,276,288,300,327,339,366,378,490,502,527,330,330,347,367,395,395,395,395,4,4,4,4,4,4,4],"floor_reached":51,"playtime":2063,"items_purged":[],"score":817,"play_id":"eebae143-7495-492d-8f5e-a181d1d195a2","local_time":"20190208125239","is_ascension_mode":true,"campfire_choices":[{"data":"Defragment","floor":7,"key":"SMITH"},{"data":"Loop","floor":12,"key":"SMITH"},{"data":"Go for the Eyes","floor":15,"key":"SMITH"},{"data":"Defragment","floor":23,"key":"SMITH"},{"data":"Defragment","floor":25,"key":"SMITH"},{"floor":27,"key":"REST"},{"data":"Creative AI","floor":32,"key":"SMITH"},{"floor":41,"key":"REST"},{"floor":49,"key":"REST"}],"neow_cost":"CURSE","seed_source_timestamp":163228671311079,"circlet_count":0,"master_deck":["Zap+1","Dualcast","Cold Snap","Storm","Ball Lightning","Gash","Loop+1","Defragment+1","All For One","Go for the Eyes+1","Beam Cell","Creative AI+1","Thunder Strike","Force Field","FTL","Hologram","Blizzard","Genetic Algorithm","Force Field","Defragment+1","Loop","Necronomicurse","Defragment+1","Consume+1","Streamline","Heatsinks","Buffer","Defragment","All For One","Coolheaded","Discovery"],"relics":["FrozenCore","Bird Faced Urn","Juzu Bracelet","Blood Vial","Necronomicon","MawBank","Singing Bowl","Nloth\u0027s Gift","Toolbox","Orichalcum","Bottled Tornado","Mummified Hand","Incense Burner"],"potions_floor_usage":[11,13,16,24,35,40,50,50],"damage_taken":[{"damage":7,"enemies":"Jaw Worm","floor":1,"turns":4},{"damage":0,"enemies":"Cultist","floor":4,"turns":3},{"damage":0,"enemies":"2 Louse","floor":5,"turns":2},{"damage":25,"enemies":"3 Sentries","floor":6,"turns":7},{"damage":9,"enemies":"Red Slaver","floor":8,"turns":2},{"damage":12,"enemies":"Large Slime","floor":10,"turns":3},{"damage":18,"enemies":"Exordium Thugs","floor":11,"turns":4},{"damage":0,"enemies":"2 Fungi Beasts","floor":13,"turns":2},{"damage":11,"enemies":"Large Slime","floor":14,"turns":4},{"damage":2,"enemies":"Hexaghost","floor":16,"turns":6},{"damage":7,"enemies":"3 Byrds","floor":18,"turns":4},{"damage":19,"enemies":"Chosen","floor":22,"turns":5},{"damage":25,"enemies":"Book of Stabbing","floor":24,"turns":5},{"damage":23,"enemies":"Centurion and Healer","floor":29,"turns":4},{"damage":7,"enemies":"Snecko","floor":31,"turns":4},{"damage":22,"enemies":"Automaton","floor":33,"turns":7},{"damage":23,"enemies":"3 Shapes","floor":35,"turns":5},{"damage":48,"enemies":"3 Darklings","floor":38,"turns":7},{"damage":18,"enemies":"Sphere and 2 Shapes","floor":39,"turns":4},{"damage":26,"enemies":"Giant Head","floor":40,"turns":7},{"damage":34,"enemies":"Awakened One","floor":50,"turns":9}],"seed_played":"-8617316565924548237","potions_obtained":[{"floor":6,"key":"Swift Potion"},{"floor":8,"key":"SkillPotion"},{"floor":14,"key":"GamblersBrew"},{"floor":22,"key":"Block Potion"},{"floor":24,"key":"Explosive Potion"},{"floor":29,"key":"EssenceOfSteel"},{"floor":40,"key":"Dexterity Potion"}],"is_trial":false,"path_per_floor":["M","?","$","M","M","E","R","M","T","M","M","R","M","M","R","B",null,"M","?","?","?","M","R","E","R","T","R","?","M","?","M","R","B",null,"M","$","?","M","M","E","R","?","T","$","?","?","?","?","R","B",null],"character_chosen":"DEFECT","items_purchased":["Storm","Ball Lightning","Toolbox","Mummified Hand","Coolheaded","Regen Potion"],"campfire_rested":3,"item_purchase_floors":[3,3,36,44,44,44],"current_hp_per_floor":[68,68,68,70,70,49,49,42,42,38,28,28,34,29,29,35,75,70,70,70,54,47,47,36,36,36,57,57,44,44,49,49,49,74,61,61,61,33,27,29,52,52,52,52,52,52,52,52,75,78],"gold":4,"neow_bonus":"ONE_RARE_RELIC","is_prod":false,"is_daily":false,"chose_seed":false,"campfire_upgraded":6,"win_rate":0,"timestamp":1549648359,"path_taken":["M","?","$","?","M","E","R","M","T","M","M","R","M","M","R","BOSS","M","?","?","?","M","R","E","R","T","R","?","M","?","M","R","BOSS","M","$","?","M","M","E","R","?","T","$","?","?","?","?","R","BOSS"],"build_version":"2019-01-23","purchased_purges":0,"victory":true,"max_hp_per_floor":[75,75,75,75,75,75,75,75,75,75,75,75,75,75,75,75,75,75,75,72,72,72,72,72,72,72,72,72,74,74,74,74,74,74,74,74,74,74,76,78,78,78,78,78,78,78,78,78,78,78],"card_choices":[{"not_picked":["Redo","BootSequence"],"picked":"Cold Snap","floor":1},{"not_picked":["Redo","Recycle"],"picked":"Gash","floor":4},{"not_picked":["Skim","Conserve Battery"],"picked":"Loop","floor":5},{"not_picked":["Force Field","Undo"],"picked":"Defragment","floor":6},{"not_picked":["Ball Lightning","Melter"],"picked":"BootSequence","floor":8},{"not_picked":["Turbo","Conserve Battery"],"picked":"All For One","floor":10},{"not_picked":["Compile Driver","Barrage"],"picked":"Gash","floor":11},{"not_picked":["Turbo","Chill"],"picked":"Go for the Eyes","floor":13},{"not_picked":["Turbo","Compile Driver"],"picked":"Beam Cell","floor":14},{"not_picked":["Hyperbeam","Amplify"],"picked":"Creative AI","floor":16},{"not_picked":["Chill","Sweeping Beam"],"picked":"Defragment","floor":18},{"not_picked":["Sunder","Beam Cell"],"picked":"Defragment","floor":22},{"not_picked":["Heatsinks","Barrage"],"picked":"Consume+1","floor":24},{"not_picked":["Rebound","Darkness","Reboot"],"picked":"Singing Bowl","floor":29},{"not_picked":["Beam Cell","Hologram"],"picked":"Heatsinks","floor":31},{"not_picked":["Machine Learning","Rainbow"],"picked":"Buffer","floor":33},{"not_picked":["White Noise","Double Energy"],"picked":"Defragment","floor":35},{"not_picked":["Go for the Eyes+1","Storm"],"picked":"All For One","floor":38},{"not_picked":["Double Energy","Turbo","Hologram+1"],"picked":"Singing Bowl","floor":39},{"not_picked":["Reboot","Sweeping Beam","Chaos+1"],"picked":"Singing Bowl","floor":40},{"not_picked":["PanicButton","Metamorphosis"],"picked":"Discovery","floor":45}],"player_experience":44588,"relics_obtained":[{"floor":6,"key":"Juzu Bracelet"},{"floor":9,"key":"Blood Vial"},{"floor":21,"key":"Necronomicon"},{"floor":24,"key":"MawBank"},{"floor":26,"key":"Singing Bowl"},{"floor":40,"key":"Orichalcum"},{"floor":43,"key":"Bottled Tornado"}],"event_choices":[{"damage_healed":0,"gold_gain":0,"player_choice":"Upgraded","damage_taken":0,"max_hp_gain":0,"max_hp_loss":0,"event_name":"Upgrade Shrine","floor":2,"gold_loss":0,"cards_upgraded":["Zap"]},{"damage_healed":0,"gold_gain":0,"cards_transformed":["BootSequence"],"player_choice":"Transformed","damage_taken":0,"max_hp_gain":0,"max_hp_loss":0,"event_name":"Transmorgrifier","floor":19,"gold_loss":0,"cards_obtained":["Loop"]},{"cards_removed":["Parasite"],"damage_healed":0,"gold_gain":0,"player_choice":"Gave Gold","damage_taken":0,"max_hp_gain":0,"max_hp_loss":0,"event_name":"Beggar","floor":20,"gold_loss":75},{"damage_healed":0,"gold_gain":0,"player_choice":"Obtained Book","damage_taken":16,"max_hp_gain":0,"max_hp_loss":0,"event_name":"Cursed Tome","floor":21,"gold_loss":0},{"damage_healed":0,"gold_gain":0,"player_choice":"Traded Relic","damage_taken":0,"relics_obtained":["Nloth\u0027s Gift"],"max_hp_gain":0,"max_hp_loss":0,"event_name":"N\u0027loth","floor":28,"relics_lost":["Pandora\u0027s Box"],"gold_loss":0},{"damage_healed":0,"gold_gain":0,"player_choice":"Read","damage_taken":0,"max_hp_gain":0,"max_hp_loss":0,"event_name":"The Library","floor":30,"gold_loss":0,"cards_obtained":["Streamline"]},{"cards_removed":["Sweeping Beam"],"damage_healed":0,"gold_gain":0,"player_choice":"Removed Attack","damage_taken":0,"max_hp_gain":0,"max_hp_loss":0,"event_name":"Falling","floor":37,"gold_loss":0},{"damage_healed":0,"gold_gain":0,"player_choice":"Ignored","damage_taken":0,"max_hp_gain":0,"max_hp_loss":0,"event_name":"Tomb of Lord Red Mask","floor":42,"gold_loss":0},{"damage_healed":0,"gold_gain":0,"player_choice":"Memory 1","damage_taken":0,"max_hp_gain":0,"max_hp_loss":0,"event_name":"SensoryStone","floor":45,"gold_loss":0},{"damage_healed":0,"gold_gain":0,"player_choice":"Ignored","damage_taken":0,"max_hp_gain":0,"max_hp_loss":0,"event_name":"Mysterious Sphere","floor":46,"gold_loss":0},{"cards_removed":["Gash"],"damage_healed":0,"gold_gain":0,"player_choice":"Gave Card","damage_taken":0,"relics_obtained":["Incense Burner"],"max_hp_gain":0,"max_hp_loss":0,"event_name":"WeMeetAgain","floor":47,"gold_loss":0},{"damage_healed":0,"gold_gain":0,"player_choice":"Ignored","damage_taken":0,"max_hp_gain":0,"max_hp_loss":0,"event_name":"SecretPortal","floor":48,"gold_loss":0}],"is_beta":false,"boss_relics":[{"not_picked":["Philosopher\u0027s Stone","Fusion Hammer"],"picked":"Pandora\u0027s Box"},{"not_picked":["Tiny House","Velvet Choker"],"picked":"FrozenCore"}],"items_purged_floors":[],"is_endless":false,"potions_floor_spawned":[6,8,14,22,24,29,40],"ascension_level":3}