{"gold_per_floor":[109,122,122,70,95,125,155,155,155,185,31,31,0,19,19,19],"floor_reached":16,"playtime":214,"items_purged":["Strike_G"],"score":262,"play_id":"3441d480-fb8d-43bb-91e2-d9de9eb7f221","local_time":"20190707141356","is_ascension_mode":true,"campfire_choices":[{"floor":15,"key":"REST"}],"neow_cost":"NONE","seed_source_timestamp":216287565626397,"circlet_count":0,"master_deck":["AscendersBane","Strike_G","Strike_G+1","Strike_G","Defend_G","Defend_G","Defend_G","Defend_G+1","Defend_G","Survivor","Neutralize","Poisoned Stab","Deadly Poison+1","Flying Knee+1","Dagger Spray","Footwork","Deadly Poison"],"relics":["Ring of the Snake","NeowsBlessing","Boot","War Paint","Ornamental Fan","Bottled Flame"],"potions_floor_usage":[10,16],"damage_taken":[{"damage":0,"enemies":"Jaw Worm","floor":1,"turns":1},{"damage":0,"enemies":"Cultist","floor":2,"turns":1},{"damage":0,"enemies":"3 Sentries","floor":6,"turns":1},{"damage":21,"enemies":"Gremlin Nob","floor":10,"turns":4},{"damage":0,"enemies":"2 Louse","floor":14,"turns":3},{"damage":39,"enemies":"Slime Boss","floor":16,"turns":9}],"seed_played":"4324137427854401296","potions_obtained":[{"floor":2,"key":"SteroidPotion"},{"floor":6,"key":"Energy Potion"},{"floor":14,"key":"Strength Potion"}],"is_trial":false,"path_per_floor":["M","M","?","$","T","E","?","?","T","E","$","$","?","M","R","B"],"character_chosen":"THE_SILENT","items_purchased":["Flying Knee","Footwork"],"campfire_rested":1,"item_purchase_floors":[4,11],"current_hp_per_floor":[59,59,59,59,59,59,59,39,39,18,18,18,18,18,37,0],"gold":19,"neow_bonus":"THREE_ENEMY_KILL","is_prod":false,"is_daily":false,"chose_seed":false,"campfire_upgraded":0,"win_rate":0,"timestamp":1562523236,"path_taken":["M","M","?","$","?","E","?","?","T","E","?","$","?","?","R","BOSS"],"build_version":"2019-07-05","purchased_purges":1,"victory":false,"max_hp_per_floor":[66,66,66,66,66,66,66,66,66,66,66,66,66,66,66,66],"card_choices":[{"not_picked":["PiercingWail","Backflip"],"picked":"Poisoned Stab","floor":1},{"not_picked":["Predator","Sucker Punch"],"picked":"Deadly Poison","floor":2},{"not_picked":["Deflect","Prepared","Reflex"],"picked":"SKIP","floor":6},{"not_picked":["Blade Dance","Poisoned Stab"],"picked":"Dagger Spray","floor":10},{"not_picked":["Dagger Spray","Eviscerate"],"picked":"Deadly Poison","floor":14}],"player_experience":515701,"relics_obtained":[{"floor":5,"key":"Boot"},{"floor":6,"key":"War Paint"},{"floor":9,"key":"Ornamental Fan"},{"floor":10,"key":"Bottled Flame"}],"event_choices":[{"cards_removed":["Strike_G"],"damage_healed":0,"gold_gain":0,"player_choice":"Purged","damage_taken":0,"max_hp_gain":0,"max_hp_loss":0,"event_name":"Purifier","floor":3,"gold_loss":0},{"damage_healed":0,"gold_gain":30,"player_choice":"Searched \u00271\u0027 times","damage_taken":0,"max_hp_gain":0,"max_hp_loss":0,"event_name":"Dead Adventurer","floor":7,"gold_loss":0},{"damage_healed":0,"gold_gain":0,"player_choice":"Entered Light","damage_taken":20,"max_hp_gain":0,"max_hp_loss":0,"event_name":"Shining Light","floor":8,"gold_loss":0,"cards_upgraded":["Strike_G","Flying Knee"]},{"damage_healed":0,"gold_gain":0,"player_choice":"Left Gold","damage_taken":0,"max_hp_gain":0,"max_hp_loss":0,"event_name":"World of Goop","floor":13,"gold_loss":31}],"is_beta":false,"boss_relics":[],"items_purged_floors":[11],"is_endless":false,"potions_floor_spawned":[2,6,14],"killed_by":"Slime Boss","ascension_level":20}