{"gold_per_floor":[217,235,1,1,1,1,26,26,26,41,61,11,11,25,25,124,124,140,156,93,113,145,145,162,162,188,219,219,229,9,9,9,113,113,126,1125,1125,1141,646,672,672,685,712,725,725,725,256,216,216,216],"floor_reached":51,"playtime":1859,"items_purged":["Strike_G","Strike_G","Strike_G","Strike_G","Normality","Normality"],"score":843,"play_id":"addfc731-01ef-40d9-b093-0a0891287a5f","local_time":"20190902042612","is_ascension_mode":false,"campfire_choices":[{"data":"Neutralize","floor":6.0,"key":"SMITH"},{"data":"Predator","floor":8.0,"key":"SMITH"},{"data":"Noxious Fumes","floor":13.0,"key":"SMITH"},{"floor":15.0,"key":"REST"},{"data":"After Image","floor":23.0,"key":"SMITH"},{"data":"Infinite Blades","floor":28.0,"key":"SMITH"},{"data":"Skewer","floor":32.0,"key":"SMITH"},{"floor":41.0,"key":"REST"},{"data":"Noxious Fumes","floor":45,"key":"SMITH"},{"floor":49,"key":"REST"}],"neow_cost":"NONE","seed_source_timestamp":1995521000846,"circlet_count":0,"master_deck":["Strike_G+1","Defend_G","Defend_G","Defend_G","Defend_G","Survivor","Neutralize+1","Infinite Blades+1","Poisoned Stab","Predator+1","Skewer+1","Noxious Fumes+1","Cloak And Dagger","After Image+1","Infinite Blades+1","Riddle With Holes","Choke","Dagger Spray","Die Die Die","Sucker Punch+1","Terror","Leg Sweep","Noxious Fumes+1","Mayhem","Riddle With Holes","Noxious Fumes","Chrysalis","Predator","After Image"],"special_seed":0,"relics":["Ring of the Snake","Membership Card","FossilizedHelix","Singing Bowl","Sozu","Red Mask","PreservedInsect","Ginger","Chemical X","Snecko Eye","Turnip","Strange Spoon","Bottled Flame","Boot","HandDrill","Art of War","Dream Catcher"],"potions_floor_usage":[50,50],"damage_taken":[{"damage":1.0,"enemies":"Small Slimes","floor":1.0,"turns":3.0},{"damage":0.0,"enemies":"2 Louse","floor":2.0,"turns":4.0},{"damage":11.0,"enemies":"3 Sentries","floor":7.0,"turns":8.0},{"damage":0.0,"enemies":"Jaw Worm","floor":10.0,"turns":3.0},{"damage":11.0,"enemies":"Gremlin Gang","floor":11.0,"turns":5.0},{"damage":0.0,"enemies":"3 Louse","floor":14.0,"turns":3.0},{"damage":0.0,"enemies":"Slime Boss","floor":16.0,"turns":7.0},{"damage":0.0,"enemies":"Shell Parasite","floor":18.0,"turns":6.0},{"damage":0.0,"enemies":"Spheric Guardian","floor":19.0,"turns":4.0},{"damage":0.0,"enemies":"Snecko","floor":21.0,"turns":5.0},{"damage":25.0,"enemies":"Masked Bandits","floor":22.0,"turns":5.0},{"damage":5.0,"enemies":"Snake Plant","floor":24.0,"turns":6.0},{"damage":0.0,"enemies":"Book of Stabbing","floor":27.0,"turns":5.0},{"damage":0.0,"enemies":"Centurion and Healer","floor":29.0,"turns":5.0},{"damage":36.0,"enemies":"Collector","floor":33.0,"turns":10.0},{"damage":16.0,"enemies":"3 Darklings","floor":35.0,"turns":4.0},{"damage":41.0,"enemies":"3 Shapes","floor":38.0,"turns":4.0},{"damage":0.0,"enemies":"Giant Head","floor":40.0,"turns":6.0},{"damage":0.0,"enemies":"Transient","floor":42.0,"turns":5.0},{"damage":3.0,"enemies":"Maw","floor":44.0,"turns":7.0},{"damage":40,"enemies":"Donu and Deca","floor":50,"turns":9}],"seed_played":"-3619207253754581208","potions_obtained":[{"floor":1.0,"key":"Fire Potion"},{"floor":2.0,"key":"LiquidBronze"},{"floor":14.0,"key":"Ancient Potion"}],"is_trial":false,"path_per_floor":["M","M","$","?","?","R","E","R","T","M","M","$","R","M","R","B",null,"M","M","$","M","?","R","M","?","T","E","R","M","$","?","R","B",null,"M","?","?","M","$","E","R","M","T","M","R","?","$","?","R","B",null],"character_chosen":"THE_SILENT","items_purchased":["Membership Card","Chemical X","Choke","Dagger Spray","Turnip","Strange Spoon","Leg Sweep","Noxious Fumes","Mayhem","Chrysalis","Predator","HandDrill","Art of War","Dream Catcher"],"campfire_rested":3,"item_purchase_floors":[3,30,30,30,39,39,39,39,39,47,47,47,47,47],"current_hp_per_floor":[69,69,69,55,60,60,49,49,49,49,38,38,38,38,60,60,75,75,77,77,77,54,54,51,51,51,53,53,55,55,55,55,19,85,69,69,69,30,30,32,58,58,58,55,55,55,55,55,81,41],"gold":216,"neow_bonus":"HUNDRED_GOLD","is_prod":false,"is_daily":false,"chose_seed":false,"campfire_upgraded":7,"win_rate":0,"timestamp":1567419972,"path_taken":["M","M","$","?","?","R","E","R","T","M","M","?","R","M","R","BOSS","M","M","$","?","?","R","M","?","T","E","R","?","$","?","R","BOSS","M","?","?","M","$","E","R","M","T","?","R","?","$","?","R","BOSS"],"build_version":"2019-07-17","purchased_purges":6,"victory":true,"max_hp_per_floor":[70,70,70,70,75,75,75,75,75,75,75,75,75,75,75,75,75,75,77,77,77,79,79,81,81,81,83,83,85,85,85,85,85,85,85,85,85,87,87,89,89,89,89,89,89,89,89,89,89,89],"card_choices":[{"not_picked":["Blur","Prepared"],"picked":"Infinite Blades","floor":1.0},{"not_picked":["Prepared","Heel Hook"],"picked":"Poisoned Stab","floor":2.0},{"not_picked":["Underhanded Strike","Bane"],"picked":"Predator","floor":7.0},{"not_picked":["Quick Slash","Flechettes"],"picked":"Skewer","floor":10.0},{"not_picked":["Underhanded Strike","Bane"],"picked":"Noxious Fumes","floor":11.0},{"not_picked":["Die Die Die","Prepared"],"picked":"Cloak And Dagger","floor":14.0},{"not_picked":["Wraith Form v2","Night Terror"],"picked":"After Image","floor":16.0},{"not_picked":["Dodge and Roll+1","Backstab"],"picked":"Infinite Blades","floor":18.0},{"not_picked":["All Out Attack","Acrobatics","Distraction"],"picked":"Singing Bowl","floor":19.0},{"not_picked":["Flying Knee","Crippling Poison"],"picked":"Riddle With Holes","floor":21.0},{"not_picked":["Reflex+1","Dodge and Roll","Calculated Gamble"],"picked":"Singing Bowl","floor":22.0},{"not_picked":["Sucker Punch","Slice","Eviscerate"],"picked":"Singing Bowl","floor":24.0},{"not_picked":["Prepared","Sucker Punch+1","Dagger Throw+1"],"picked":"Singing Bowl","floor":27.0},{"not_picked":["Outmaneuver","PiercingWail","Calculated Gamble"],"picked":"Singing Bowl","floor":29.0},{"not_picked":["Wraith Form v2","Tools of the Trade"],"picked":"Die Die Die","floor":33.0},{"not_picked":["Blade Dance","Acrobatics+1"],"picked":"Sucker Punch+1","floor":35.0},{"not_picked":["Escape Plan","Catalyst","Eviscerate"],"picked":"Singing Bowl","floor":38.0},{"not_picked":["Bane+1","Blade Dance","Eviscerate"],"picked":"Singing Bowl","floor":40.0},{"not_picked":["Endless Agony","Dodge and Roll+1"],"picked":"Riddle With Holes","floor":42.0},{"not_picked":["Dagger Throw","Poisoned Stab+1"],"picked":"Noxious Fumes","floor":44.0},{"not_picked":["Escape Plan+1","Skewer"],"picked":"After Image","floor":49}],"player_experience":1707836,"relics_obtained":[{"floor":7.0,"key":"FossilizedHelix"},{"floor":9.0,"key":"Singing Bowl"},{"floor":22.0,"key":"Red Mask"},{"floor":26.0,"key":"PreservedInsect"},{"floor":27.0,"key":"Ginger"},{"floor":40.0,"key":"Bottled Flame"},{"floor":43.0,"key":"Boot"}],"event_choices":[{"damage_healed":0.0,"max_hp_gain":0.0,"max_hp_loss":0.0,"gold_gain":0.0,"event_name":"Shining Light","player_choice":"Entered Light","floor":4.0,"gold_loss":0.0,"damage_taken":14.0,"cards_upgraded":["Strike_G","Infinite Blades"]},{"damage_healed":0.0,"max_hp_gain":5.0,"max_hp_loss":0.0,"gold_gain":0.0,"event_name":"Big Fish","player_choice":"Donut","floor":5.0,"gold_loss":0.0,"damage_taken":0.0},{"damage_healed":0.0,"max_hp_gain":0.0,"max_hp_loss":0.0,"gold_gain":0.0,"event_name":"Masked Bandits","player_choice":"Fought Bandits","floor":22.0,"gold_loss":0.0,"damage_taken":0.0},{"damage_healed":0.0,"max_hp_gain":0.0,"max_hp_loss":0.0,"gold_gain":0.0,"event_name":"Lab","player_choice":"Got Potions","floor":25.0,"gold_loss":0.0,"damage_taken":0.0},{"damage_healed":0.0,"max_hp_gain":0.0,"max_hp_loss":0.0,"gold_gain":0.0,"event_name":"Ghosts","player_choice":"Ignored","floor":31.0,"gold_loss":0.0,"damage_taken":0.0},{"damage_healed":0.0,"max_hp_gain":0.0,"max_hp_loss":0.0,"gold_gain":999.0,"event_name":"MindBloom","player_choice":"Gold","floor":36.0,"gold_loss":0.0,"damage_taken":0.0,"cards_obtained":["Normality","Normality"]},{"damage_healed":0.0,"max_hp_gain":0.0,"max_hp_loss":0.0,"gold_gain":0.0,"cards_transformed":["Defend_G"],"event_name":"Transmorgrifier","player_choice":"Transformed","floor":37.0,"gold_loss":0.0,"damage_taken":0.0,"cards_obtained":["Terror"]},{"damage_healed":0,"gold_gain":0,"player_choice":"Ignored","damage_taken":0,"max_hp_gain":0,"max_hp_loss":0,"event_name":"Mysterious Sphere","floor":46,"gold_loss":0},{"damage_healed":0,"gold_gain":0,"player_choice":"Bought 3 Potions","damage_taken":0,"max_hp_gain":0,"max_hp_loss":0,"event_name":"The Woman in Blue","floor":48,"gold_loss":0}],"is_beta":false,"boss_relics":[{"not_picked":["Calling Bell","WristBlade"],"picked":"Sozu"},{"not_picked":["Lizard Tail","Runic Pyramid"],"picked":"Snecko Eye"}],"items_purged_floors":[3,12,20,30,39,47],"is_endless":false,"potions_floor_spawned":[1,2,14,21,22,27,33,35,40,42],"ascension_level":0}