{"gold_per_floor":[110,110,60,71,71,71,103,103,103,118,118,137,167,179,179,281,281,268,283,383,70,70,70],"floor_reached":23,"playtime":851,"items_purged":["Strike_G"],"score":318,"play_id":"f5a63515-3cd9-4b39-b69d-73d3a4a734dc","local_time":"20190320212430","is_ascension_mode":true,"campfire_choices":[{"data":"Cloak And Dagger","floor":6,"key":"SMITH"},{"data":"Leg Sweep","floor":8,"key":"SMITH"},{"floor":11,"key":"REST"},{"data":"Footwork","floor":15,"key":"SMITH"}],"neow_cost":"NONE","seed_source_timestamp":617186494387916,"circlet_count":0,"master_deck":["AscendersBane","Defend_G","Defend_G","Defend_G","Defend_G","Defend_G","Strike_G","Strike_G","Survivor","Neutralize","Cloak And Dagger+1","Deadly Poison","Leg Sweep+1","Crippling Poison","Footwork+1","Skewer","Cloak And Dagger","Crippling Poison","Bane","Malaise","Leg Sweep","Acrobatics","Backflip"],"relics":["Ring of the Snake","Oddly Smooth Stone","Prayer Wheel","Ninja Scroll","Pantograph","Snecko Eye","Kunai"],"potions_floor_usage":[7,23,23],"damage_taken":[{"damage":0,"enemies":"2 Louse","floor":1,"turns":4},{"damage":6,"enemies":"Jaw Worm","floor":4,"turns":7},{"damage":30,"enemies":"Gremlin Nob","floor":7,"turns":5},{"damage":0,"enemies":"Cultist","floor":10,"turns":3},{"damage":0,"enemies":"Looter","floor":12,"turns":4},{"damage":6,"enemies":"Lagavulin","floor":13,"turns":7},{"damage":2,"enemies":"Exordium Thugs","floor":14,"turns":4},{"damage":12,"enemies":"The Guardian","floor":16,"turns":13},{"damage":12,"enemies":"2 Thieves","floor":18,"turns":4},{"damage":0,"enemies":"3 Byrds","floor":19,"turns":6},{"damage":61,"enemies":"Gremlin Leader","floor":23,"turns":8}],"seed_played":"-1487428587018861229","potions_obtained":[{"floor":4,"key":"Dexterity Potion"},{"floor":7,"key":"Weak Potion"},{"floor":14,"key":"Block Potion"},{"floor":18,"key":"GhostInAJar"}],"is_trial":false,"path_per_floor":["M","$","?","M","?","R","E","R","T","M","R","M","E","M","R","B",null,"M","M","?","$","?","E"],"character_chosen":"THE_SILENT","items_purchased":["Kunai"],"campfire_rested":1,"item_purchase_floors":[21],"current_hp_per_floor":[63,63,63,57,57,57,27,27,27,27,48,48,42,40,40,53,66,54,54,54,54,54,0],"gold":70,"neow_bonus":"RANDOM_COMMON_RELIC","is_prod":false,"is_daily":false,"chose_seed":false,"campfire_upgraded":3,"win_rate":0,"timestamp":1553131470,"path_taken":["M","$","?","M","?","R","E","R","T","M","R","M","E","?","R","BOSS","M","M","?","?","?","E"],"build_version":"2019-01-23","purchased_purges":1,"victory":false,"max_hp_per_floor":[70,70,70,70,70,70,70,70,70,70,70,70,70,70,70,70,70,70,70,70,70,70,70],"card_choices":[{"not_picked":["PiercingWail","Deadly Poison"],"picked":"Cloak And Dagger","floor":1},{"not_picked":["Blade Dance","Slice"],"picked":"Deadly Poison","floor":4},{"not_picked":["Envenom","Flechettes"],"picked":"Leg Sweep","floor":7},{"not_picked":["Cloak And Dagger","Prepared"],"picked":"Crippling Poison","floor":10},{"not_picked":["Concentrate","Cloak And Dagger"],"picked":"Footwork","floor":10},{"not_picked":["Deflect","All Out Attack"],"picked":"Skewer","floor":12},{"not_picked":["Acrobatics","Deflect"],"picked":"Cloak And Dagger","floor":12},{"not_picked":["Cloak And Dagger","Acrobatics"],"picked":"Crippling Poison","floor":13},{"not_picked":["Masterful Stab","Sucker Punch"],"picked":"Bane","floor":14},{"not_picked":["Underhanded Strike","Reflex","Sucker Punch"],"picked":"SKIP","floor":14},{"not_picked":["Venomology","Doppelganger"],"picked":"Malaise","floor":16},{"not_picked":["Infinite Blades","Finisher"],"picked":"Leg Sweep","floor":18},{"not_picked":["Acrobatics","Blade Dance","Deadly Poison"],"picked":"SKIP","floor":18},{"not_picked":["Blade Dance","Deadly Poison"],"picked":"Acrobatics","floor":18},{"not_picked":["Dodge and Roll","Quick Slash","Cloak And Dagger"],"picked":"SKIP","floor":19},{"not_picked":["Quick Slash","Dagger Throw","Acrobatics"],"picked":"SKIP","floor":19}],"player_experience":195946,"relics_obtained":[{"floor":7,"key":"Prayer Wheel"},{"floor":9,"key":"Ninja Scroll"},{"floor":13,"key":"Pantograph"}],"event_choices":[{"cards_removed":["Strike_G"],"damage_healed":0,"gold_gain":0,"player_choice":"Card Removal","damage_taken":0,"max_hp_gain":0,"max_hp_loss":0,"event_name":"The Cleric","floor":3,"gold_loss":50},{"cards_removed":["Strike_G"],"damage_healed":0,"gold_gain":0,"player_choice":"Card Removal","damage_taken":0,"max_hp_gain":0,"max_hp_loss":0,"event_name":"Wheel of Change","floor":5,"gold_loss":0},{"damage_healed":0,"gold_gain":100,"player_choice":"Pray","damage_taken":0,"max_hp_gain":0,"max_hp_loss":0,"event_name":"Golden Shrine","floor":20,"gold_loss":0},{"damage_healed":0,"gold_gain":0,"player_choice":"Read","damage_taken":0,"max_hp_gain":0,"max_hp_loss":0,"event_name":"The Library","floor":22,"gold_loss":0,"cards_obtained":["Backflip"]}],"is_beta":false,"boss_relics":[{"not_picked":["HoveringKite","Black Star"],"picked":"Snecko Eye"}],"items_purged_floors":[21],"is_endless":false,"potions_floor_spawned":[4,7,14,18],"killed_by":"Gremlin Leader","ascension_level":12}