{"gold_per_floor":[364,128,144,162,180,180,213,226,300,300,300,95,95,95,95,188,188,203,218,218,239,262,262,262],"floor_reached":24,"playtime":1142,"items_purged":[],"score":396,"play_id":"8bf5bb8d-b4cf-40a8-9657-ef2df1f73050","local_time":"20181010051741","is_ascension_mode":true,"campfire_choices":[{"floor":6,"key":"REST"},{"data":"Zap","floor":10,"key":"SMITH"},{"data":"Reinforced Body","floor":13,"key":"SMITH"},{"data":"Capacitor","floor":15,"key":"SMITH"},{"floor":23,"key":"REST"}],"neow_cost":"PERCENT_DAMAGE","seed_source_timestamp":2299622144211974,"circlet_count":0,"master_deck":["Strike_B","Strike_B","Strike_B","Defend_B","Defend_B","Defend_B","Defend_B","Zap+1","Dualcast","AscendersBane","Ball Lightning","Cold Snap","Ball Lightning","Beam Cell","Glacier","Reinforced Body+1","Echo Form","Capacitor+1","Blind","Echo Form","White Noise","Chill","Glacier","Fission"],"relics":["Cracked Core","Vajra","Cables","Shuriken","Golden Idol","Fusion Hammer"],"potions_floor_usage":[7,22],"damage_taken":[{"damage":5,"enemies":"Small Slimes","floor":1,"turns":3},{"damage":6,"enemies":"Cultist","floor":3,"turns":3},{"damage":3,"enemies":"2 Louse","floor":4,"turns":2},{"damage":6,"enemies":"Lots of Slimes","floor":5,"turns":3},{"damage":7,"enemies":"Lagavulin","floor":7,"turns":5},{"damage":6,"enemies":"3 Louse","floor":8,"turns":4},{"damage":1,"enemies":"Hexaghost","floor":16,"turns":8},{"damage":14,"enemies":"Spheric Guardian","floor":18,"turns":5},{"damage":20,"enemies":"2 Thieves","floor":19,"turns":3},{"damage":7,"enemies":"Colosseum Slavers","floor":20,"turns":5},{"damage":8,"enemies":"Sentry and Sphere","floor":21,"turns":8},{"damage":4,"enemies":"Centurion and Healer","floor":22,"turns":6},{"damage":27,"enemies":"Cultist and Chosen","floor":24,"turns":3}],"seed_played":"-7998858773774125326","potions_obtained":[{"floor":1,"key":"Regen Potion"},{"floor":4,"key":"SteroidPotion"},{"floor":7,"key":"Weak Potion"},{"floor":21,"key":"Strength Potion"}],"is_trial":false,"path_per_floor":["M","$","M","M","M","R","E","M","T","R","?","$","R","?","R","B",null,"M","M","?","M","M","R"],"character_chosen":"DEFECT","items_purchased":["Vajra","Cold Snap","Capacitor","Blind"],"campfire_rested":2,"item_purchase_floors":[2,2,12,12],"current_hp_per_floor":[41,41,35,32,26,47,54,48,48,48,48,48,48,24,24,23,59,45,25,18,10,6,27,0],"gold":262,"neow_bonus":"TWO_FIFTY_GOLD","is_prod":false,"is_daily":false,"chose_seed":false,"campfire_upgraded":3,"win_rate":0,"timestamp":1539173861,"path_taken":["M","$","M","M","M","R","E","M","T","R","?","$","R","?","R","BOSS","M","M","?","?","M","R","M"],"build_version":"2018-10-09","purchased_purges":0,"victory":false,"max_hp_per_floor":[71,71,71,71,71,71,71,71,71,71,71,71,71,71,71,71,71,71,71,71,71,71,71,71],"card_choices":[{"not_picked":["Tempest","BootSequence"],"picked":"Ball Lightning","floor":1},{"not_picked":["Storm","Hologram"],"picked":"Ball Lightning","floor":3},{"not_picked":["Sweeping Beam","Gash"],"picked":"Beam Cell","floor":4},{"not_picked":["Turbo","Coolheaded"],"picked":"Glacier","floor":5},{"not_picked":["Static Discharge","Hello World"],"picked":"Reinforced Body","floor":7},{"not_picked":["Self Repair","Conserve Battery"],"picked":"Echo Form","floor":8},{"not_picked":["Rainbow","Meteor Strike"],"picked":"Echo Form","floor":16},{"not_picked":["Barrage","Compile Driver"],"picked":"White Noise","floor":18},{"not_picked":["Heatsinks","Ball Lightning"],"picked":"Chill","floor":19},{"not_picked":["Reprogram","Hologram"],"picked":"Glacier","floor":21},{"not_picked":["Sweeping Beam","Leap"],"picked":"Fission","floor":22}],"player_experience":2511828,"relics_obtained":[{"floor":7,"key":"Cables"},{"floor":9,"key":"Shuriken"}],"event_choices":[{"event_name":"Purifier","player_choice":"One Purge","floor":11,"damage_taken":0},{"event_name":"Golden Idol","player_choice":"Take Damage","floor":14,"damage_taken":0},{"event_name":"Colosseum","player_choice":"Fight","floor":20,"damage_taken":0},{"event_name":"Colosseum","player_choice":"Fled From Nobs","floor":20,"damage_taken":0}],"is_beta":true,"boss_relics":[{"not_picked":["Runic Pyramid","Velvet Choker"],"picked":"Fusion Hammer"}],"items_purged_floors":[],"is_endless":false,"potions_floor_spawned":[1,4,7,20,21],"killed_by":"Cultist and Chosen","ascension_level":20}