{"gold_per_floor":[12,32,32,46,70,70,90,124,124,155,155,171,171,212,212,311,311,335,335,371,291,291,314,314,333,333,333,354,374,212,637,637,730,730,749,749,772,787,392,392,412,412,412,425,425,425,441,465,465,465,465,465,465,56,89,89],"floor_reached":56,"playtime":9415,"items_purged":["Writhe","Parasite"],"score":1967,"play_id":"fa09a335-99b4-418b-accc-a85cf10a45df","local_time":"20190819021128","is_ascension_mode":true,"campfire_choices":[{"floor":6.0,"key":"REST"},{"floor":11.0,"key":"REST"},{"data":"Blizzard","floor":13.0,"key":"SMITH"},{"data":"Zap","floor":15.0,"key":"SMITH"},{"data":"Hologram","floor":24.0,"key":"SMITH"},{"data":"Hologram","floor":27.0,"key":"SMITH"},{"data":"Defragment","floor":32.0,"key":"SMITH"},{"floor":40,"key":"RECALL"},{"data":"Multi-Cast","floor":42,"key":"SMITH"},{"data":"Go for the Eyes","floor":46,"key":"SMITH"},{"data":"Creative AI","floor":49,"key":"SMITH"},{"data":"Coolheaded","floor":53,"key":"SMITH"}],"neow_cost":"NO_GOLD","seed_source_timestamp":0,"circlet_count":0,"master_deck":["AscendersBane","Defend_B","Defend_B","Defend_B","Defend_B","Zap+1","Dualcast","Go for the Eyes+1","Auto Shields","Compile Driver","Leap","Chill","Machine Learning","Cold Snap","Coolheaded","Hologram+1","Blizzard+1","Chill","Echo Form","Conserve Battery","Hologram+1","Self Repair","Coolheaded+1","Cold Snap","Undo","Coolheaded","Glacier","Electrodynamics","Defragment+1","Chill","Multi-Cast+1","White Noise","Rebound+1","Coolheaded+1","Glacier+1","Madness","Madness","Coolheaded+1","Creative AI+1","Glacier","Leap+1"],"special_seed":0,"relics":["FrozenCore","Golden Idol","DataDisk","Bottled Tornado","Happy Flower","Red Mask","Boot","Bag of Preparation","Old Coin","Pantograph","Philosopher\u0027s Stone","Regal Pillow","Runic Capacitor","Strawberry","Cables","Medical Kit","Vajra"],"potions_floor_usage":[55,55],"damage_taken":[{"damage":7.0,"enemies":"Jaw Worm","floor":1.0,"turns":6.0},{"damage":0.0,"enemies":"Small Slimes","floor":2.0,"turns":3.0},{"damage":0.0,"enemies":"2 Louse","floor":4.0,"turns":3.0},{"damage":1.0,"enemies":"Large Slime","floor":5.0,"turns":6.0},{"damage":6.0,"enemies":"3 Louse","floor":7.0,"turns":4.0},{"damage":25.0,"enemies":"Lagavulin","floor":8.0,"turns":8.0},{"damage":1.0,"enemies":"3 Sentries","floor":10.0,"turns":14.0},{"damage":6.0,"enemies":"Red Slaver","floor":12.0,"turns":5.0},{"damage":0.0,"enemies":"Lagavulin","floor":14.0,"turns":8.0},{"damage":25.0,"enemies":"The Guardian","floor":16.0,"turns":11.0},{"damage":10.0,"enemies":"Spheric Guardian","floor":18.0,"turns":7.0},{"damage":7.0,"enemies":"Masked Bandits","floor":20.0,"turns":4.0},{"damage":5.0,"enemies":"2 Thieves","floor":21.0,"turns":4.0},{"damage":7.0,"enemies":"Centurion and Healer","floor":23.0,"turns":9.0},{"damage":3.0,"enemies":"3 Cultists","floor":25.0,"turns":6.0},{"damage":0.0,"enemies":"Snecko","floor":28.0,"turns":8.0},{"damage":2.0,"enemies":"Snake Plant","floor":29.0,"turns":6.0},{"damage":0.0,"enemies":"Colosseum Slavers","floor":31.0,"turns":6.0},{"damage":19.0,"enemies":"Colosseum Nobs","floor":31.0,"turns":9.0},{"damage":0.0,"enemies":"Champ","floor":33.0,"turns":24.0},{"damage":2.0,"enemies":"3 Darklings","floor":35.0,"turns":4.0},{"damage":0.0,"enemies":"Orb Walker","floor":37.0,"turns":7.0},{"damage":17,"enemies":"Jaw Worm Horde","floor":38,"turns":4},{"damage":0,"enemies":"Writhing Mass","floor":41,"turns":9},{"damage":0,"enemies":"Maw","floor":44,"turns":8},{"damage":5,"enemies":"Spire Growth","floor":47,"turns":9},{"damage":0,"enemies":"3 Darklings","floor":48,"turns":5},{"damage":17,"enemies":"Donu and Deca","floor":50,"turns":9},{"damage":2,"enemies":"Time Eater","floor":51,"turns":15},{"damage":18,"enemies":"Shield and Spear","floor":55,"turns":9},{"damage":75,"enemies":"The Heart","floor":56,"turns":3}],"seed_played":"-6183218494714296373","potions_obtained":[{"floor":7.0,"key":"SkillPotion"},{"floor":8.0,"key":"SteroidPotion"},{"floor":10.0,"key":"EssenceOfSteel"},{"floor":14.0,"key":"Regen Potion"},{"floor":16.0,"key":"FearPotion"},{"floor":25.0,"key":"PowerPotion"},{"floor":28.0,"key":"GamblersBrew"},{"floor":35.0,"key":"AttackPotion"},{"floor":37.0,"key":"Block Potion"},{"floor":38,"key":"Block Potion"}],"is_trial":false,"path_per_floor":["M","M","?","M","M","R","M","E","T","E","R","M","R","E","R","B",null,"M","?","?","M","?","M","R","M","T","R","M","M","$","?","R","B",null,"M","?","M","M","$","R","M","R","T","M","?","R","M","M","R","B","B",null,"R","$","E","B"],"character_chosen":"DEFECT","items_purchased":["Defragment","Runic Capacitor","Strawberry","Medical Kit","Glacier"],"campfire_rested":2,"item_purchase_floors":[30,39,39,54,54],"current_hp_per_floor":[57,57,33,33,32,53,47,22,22,21,42,36,36,36,36,26,60,50,50,50,52,52,52,52,56,56,56,70,71,71,66,66,71,71,69,69,69,52,59,59,66,66,66,73,59,59,68,68,68,75,78,78,78,75,64,0],"gold":89,"neow_bonus":"TRANSFORM_TWO_CARDS","is_prod":false,"is_daily":false,"chose_seed":false,"campfire_upgraded":9,"win_rate":0,"timestamp":1566205888,"path_taken":["M","M","?","M","M","R","M","E","T","E","R","M","R","E","R","BOSS","M","?","?","M","?","M","R","M","T","R","M","M","$","?","R","BOSS","M","?","M","M","$","R","M","R","T","?","?","R","M","M","R","BOSS","BOSS","R","$","E","BOSS"],"build_version":"2019-08-15","purchased_purges":2,"victory":false,"max_hp_per_floor":[71,71,71,71,71,71,71,71,71,71,71,71,71,71,71,71,71,71,71,71,71,71,71,71,71,71,71,71,71,71,71,71,71,71,71,71,71,71,78,78,78,78,78,78,78,78,78,78,78,78,78,78,78,75,75,75],"card_choices":[{"not_picked":["Steam","Stack"],"picked":"Compile Driver","floor":1.0},{"not_picked":["Beam Cell","Sweeping Beam"],"picked":"Leap","floor":2.0},{"not_picked":["Beam Cell","Stack"],"picked":"Chill","floor":4.0},{"not_picked":["Stack","Tempest"],"picked":"Machine Learning","floor":5.0},{"not_picked":["Capacitor","Barrage"],"picked":"Cold Snap","floor":7.0},{"not_picked":["Steam","Meteor Strike"],"picked":"Coolheaded","floor":8.0},{"not_picked":["Recycle","Turbo"],"picked":"Hologram","floor":10.0},{"not_picked":["Streamline","Ball Lightning"],"picked":"Blizzard","floor":12.0},{"not_picked":["Aggregate","Sweeping Beam"],"picked":"Chill","floor":14.0},{"not_picked":["All For One","Creative AI"],"picked":"Echo Form","floor":16.0},{"not_picked":["Recycle","Steam Power"],"picked":"Conserve Battery","floor":18.0},{"not_picked":["Barrage","Rebound"],"picked":"Coolheaded","floor":20.0},{"not_picked":["Sweeping Beam","Conserve Battery"],"picked":"Cold Snap","floor":21.0},{"not_picked":["Beam Cell","Sweeping Beam"],"picked":"Undo","floor":23.0},{"not_picked":["Gash","Barrage"],"picked":"Coolheaded","floor":25.0},{"not_picked":["Skim","Genetic Algorithm"],"picked":"Glacier","floor":28.0},{"not_picked":["Compile Driver","Sweeping Beam+1"],"picked":"Electrodynamics","floor":29.0},{"not_picked":["Sunder","Tempest"],"picked":"Chill","floor":31.0},{"not_picked":["Biased Cognition","Meteor Strike"],"picked":"Multi-Cast","floor":33.0},{"not_picked":["Fusion","Go for the Eyes"],"picked":"White Noise","floor":35.0},{"not_picked":["Gash+1","Sweeping Beam"],"picked":"Rebound+1","floor":37.0},{"not_picked":["Conserve Battery+1","Sweeping Beam+1"],"picked":"Coolheaded+1","floor":38},{"not_picked":["Steam","Chaos"],"picked":"Glacier+1","floor":41},{"not_picked":["Sunder+1","Heatsinks+1","Turbo+1"],"picked":"SKIP","floor":44},{"not_picked":["Reprogram+1","Scrape+1"],"picked":"Coolheaded+1","floor":47},{"not_picked":["Sweeping Beam","Fusion"],"picked":"Creative AI","floor":48},{"not_picked":["Turbo","Go for the Eyes"],"picked":"Leap+1","floor":55}],"player_experience":2997243,"relics_obtained":[{"floor":8.0,"key":"DataDisk"},{"floor":10.0,"key":"Bottled Tornado"},{"floor":14.0,"key":"Happy Flower"},{"floor":20.0,"key":"Red Mask"},{"floor":26.0,"key":"Bag of Preparation"},{"floor":31.0,"key":"Old Coin"},{"floor":31.0,"key":"Pantograph"},{"floor":43,"key":"Cables"},{"floor":55,"key":"Vajra"}],"event_choices":[{"damage_healed":0.0,"max_hp_gain":0.0,"max_hp_loss":0.0,"gold_gain":0.0,"event_name":"Golden Idol","player_choice":"Take Damage","floor":3.0,"gold_loss":0.0,"damage_taken":24.0,"relics_obtained":["Golden Idol"]},{"damage_healed":0.0,"max_hp_gain":0.0,"max_hp_loss":0.0,"gold_gain":0.0,"cards_transformed":["Strike_B","Strike_B"],"event_name":"Drug Dealer","player_choice":"Became Test Subject","floor":19.0,"gold_loss":0.0,"damage_taken":0.0,"cards_obtained":["Hologram","Self Repair"]},{"damage_healed":0.0,"max_hp_gain":0.0,"max_hp_loss":0.0,"gold_gain":0.0,"event_name":"Masked Bandits","player_choice":"Fought Bandits","floor":20.0,"gold_loss":0.0,"damage_taken":0.0},{"damage_healed":0.0,"max_hp_gain":0.0,"max_hp_loss":0.0,"gold_gain":0.0,"event_name":"The Mausoleum","player_choice":"Opened","floor":22.0,"gold_loss":0.0,"damage_taken":0.0,"relics_obtained":["Boot"],"cards_obtained":["Writhe"]},{"damage_healed":0.0,"max_hp_gain":0.0,"max_hp_loss":0.0,"gold_gain":0.0,"event_name":"Colosseum","player_choice":"Fight","floor":31.0,"gold_loss":0.0,"damage_taken":0.0},{"damage_healed":0.0,"max_hp_gain":0.0,"max_hp_loss":0.0,"gold_gain":0.0,"event_name":"Colosseum","player_choice":"Fought Nobs","floor":31.0,"gold_loss":0.0,"damage_taken":0.0},{"damage_healed":0.0,"max_hp_gain":0.0,"max_hp_loss":0.0,"gold_gain":0.0,"event_name":"WeMeetAgain","player_choice":"Gave Potion","floor":36.0,"gold_loss":0.0,"damage_taken":0.0,"relics_obtained":["Regal Pillow"]},{"damage_healed":0,"gold_gain":0,"player_choice":"Embrace Madness","damage_taken":14,"max_hp_gain":0,"max_hp_loss":0,"event_name":"Winding Halls","floor":45,"gold_loss":0,"cards_obtained":["Madness","Madness"]}],"is_beta":true,"boss_relics":[{"not_picked":["Pandora\u0027s Box","Fusion Hammer"],"picked":"FrozenCore"},{"not_picked":["Orrery","Nuclear Battery"],"picked":"Philosopher\u0027s Stone"}],"items_purged_floors":[30,54],"is_endless":false,"potions_floor_spawned":[7,8,10,14,16,25,28,31,35,37,38,48],"killed_by":"The Heart","ascension_level":20}