{"gold_per_floor":[116,129,54,72,89,89,89,65,136,136,172,172,190,90,90,90],"floor_reached":16,"playtime":393,"items_purged":["Defend_R","Defend_R"],"score":150,"play_id":"8df1356d-af8e-4891-8767-856d03ad494c","local_time":"20190901142320","is_ascension_mode":false,"campfire_choices":[{"data":"Bash","floor":7,"key":"SMITH"},{"data":"Battle Trance","floor":12,"key":"SMITH"},{"floor":15,"key":"REST"}],"neow_cost":"NONE","seed_source_timestamp":229313145813100,"circlet_count":0,"master_deck":["Strike_R","Strike_R","Strike_R","Strike_R+1","Strike_R","Defend_R","Defend_R","Bash+1","Headbutt","Battle Trance+1","Heavy Blade+1","Shrug It Off"],"special_seed":0,"relics":["Burning Blood","Ancient Tea Set","Golden Idol","Meat on the Bone","Regal Pillow"],"potions_floor_usage":[5],"damage_taken":[{"damage":1,"enemies":"Cultist","floor":1,"turns":3},{"damage":6,"enemies":"Jaw Worm","floor":2,"turns":3},{"damage":7,"enemies":"2 Louse","floor":4,"turns":2},{"damage":6,"enemies":"Exordium Thugs","floor":5,"turns":4},{"damage":6,"enemies":"Gremlin Nob","floor":11,"turns":3},{"damage":3,"enemies":"Lots of Slimes","floor":13,"turns":4},{"damage":26,"enemies":"Hexaghost","floor":16,"turns":5}],"seed_played":"8351263992918361335","potions_obtained":[{"floor":1,"key":"Ancient Potion"},{"floor":4,"key":"AttackPotion"},{"floor":5,"key":"SteroidPotion"},{"floor":13,"key":"Fire Potion"}],"is_trial":false,"path_per_floor":["M","M","$","M","M","?","R","$","T","?","E","R","M","$","R","B"],"character_chosen":"IRONCLAD","items_purchased":["Heavy Blade"],"campfire_rested":1,"item_purchase_floors":[8],"current_hp_per_floor":[80,80,80,79,79,59,59,59,59,43,55,55,58,58,80,54],"gold":90,"neow_bonus":"RANDOM_COMMON_RELIC","is_prod":false,"is_daily":false,"chose_seed":false,"campfire_upgraded":2,"win_rate":0,"timestamp":1567373000,"path_taken":["M","M","$","M","M","?","R","$","T","?","E","R","M","$","R","BOSS"],"build_version":"2019-07-17","purchased_purges":2,"victory":false,"max_hp_per_floor":[80,80,80,80,80,80,80,80,80,80,80,80,80,80,80,80],"card_choices":[{"not_picked":["Flame Barrier","Thunderclap","Perfected Strike"],"picked":"SKIP","floor":1},{"not_picked":["Body Slam","Blood for Blood"],"picked":"Headbutt","floor":2},{"not_picked":["Body Slam","Headbutt"],"picked":"Battle Trance","floor":4},{"not_picked":["Thunderclap","True Grit","Body Slam"],"picked":"SKIP","floor":5},{"not_picked":["Corruption","Clothesline"],"picked":"Shrug It Off","floor":11},{"not_picked":["Dual Wield","Combust","Sentinel"],"picked":"SKIP","floor":13}],"player_experience":739945,"relics_obtained":[{"floor":9,"key":"Meat on the Bone"},{"floor":11,"key":"Regal Pillow"}],"event_choices":[{"damage_healed":0,"gold_gain":0,"player_choice":"Take Damage","damage_taken":20,"relics_obtained":["Golden Idol"],"max_hp_gain":0,"max_hp_loss":0,"event_name":"Golden Idol","floor":6,"gold_loss":0},{"damage_healed":0,"gold_gain":0,"player_choice":"Entered Light","damage_taken":16,"max_hp_gain":0,"max_hp_loss":0,"event_name":"Shining Light","floor":10,"gold_loss":0,"cards_upgraded":["Heavy Blade","Strike_R"]}],"is_beta":false,"boss_relics":[],"items_purged_floors":[3,14],"is_endless":false,"potions_floor_spawned":[1,4,5,13],"killed_by":"Hexaghost","ascension_level":0}