{"gold_per_floor":[365,242,242,261,37,71,71,102,102,64,64,75,60],"floor_reached":13,"playtime":569,"items_purged":["Writhe"],"score":114,"play_id":"ba0a1874-cf44-4201-a874-e15163862e6b","local_time":"20190814122618","is_ascension_mode":true,"campfire_choices":[{"floor":7,"key":"REST"}],"neow_cost":"CURSE","seed_source_timestamp":0,"circlet_count":0,"master_deck":["Strike_B","Strike_B","Strike_B","Strike_B","Defend_B","Defend_B","Defend_B","Defend_B","Zap","Dualcast","Defragment","Hologram","Genetic Algorithm","Defragment","Ball Lightning","Rainbow","Ball Lightning"],"special_seed":0,"relics":["Cracked Core","Question Card","Happy Flower","Pocketwatch","Art of War","Matryoshka"],"potions_floor_usage":[6],"damage_taken":[{"damage":6.0,"enemies":"Cultist","floor":1.0,"turns":4.0},{"damage":0,"enemies":"Small Slimes","floor":4,"turns":3},{"damage":31,"enemies":"3 Sentries","floor":6,"turns":7},{"damage":21,"enemies":"Lagavulin","floor":8,"turns":6},{"damage":7,"enemies":"Jaw Worm","floor":12,"turns":2},{"damage":8,"enemies":"Looter","floor":13,"turns":1}],"seed_played":"-7551659296270329815","potions_obtained":[{"floor":4,"key":"GamblersBrew"},{"floor":8,"key":"Ancient Potion"}],"is_trial":false,"path_per_floor":["M","$","?","M","$","E","R","E","T","?","$","M","M"],"character_chosen":"DEFECT","items_purchased":["Hologram","Defragment","Happy Flower"],"campfire_rested":1,"item_purchase_floors":[2,5,5],"current_hp_per_floor":[69,69,44,44,44,13,35,14,14,14,14,7,0],"gold":60,"neow_bonus":"TWO_FIFTY_GOLD","is_prod":false,"is_daily":false,"chose_seed":false,"campfire_upgraded":0,"win_rate":0,"timestamp":1565799978,"path_taken":["M","$","?","M","$","E","R","E","T","?","?","M","M"],"build_version":"2019-07-17","purchased_purges":1,"victory":false,"max_hp_per_floor":[75,75,75,75,75,75,75,75,75,75,75,75,75],"card_choices":[{"not_picked":["Conserve Battery","Sweeping Beam"],"picked":"Defragment","floor":1.0},{"not_picked":["Barrage","Conserve Battery","Turbo"],"picked":"Genetic Algorithm","floor":4},{"not_picked":["BootSequence","Redo","Barrage"],"picked":"Ball Lightning","floor":6},{"not_picked":["Ball Lightning","Go for the Eyes","BootSequence"],"picked":"Rainbow","floor":8},{"not_picked":["Darkness","Coolheaded","Hologram"],"picked":"Ball Lightning","floor":12}],"player_experience":191316,"relics_obtained":[{"floor":6,"key":"Pocketwatch"},{"floor":8,"key":"Art of War"},{"floor":9,"key":"Matryoshka"}],"event_choices":[{"damage_healed":0,"gold_gain":0,"player_choice":"Success","damage_taken":25,"relics_obtained":["Question Card"],"max_hp_gain":0,"max_hp_loss":0,"event_name":"Scrap Ooze","floor":3,"gold_loss":0},{"damage_healed":0,"gold_gain":0,"player_choice":"Left Gold","damage_taken":0,"max_hp_gain":0,"max_hp_loss":0,"event_name":"World of Goop","floor":10,"gold_loss":38}],"is_beta":false,"boss_relics":[],"items_purged_floors":[2],"is_endless":false,"potions_floor_spawned":[4,8],"killed_by":"Looter","ascension_level":5}