{"gold_per_floor":[20,20,45,45,45,45,78,103,103,103,103,123,149,163,163,284,284,297,297,12,26,42,42,66,66,66,66,66],"floor_reached":28,"playtime":686,"items_purged":["Normality"],"score":363,"play_id":"bff4be98-a114-432a-8325-b46077cece50","local_time":"20190307175147","is_ascension_mode":true,"campfire_choices":[{"data":"Dramatic Entrance","floor":6,"key":"SMITH"},{"floor":11,"key":"REST"},{"floor":15,"key":"REST"},{"floor":23,"key":"REST"},{"floor":25,"key":"REST"}],"neow_cost":"NO_GOLD","seed_source_timestamp":1431533022583150,"circlet_count":0,"master_deck":["AscendersBane","Strike_B","Strike_B","Strike_B","Strike_B","Defend_B","Defend_B","Defend_B","Defend_B","Zap","Dualcast","Dramatic Entrance+1","Coolheaded","Ball Lightning","Core Surge","Electrodynamics","Parasite","Decay","Bandage Up","Loop+1","Chill","Genetic Algorithm"],"relics":["Cracked Core","Golden Idol","Darkstone Periapt","The Courier","Pear","Smiling Mask","Calling Bell","Lantern","Matryoshka","Shovel","Nilry\u0027s Codex","Medical Kit","Cables","Ornamental Fan"],"potions_floor_usage":[16,28,28],"damage_taken":[{"damage":2,"enemies":"Jaw Worm","floor":1,"turns":4},{"damage":0,"enemies":"Small Slimes","floor":3,"turns":2},{"damage":61,"enemies":"Gremlin Nob","floor":7,"turns":5},{"damage":0,"enemies":"Cultist","floor":8,"turns":3},{"damage":25,"enemies":"Exordium Thugs","floor":12,"turns":3},{"damage":8,"enemies":"Looter","floor":14,"turns":3},{"damage":27,"enemies":"The Guardian","floor":16,"turns":15},{"damage":28,"enemies":"Spheric Guardian","floor":18,"turns":4},{"damage":29,"enemies":"Shell Parasite","floor":21,"turns":7},{"damage":0,"enemies":"Centurion and Healer","floor":22,"turns":3},{"damage":34,"enemies":"Sentry and Sphere","floor":24,"turns":6},{"damage":26,"enemies":"Colosseum Slavers","floor":27,"turns":3},{"damage":22,"enemies":"Shelled Parasite and Fungi","floor":28,"turns":3}],"seed_played":"8206104019248869200","potions_obtained":[{"floor":7,"key":"Ancient Potion"},{"floor":12,"key":"Regen Potion"},{"floor":14,"key":"Energy Potion"},{"floor":21,"key":"SpeedPotion"}],"is_trial":false,"path_per_floor":["M","?","M","$","?","R","E","M","T","$","R","M","T","M","R","B",null,"M","?","$","M","M","R","M","R","T","?","M"],"character_chosen":"DEFECT","items_purchased":["Medical Kit","Bandage Up"],"campfire_rested":4,"item_purchase_floors":[20,20],"current_hp_per_floor":[66,66,66,66,66,66,5,5,15,15,38,13,13,5,28,13,81,53,37,37,12,16,45,15,44,44,18,0],"gold":66,"neow_bonus":"RANDOM_COLORLESS_2","is_prod":false,"is_daily":false,"chose_seed":false,"campfire_upgraded":1,"win_rate":0,"timestamp":1551999107,"path_taken":["M","?","M","$","?","R","E","M","T","$","R","?","?","M","R","BOSS","M","?","$","M","M","R","M","R","T","?","M"],"build_version":"2019-01-23","purchased_purges":1,"victory":false,"max_hp_per_floor":[75,69,69,69,69,69,69,69,79,79,79,79,79,79,79,79,97,97,97,97,97,97,97,97,97,97,97,97],"card_choices":[{"not_picked":["Sweeping Beam","Redo","Blizzard"],"picked":"SKIP","floor":1},{"not_picked":["Blizzard","Genetic Algorithm"],"picked":"Coolheaded","floor":3},{"not_picked":["Auto Shields","Sweeping Beam"],"picked":"Ball Lightning","floor":7},{"not_picked":["Stack","Streamline"],"picked":"Core Surge","floor":8},{"not_picked":["Redo","Sweeping Beam","Streamline"],"picked":"SKIP","floor":12},{"not_picked":["Streamline","Steam Power","Turbo"],"picked":"SKIP","floor":14},{"not_picked":["Rainbow","Amplify"],"picked":"Electrodynamics","floor":16},{"not_picked":["Rebound","Aggregate","Barrage"],"picked":"SKIP","floor":18},{"not_picked":["Steam Power","Beam Cell+1"],"picked":"Loop+1","floor":21},{"not_picked":["Stack","Conserve Battery+1"],"picked":"Chill","floor":22},{"not_picked":["Compile Driver","Sweeping Beam"],"picked":"Genetic Algorithm","floor":24}],"player_experience":179777,"relics_obtained":[{"floor":7,"key":"The Courier"},{"floor":9,"key":"Pear"},{"floor":13,"key":"Smiling Mask"},{"floor":17,"key":"Lantern"},{"floor":17,"key":"Matryoshka"},{"floor":17,"key":"Shovel"},{"floor":19,"key":"Nilry\u0027s Codex"},{"floor":26,"key":"Cables"},{"floor":26,"key":"Ornamental Fan"}],"event_choices":[{"damage_healed":0,"gold_gain":0,"player_choice":"Lose Max HP","damage_taken":0,"relics_obtained":["Golden Idol"],"max_hp_gain":0,"max_hp_loss":6,"event_name":"Golden Idol","floor":2,"gold_loss":0},{"cards_removed":["Thinking Ahead"],"damage_healed":0,"gold_gain":0,"player_choice":"Gave Card","damage_taken":0,"relics_obtained":["Darkstone Periapt"],"max_hp_gain":0,"max_hp_loss":0,"event_name":"WeMeetAgain","floor":5,"gold_loss":0},{"damage_healed":0,"gold_gain":0,"player_choice":"Obtained Book","damage_taken":16,"max_hp_gain":0,"max_hp_loss":0,"event_name":"Cursed Tome","floor":19,"gold_loss":0},{"damage_healed":0,"gold_gain":0,"player_choice":"Fight","damage_taken":0,"max_hp_gain":0,"max_hp_loss":0,"event_name":"Colosseum","floor":27,"gold_loss":0},{"damage_healed":0,"gold_gain":0,"player_choice":"Fled From Nobs","damage_taken":0,"max_hp_gain":0,"max_hp_loss":0,"event_name":"Colosseum","floor":27,"gold_loss":0}],"is_beta":false,"boss_relics":[{"not_picked":["Tiny House","White Beast Statue"],"picked":"Calling Bell"}],"items_purged_floors":[20],"is_endless":false,"potions_floor_spawned":[7,12,14,21],"killed_by":"Shelled Parasite and Fungi","ascension_level":11}