{"gold_per_floor":[10,24,34,34,109,138,138,202,202,237,257,290,7,7,7,112,112,128,141,12,12,29,59,59,88,170,186,219,144,144,5,5,101,101,115,36,49,49,102,102,128,128,128,158,175,195,207,7,7,7,7,7,7,38,38],"floor_reached":55,"playtime":10001,"items_purged":["Strike_R"],"score":1477,"play_id":"7a491921-827a-43d1-bfe6-454da9fdc550","local_time":"20190806235839","is_ascension_mode":true,"campfire_choices":[{"data":"Armaments","floor":7.0,"key":"SMITH"},{"data":"Bash","floor":15.0,"key":"SMITH"},{"data":"Corruption","floor":24.0,"key":"SMITH"},{"data":"Ghostly","floor":32.0,"key":"SMITH"},{"data":"Heavy Blade","floor":40.0,"key":"SMITH"},{"data":"Impervious","floor":42.0,"key":"SMITH"},{"floor":49.0,"key":"RECALL"},{"data":"Shockwave","floor":52.0,"key":"SMITH"}],"neow_cost":"NO_GOLD","seed_source_timestamp":0,"circlet_count":0,"master_deck":["AscendersBane","Defend_R","Defend_R+1","Bash+1","Immolate+1","Spot Weakness","Armaments+1","Feel No Pain","Reaper","Clothesline+1","Shrug It Off","Limit Break","Ghostly Armor","Corruption+1","Bite+1","Bite","Bite","Bite","Bite","Impervious+1","Shockwave+1","Ghostly+1","Ghostly+1","Ghostly","Ghostly","Ghostly","Heavy Blade+1","Feel No Pain","Offering+1","Berserk+1","Battle Trance+1","Evolve+1","Headbutt","Madness+1","Madness+1","Second Wind+1","Warcry+1","True Grit+1","Feel No Pain+1"],"special_seed":0,"relics":["Burning Blood","Sundial","Strawberry","The Courier","Membership Card","Vajra","Bronze Scales","Runic Pyramid","Happy Flower","Ancient Tea Set","Whetstone","Orichalcum","Toxic Egg 2","Astrolabe","Strange Spoon","Charon\u0027s Ashes","Potion Belt","Ornamental Fan","Bag of Marbles","Dodecahedron","War Paint","Bag of Preparation"],"potions_floor_usage":[],"damage_taken":[{"damage":9.0,"enemies":"Jaw Worm","floor":1.0,"turns":4.0},{"damage":0.0,"enemies":"2 Louse","floor":2.0,"turns":1.0},{"damage":1.0,"enemies":"Cultist","floor":3.0,"turns":3.0},{"damage":6.0,"enemies":"Lagavulin","floor":6.0,"turns":6.0},{"damage":22.0,"enemies":"3 Sentries","floor":10.0,"turns":6.0},{"damage":0.0,"enemies":"3 Louse","floor":11.0,"turns":1.0},{"damage":37.0,"enemies":"Gremlin Nob","floor":12.0,"turns":4.0},{"damage":17.0,"enemies":"Hexaghost","floor":16.0,"turns":9.0},{"damage":11.0,"enemies":"3 Byrds","floor":18.0,"turns":2.0},{"damage":3.0,"enemies":"Chosen","floor":19.0,"turns":6.0},{"damage":8.0,"enemies":"Centurion and Healer","floor":22.0,"turns":5.0},{"damage":55.0,"enemies":"Slavers","floor":23.0,"turns":4.0},{"damage":8.0,"enemies":"Book of Stabbing","floor":25.0,"turns":5.0},{"damage":9.0,"enemies":"Chosen and Byrds","floor":27.0,"turns":5.0},{"damage":26.0,"enemies":"Slavers","floor":28.0,"turns":5.0},{"damage":0.0,"enemies":"Collector","floor":33.0,"turns":10.0},{"damage":13.0,"enemies":"Orb Walker","floor":35.0,"turns":4.0},{"damage":1.0,"enemies":"3 Shapes","floor":37.0,"turns":6.0},{"damage":0.0,"enemies":"2 Orb Walkers","floor":39.0,"turns":5.0},{"damage":6.0,"enemies":"Nemesis","floor":41.0,"turns":7.0},{"damage":7.0,"enemies":"Giant Head","floor":44.0,"turns":8.0},{"damage":10.0,"enemies":"Spire Growth","floor":45.0,"turns":5.0},{"damage":0.0,"enemies":"Transient","floor":46.0,"turns":5.0},{"damage":0.0,"enemies":"4 Shapes","floor":47.0,"turns":5.0},{"damage":7.0,"enemies":"Awakened One","floor":50.0,"turns":11.0},{"damage":11.0,"enemies":"Shield and Spear","floor":54.0,"turns":7.0},{"damage":46,"enemies":"The Heart","floor":55,"turns":3}],"seed_played":"2614762389055155796","potions_obtained":[{"floor":1.0,"key":"Fire Potion"},{"floor":2.0,"key":"Dexterity Potion"},{"floor":10.0,"key":"Energy Potion"},{"floor":11.0,"key":"LiquidBronze"},{"floor":16.0,"key":"LiquidBronze"},{"floor":19.0,"key":"SkillPotion"},{"floor":23.0,"key":"Energy Potion"},{"floor":27.0,"key":"Block Potion"},{"floor":28.0,"key":"AttackPotion"},{"floor":33.0,"key":"PowerPotion"},{"floor":45.0,"key":"Strength Potion"},{"floor":47.0,"key":"SkillPotion"}],"is_trial":false,"path_per_floor":["M","M","M","?","?","E","R","?","T","E","M","E","$","?","R","B",null,"M","M","$","?","M","E","R","E","T","M","E","?","?","$","R","B",null,"M","$","M","?","?","R","E","R","T","E","M","M","M","$","R","B",null,"R","$","E","B"],"character_chosen":"IRONCLAD","items_purchased":["Membership Card","Vajra","Bronze Scales","Happy Flower","Corruption","Toxic Egg 2","Heavy Blade","Feel No Pain","Strange Spoon","Dodecahedron","War Paint","Dexterity Potion","Block Potion"],"campfire_rested":0,"item_purchase_floors":[13,13,13,20,20,31,31,31,36,48,48,48,48],"current_hp_per_floor":[69,75,80,80,69,69,69,69,76,60,66,39,39,39,39,35,74,73,87,87,87,87,68,68,76,76,83,79,79,43,43,43,43,43,43,43,43,38,43,43,43,43,43,43,43,43,43,43,43,43,43,43,43,43,0],"gold":38,"neow_bonus":"THREE_RARE_CARDS","is_prod":false,"is_daily":false,"chose_seed":false,"campfire_upgraded":7,"win_rate":0,"timestamp":1565161119,"path_taken":["M","M","M","?","?","E","R","?","T","E","M","E","$","?","R","BOSS","M","?","$","?","M","E","R","E","T","M","E","?","?","?","R","BOSS","M","$","?","?","?","R","E","R","T","E","M","M","M","$","R","BOSS","R","$","E","BOSS"],"build_version":"2019-07-17","purchased_purges":1,"victory":false,"max_hp_per_floor":[80,80,80,80,80,80,80,80,87,87,87,87,87,87,87,87,87,87,87,87,87,87,87,87,87,87,87,87,87,43,43,43,43,43,43,43,43,43,43,43,43,43,43,43,43,43,43,43,43,43,43,43,43,43,43],"card_choices":[{"not_picked":["Barricade","Dark Embrace"],"picked":"Immolate","floor":0.0},{"not_picked":["Fire Breathing","Power Through"],"picked":"Evolve","floor":1.0},{"not_picked":["Iron Wave","Evolve"],"picked":"Spot Weakness","floor":2.0},{"not_picked":["Intimidate","Blood for Blood"],"picked":"Armaments","floor":3.0},{"not_picked":["Sever Soul","Rampage"],"picked":"Feel No Pain","floor":6.0},{"not_picked":["Sever Soul","Hemokinesis"],"picked":"Reaper","floor":10.0},{"not_picked":["Havoc","Flame Barrier"],"picked":"Clothesline","floor":11.0},{"not_picked":["Ghostly Armor","Bloodletting"],"picked":"Shrug It Off","floor":12.0},{"not_picked":["Berserk","Brutality"],"picked":"Limit Break","floor":16.0},{"not_picked":["Intimidate","Thunderclap"],"picked":"Ghostly Armor","floor":18.0},{"not_picked":["Carnage+1","Cleave"],"picked":"Burning Pact","floor":19.0},{"not_picked":["Body Slam","Flex","Shrug It Off"],"picked":"SKIP","floor":22.0},{"not_picked":["Hemokinesis","Shrug It Off+1"],"picked":"Impervious","floor":23.0},{"not_picked":["Combust","Body Slam","Entrench"],"picked":"SKIP","floor":25.0},{"not_picked":["Anger+1","Sword Boomerang"],"picked":"Shockwave","floor":27.0},{"not_picked":["Anger","Iron Wave","Thunderclap"],"picked":"SKIP","floor":28.0},{"not_picked":["Exhume+1","Barricade"],"picked":"Offering+1","floor":33.0},{"not_picked":["Sword Boomerang","Clash+1"],"picked":"Headbutt","floor":35.0},{"not_picked":["Anger+1","Havoc+1","Combust+1"],"picked":"SKIP","floor":37.0},{"not_picked":["Wild Strike","Flame Barrier+1"],"picked":"Second Wind+1","floor":39.0},{"not_picked":["Pommel Strike","Armaments+1"],"picked":"Warcry+1","floor":41.0},{"not_picked":["Uppercut","Pommel Strike"],"picked":"True Grit+1","floor":44.0},{"not_picked":["Thunderclap","Cleave","Wild Strike+1"],"picked":"SKIP","floor":45.0},{"not_picked":["Reckless Charge","Cleave","Thunderclap+1"],"picked":"SKIP","floor":46.0},{"not_picked":["Havoc+1","Rage+1","Bloodletting+1"],"picked":"SKIP","floor":47.0},{"not_picked":["Armaments+1","Sword Boomerang"],"picked":"Feel No Pain+1","floor":54.0}],"player_experience":529210,"relics_obtained":[{"floor":6.0,"key":"Sundial"},{"floor":9.0,"key":"Strawberry"},{"floor":10.0,"key":"The Courier"},{"floor":12.0,"key":"Blood Vial"},{"floor":23.0,"key":"Ancient Tea Set"},{"floor":25.0,"key":"Whetstone"},{"floor":28.0,"key":"Orichalcum"},{"floor":39.0,"key":"Charon\u0027s Ashes"},{"floor":41.0,"key":"Potion Belt"},{"floor":43.0,"key":"Ornamental Fan"},{"floor":44.0,"key":"Bag of Marbles"},{"floor":54.0,"key":"Bag of Preparation"}],"event_choices":[{"damage_healed":0.0,"max_hp_gain":0.0,"max_hp_loss":0.0,"gold_gain":0.0,"event_name":"Living Wall","player_choice":"Grow","floor":4.0,"gold_loss":0.0,"damage_taken":0.0,"cards_upgraded":["Immolate"]},{"damage_healed":0.0,"max_hp_gain":0.0,"max_hp_loss":0.0,"gold_gain":75.0,"event_name":"World of Goop","player_choice":"Gather Gold","floor":5.0,"gold_loss":0.0,"damage_taken":11.0},{"damage_healed":0.0,"max_hp_gain":0.0,"max_hp_loss":0.0,"gold_gain":64.0,"event_name":"Golden Wing","player_choice":"Gained Gold","floor":8.0,"gold_loss":0.0,"damage_taken":0.0},{"cards_removed":["Strike_R"],"damage_healed":0.0,"max_hp_gain":0.0,"max_hp_loss":0.0,"gold_gain":0.0,"event_name":"Bonfire Elementals","player_choice":"Offered Basic","floor":14.0,"gold_loss":0.0,"damage_taken":0.0},{"damage_healed":0.0,"max_hp_gain":0.0,"max_hp_loss":0.0,"gold_gain":0.0,"event_name":"Vampires","player_choice":"Became a vampire (Vial)","floor":21.0,"relics_lost":["Blood Vial"],"gold_loss":0.0,"damage_taken":0.0,"cards_obtained":["Bite","Bite","Bite","Bite","Bite"]},{"cards_removed":["Evolve"],"damage_healed":0.0,"max_hp_gain":0.0,"max_hp_loss":0.0,"gold_gain":0.0,"event_name":"Beggar","player_choice":"Gave Gold","floor":29.0,"gold_loss":75.0,"damage_taken":0.0},{"damage_healed":0.0,"max_hp_gain":0.0,"max_hp_loss":44.0,"gold_gain":0.0,"event_name":"Ghosts","player_choice":"Became a Ghost","floor":30.0,"gold_loss":0.0,"damage_taken":0.0,"cards_obtained":["Ghostly","Ghostly","Ghostly","Ghostly","Ghostly"]},{"damage_healed":0.0,"max_hp_gain":0.0,"max_hp_loss":0.0,"gold_gain":0.0,"event_name":"Winding Halls","player_choice":"Embrace Madness","floor":38.0,"gold_loss":0.0,"damage_taken":5.0,"cards_obtained":["Madness","Madness"]},{"damage_healed":0.0,"max_hp_gain":0.0,"max_hp_loss":0.0,"gold_gain":0.0,"event_name":"Mysterious Sphere","player_choice":"Fight","floor":39.0,"gold_loss":0.0,"damage_taken":0.0}],"is_beta":false,"boss_relics":[{"not_picked":["Runic Dome","Black Blood"],"picked":"Runic Pyramid"},{"not_picked":["Snecko Eye","Calling Bell"],"picked":"Astrolabe"}],"items_purged_floors":[20],"is_endless":false,"potions_floor_spawned":[1,2,10,11,16,19,23,27,28,33,35,45,47],"killed_by":"The Heart","ascension_level":12}