{"gold_per_floor":[109,127,14,189,37,70,70,95,95,95,95,95,119,134,134,230,230,246,184,200,217,237,237,255,255,255,48,48,64,64,79,79,184,234,247,294,305,305,317,317,335,335,358,391,410,410,410,423,423,423],"floor_reached":50,"playtime":3368,"items_purged":["Strike_R","Doubt"],"score":585,"play_id":"36f21f12-8ce9-4e89-90de-f983e50eecfd","local_time":"20190813182816","is_ascension_mode":true,"campfire_choices":[{"data":"Whirlwind","floor":7,"key":"SMITH"},{"data":"Offering","floor":10,"key":"SMITH"},{"data":"Shockwave","floor":15,"key":"SMITH"},{"floor":23,"key":"REST"},{"data":"Corruption","floor":28,"key":"SMITH"},{"data":"1","floor":32,"key":"LIFT"},{"data":"Flex","floor":40,"key":"SMITH"},{"floor":47,"key":"REST"},{"data":"2","floor":49,"key":"LIFT"}],"neow_cost":"NONE","seed_source_timestamp":8338386671289,"circlet_count":0,"master_deck":["Strike_R+1","Strike_R","Defend_R","Defend_R","Defend_R","Defend_R","Bash","Offering+1","Armaments+1","Headbutt","Whirlwind+1","Shrug It Off","Burning Pact+1","Shockwave+1","Headbutt","Limit Break","Clothesline","Flex+1","Corruption+1","Seeing Red+1","Double Tap+1","Parasite","Entrench","Violence","Seeing Red+1"],"relics":["Burning Blood","Thread and Needle","Paper Frog","Matryoshka","Odd Mushroom","Runic Cube","Red Skull","Vajra","Girya","Chemical X","Tiny House","Unceasing Top","Bottled Lightning","Blood Vial","Regal Pillow"],"potions_floor_usage":[13,16,21,21,22,29,36,36,36,36,37,44,50,50,50],"damage_taken":[{"damage":0,"enemies":"2 Louse","floor":1,"turns":3},{"damage":3,"enemies":"Jaw Worm","floor":2,"turns":5},{"damage":19,"enemies":"3 Sentries","floor":6,"turns":4},{"damage":24,"enemies":"Gremlin Nob","floor":8,"turns":4},{"damage":3,"enemies":"The Mushroom Lair","floor":13,"turns":5},{"damage":0,"enemies":"Cultist","floor":14,"turns":3},{"damage":13,"enemies":"The Guardian","floor":16,"turns":20},{"damage":6,"enemies":"3 Byrds","floor":18,"turns":2},{"damage":24,"enemies":"Chosen","floor":20,"turns":8},{"damage":51,"enemies":"Sentry and Sphere","floor":21,"turns":8},{"damage":9,"enemies":"Centurion and Healer","floor":22,"turns":5},{"damage":6,"enemies":"Cultist and Chosen","floor":24,"turns":3},{"damage":6,"enemies":"Snecko","floor":29,"turns":2},{"damage":6,"enemies":"Centurion and Healer","floor":31,"turns":4},{"damage":6,"enemies":"Automaton","floor":33,"turns":4},{"damage":7,"enemies":"3 Shapes","floor":35,"turns":2},{"damage":8,"enemies":"2 Orb Walkers","floor":36,"turns":3},{"damage":27,"enemies":"3 Darklings","floor":37,"turns":4},{"damage":6,"enemies":"Maw","floor":39,"turns":4},{"damage":6,"enemies":"Writhing Mass","floor":41,"turns":3},{"damage":62,"enemies":"Nemesis","floor":44,"turns":7},{"damage":6,"enemies":"Spire Growth","floor":45,"turns":2},{"damage":9,"enemies":"4 Shapes","floor":48,"turns":4},{"damage":53,"enemies":"Awakened One","floor":50,"turns":5}],"seed_played":"8488422428242798269","potions_obtained":[{"floor":1,"key":"SpeedPotion"},{"floor":8,"key":"SpeedPotion"},{"floor":20,"key":"EntropicBrew"},{"floor":22,"key":"Swift Potion"},{"floor":25,"key":"EntropicBrew"},{"floor":25,"key":"Fire Potion"},{"floor":31,"key":"Weak Potion"},{"floor":33,"key":"GamblersBrew"},{"floor":35,"key":"PowerPotion"},{"floor":41,"key":"AttackPotion"},{"floor":44,"key":"LiquidBronze"},{"floor":45,"key":"AttackPotion"}],"is_trial":false,"path_per_floor":["M","M","$","?","$","E","R","E","T","R","?","$","?","M","R","B",null,"M","?","M","M","M","R","M","?","T","$","R","M","?","M","R","B",null,"M","?","M","?","M","R","M","?","T","E","M","?","R","M","R","B"],"character_chosen":"IRONCLAD","items_purchased":["Whirlwind","Shrug It Off","Chemical X"],"campfire_rested":2,"item_purchase_floors":[3,5,27],"current_hp_per_floor":[80,80,80,80,80,67,67,49,49,49,33,33,36,42,42,35,80,80,80,62,17,14,38,38,38,38,38,38,38,38,38,38,38,85,84,82,61,61,61,61,61,61,61,7,9,9,49,48,48,0],"gold":423,"neow_bonus":"ONE_RANDOM_RARE_CARD","is_prod":false,"is_daily":false,"chose_seed":false,"campfire_upgraded":5,"win_rate":0,"timestamp":1565688496,"path_taken":["M","M","$","?","$","E","R","E","T","R","?","$","?","M","R","BOSS","M","?","?","M","M","R","M","?","T","$","R","?","?","M","R","BOSS","M","?","M","?","M","R","M","?","T","E","?","?","R","M","R","BOSS"],"build_version":"2019-07-17","purchased_purges":2,"victory":false,"max_hp_per_floor":[80,80,80,80,80,80,80,80,80,80,80,80,80,80,80,80,80,80,80,80,80,80,80,80,80,80,80,80,80,80,80,80,80,85,85,85,85,85,85,85,85,85,85,85,85,85,85,85,85,85],"card_choices":[{"not_picked":["Combust","Thunderclap"],"picked":"Armaments","floor":1},{"not_picked":["Feel No Pain","Warcry"],"picked":"Headbutt","floor":2},{"not_picked":["Anger","Evolve"],"picked":"Burning Pact","floor":6},{"not_picked":["Iron Wave","Entrench"],"picked":"Shockwave","floor":8},{"not_picked":["Metallicize","Armaments"],"picked":"Headbutt","floor":13},{"not_picked":["Havoc","Sever Soul","Twin Strike"],"picked":"SKIP","floor":14},{"not_picked":["Juggernaut","Exhume"],"picked":"Limit Break","floor":16},{"not_picked":["Anger","Reckless Charge","Pommel Strike"],"picked":"SKIP","floor":18},{"not_picked":["Carnage","Perfected Strike"],"picked":"Clothesline","floor":20},{"not_picked":["Perfected Strike","Battle Trance"],"picked":"Flex","floor":21},{"not_picked":["Clash","Thunderclap","Armaments"],"picked":"SKIP","floor":22},{"not_picked":["Burning Pact","Battle Trance+1"],"picked":"Corruption","floor":24},{"not_picked":["Thunderclap","Rampage","Blood for Blood"],"picked":"SKIP","floor":29},{"not_picked":["Havoc","Body Slam"],"picked":"Seeing Red+1","floor":31},{"not_picked":["Juggernaut","Feed"],"picked":"Double Tap","floor":33},{"not_picked":["Flame Barrier","Headbutt","Anger+1"],"picked":"SKIP","floor":35},{"not_picked":["Fiend Fire","Feel No Pain+1","Havoc"],"picked":"SKIP","floor":37},{"not_picked":["Thunderclap","Perfected Strike+1","Wild Strike+1"],"picked":"SKIP","floor":39},{"not_picked":["Clash","Wild Strike","True Grit"],"picked":"SKIP","floor":41},{"not_picked":["True Grit+1","Carnage+1"],"picked":"Entrench","floor":44},{"not_picked":["Pummel","Anger","Shrug It Off"],"picked":"SKIP","floor":45},{"not_picked":["Thinking Ahead","Mayhem"],"picked":"Violence","floor":46},{"not_picked":["Ghostly Armor+1","Sever Soul"],"picked":"Seeing Red+1","floor":48}],"player_experience":82618,"relics_obtained":[{"floor":6,"key":"Thread and Needle"},{"floor":8,"key":"Paper Frog"},{"floor":9,"key":"Matryoshka"},{"floor":13,"key":"Odd Mushroom"},{"floor":26,"key":"Vajra"},{"floor":26,"key":"Girya"},{"floor":36,"key":"Unceasing Top"},{"floor":43,"key":"Bottled Lightning"},{"floor":43,"key":"Blood Vial"},{"floor":44,"key":"Regal Pillow"}],"event_choices":[{"damage_healed":0,"gold_gain":175,"player_choice":"AGREE","damage_taken":0,"max_hp_gain":0,"max_hp_loss":0,"event_name":"Liars Game","floor":4,"gold_loss":0,"cards_obtained":["Doubt"]},{"damage_healed":0,"gold_gain":0,"player_choice":"Entered Light","damage_taken":16,"max_hp_gain":0,"max_hp_loss":0,"event_name":"Shining Light","floor":11,"gold_loss":0,"cards_upgraded":["Armaments","Strike_R"]},{"damage_healed":0,"gold_gain":0,"player_choice":"Fought Mushrooms","damage_taken":0,"max_hp_gain":0,"max_hp_loss":0,"event_name":"Mushrooms","floor":13,"gold_loss":0},{"damage_healed":0,"gold_gain":0,"player_choice":"Paid Gold","damage_taken":0,"relics_obtained":["Red Skull"],"max_hp_gain":0,"max_hp_loss":0,"event_name":"WeMeetAgain","floor":19,"gold_loss":62},{"damage_healed":0,"gold_gain":0,"player_choice":"Got Potions","damage_taken":0,"max_hp_gain":0,"max_hp_loss":0,"event_name":"Lab","floor":25,"gold_loss":0},{"cards_removed":["Strike_R"],"damage_healed":0,"gold_gain":0,"player_choice":"Card Removal","damage_taken":0,"max_hp_gain":0,"max_hp_loss":0,"event_name":"Wheel of Change","floor":30,"gold_loss":0},{"damage_healed":0,"gold_gain":0,"player_choice":"Fight","damage_taken":0,"max_hp_gain":0,"max_hp_loss":0,"event_name":"Mysterious Sphere","floor":36,"gold_loss":0},{"cards_removed":["Strike_R"],"damage_healed":0,"gold_gain":0,"player_choice":"Removed Attack","damage_taken":0,"max_hp_gain":0,"max_hp_loss":0,"event_name":"Falling","floor":38,"gold_loss":0},{"damage_healed":0,"gold_gain":0,"player_choice":"Upgraded","damage_taken":0,"max_hp_gain":0,"max_hp_loss":0,"event_name":"Upgrade Shrine","floor":42,"gold_loss":0,"cards_upgraded":["Double Tap"]},{"damage_healed":0,"gold_gain":0,"player_choice":"Memory 1","damage_taken":0,"max_hp_gain":0,"max_hp_loss":0,"event_name":"SensoryStone","floor":46,"gold_loss":0}],"is_beta":false,"boss_relics":[{"not_picked":["Snecko Eye","Ectoplasm"],"picked":"Runic Cube"},{"not_picked":["Runic Dome","White Beast Statue"],"picked":"Tiny House"}],"items_purged_floors":[3,5],"is_endless":false,"potions_floor_spawned":[1,8,20,22,31,33,35,41,44,45],"killed_by":"Awakened One","ascension_level":2}