{"gold_per_floor":[116,130,143,153,15,15,15,165,165,165,189,227,227,227,227,227],"floor_reached":16,"playtime":683,"items_purged":[],"score":200,"play_id":"cadc7514-8443-4928-9d7d-559288c601f1","local_time":"20190117023126","is_ascension_mode":true,"campfire_choices":[{"data":"Genetic Algorithm","floor":6.0,"key":"SMITH"},{"data":"Biased Cognition","floor":10.0,"key":"SMITH"},{"floor":13,"key":"REST"},{"data":"Fission","floor":15,"key":"SMITH"}],"neow_cost":"NONE","seed_source_timestamp":641475165182446,"circlet_count":0,"master_deck":["AscendersBane","Strike_B","Strike_B","Strike_B","Strike_B","Defend_B","Defend_B","Defend_B","Defend_B","Zap","Dualcast","Rainbow","Coolheaded","Chill","Capacitor","Genetic Algorithm+1","Biased Cognition+1","Coolheaded","Fission+1","Blizzard"],"special_seed":0,"relics":["Cracked Core","Golden Idol","Shovel"],"potions_floor_usage":[16],"damage_taken":[{"damage":2.0,"enemies":"Jaw Worm","floor":1.0,"turns":3.0},{"damage":10.0,"enemies":"Small Slimes","floor":2.0,"turns":4.0},{"damage":0.0,"enemies":"2 Louse","floor":3.0,"turns":3.0},{"damage":27.0,"enemies":"Large Slime","floor":4.0,"turns":6.0},{"damage":4.0,"enemies":"3 Louse","floor":11.0,"turns":5.0},{"damage":20,"enemies":"3 Sentries","floor":12,"turns":12},{"damage":14,"enemies":"The Guardian","floor":16,"turns":9}],"seed_played":"-718668853573664748","potions_obtained":[{"floor":2.0,"key":"EntropicBrew"},{"floor":4.0,"key":"Energy Potion"}],"is_trial":false,"path_per_floor":["M","M","M","M","$","R","?","?","T","R","M","E","R","?","R","B"],"character_chosen":"DEFECT","items_purchased":["Biased Cognition","Coolheaded"],"campfire_rested":1,"item_purchase_floors":[5,5],"current_hp_per_floor":[62,52,52,25,25,25,25,25,25,25,21,1,20,13,13,0],"gold":227,"neow_bonus":"ONE_RANDOM_RARE_CARD","is_prod":false,"is_daily":false,"chose_seed":false,"campfire_upgraded":3,"win_rate":0,"timestamp":1547721086,"path_taken":["M","M","M","M","$","R","?","?","T","R","?","E","R","?","R","BOSS"],"build_version":"2019-01-16","purchased_purges":0,"victory":false,"max_hp_per_floor":[71,71,71,71,71,71,64,64,64,64,64,64,64,64,64,64],"card_choices":[{"not_picked":["Hologram","Redo"],"picked":"Coolheaded","floor":1.0},{"not_picked":["Conserve Battery","Steam"],"picked":"Chill","floor":2.0},{"not_picked":["FTL","Steam"],"picked":"Capacitor","floor":3.0},{"not_picked":["Conserve Battery","Redo"],"picked":"Genetic Algorithm","floor":4.0},{"not_picked":["Streamline","Go for the Eyes"],"picked":"Fission","floor":11.0},{"not_picked":["Heatsinks","Steam"],"picked":"Blizzard","floor":12}],"player_experience":2764871,"relics_obtained":[{"floor":12,"key":"Shovel"}],"event_choices":[{"damage_healed":0.0,"max_hp_gain":0.0,"max_hp_loss":7.0,"gold_gain":0.0,"event_name":"Golden Idol","player_choice":"Lose Max HP","floor":7.0,"gold_loss":0.0,"damage_taken":0.0,"relics_obtained":["Golden Idol"]},{"damage_healed":0.0,"max_hp_gain":0.0,"max_hp_loss":0.0,"gold_gain":150.0,"event_name":"Liars Game","player_choice":"AGREE","floor":8.0,"gold_loss":0.0,"damage_taken":0.0,"cards_obtained":["Doubt"]},{"cards_removed":["Doubt"],"damage_healed":0,"gold_gain":0,"player_choice":"Card Removal","damage_taken":7,"max_hp_gain":0,"max_hp_loss":0,"event_name":"Golden Wing","floor":14,"gold_loss":0}],"is_beta":true,"boss_relics":[],"items_purged_floors":[],"is_endless":false,"potions_floor_spawned":[2,4,12],"killed_by":"The Guardian","ascension_level":20}