{"gold_per_floor":[116,116,1,15,15,54,54,2,2,2,26,67,80,93,93,191,191,206,206,227,240,261,261,297,297,324,337,337,337,337,351,351,450,450,469,492,13,26,45,45,79,79,153,153,166,179,203,227,227,227],"floor_reached":51,"playtime":2501,"items_purged":["Strike_G+1"],"score":1251,"play_id":"a608e671-4de2-43ba-b1b3-261dfe2c6d8e","local_time":"20190324131217","is_ascension_mode":true,"campfire_choices":[{"data":"Noxious Fumes","floor":7.0,"key":"SMITH"},{"data":"Cloak And Dagger","floor":10.0,"key":"SMITH"},{"data":"Adrenaline","floor":15.0,"key":"SMITH"},{"data":"Blade Dance","floor":23.0,"key":"SMITH"},{"data":"RitualDagger","floor":25.0,"key":"SMITH"},{"data":"Neutralize","floor":28,"key":"SMITH"},{"data":"Backstab","floor":30,"key":"SMITH"},{"data":"Leg Sweep","floor":32,"key":"SMITH"},{"data":"Envenom","floor":40,"key":"SMITH"},{"data":"Cloak And Dagger","floor":42,"key":"SMITH"},{"data":"Calculated Gamble","floor":49,"key":"SMITH"}],"neow_cost":"NONE","seed_source_timestamp":931547964534359,"circlet_count":0,"master_deck":["AscendersBane","Defend_G+1","Defend_G+1","Defend_G+1","Defend_G+1","Defend_G+1","Strike_G+1","Strike_G+1","Strike_G+1","Strike_G+1","Survivor","Neutralize+1","Cloak And Dagger+1","Noxious Fumes+1","Blur","Flying Knee","Poisoned Stab","Backstab+1","Bane","Adrenaline+1","PiercingWail","Tools of the Trade","Sucker Punch+1","RitualDagger+1","Blade Dance+1","Flechettes","Underhanded Strike","Blur+1","Acrobatics","Leg Sweep+1","Envenom+1","Cloak And Dagger+1","Leg Sweep+1","Backflip","Escape Plan","Calculated Gamble+1"],"special_seed":0,"relics":["Coffee Dripper","Golden Idol","Regal Pillow","Tough Bandages","Pear","Kunai","Runic Pyramid","Paper Crane","Potion Belt","Sozu","ClockworkSouvenir","Lantern","Sundial","Bottled Flame"],"potions_floor_usage":[41,50],"damage_taken":[{"damage":4.0,"enemies":"Jaw Worm","floor":1.0,"turns":5.0},{"damage":0.0,"enemies":"Cultist","floor":4.0,"turns":4.0},{"damage":17.0,"enemies":"Lagavulin","floor":6.0,"turns":9.0},{"damage":1.0,"enemies":"Small Slimes","floor":11.0,"turns":3.0},{"damage":12.0,"enemies":"3 Sentries","floor":12.0,"turns":8.0},{"damage":0.0,"enemies":"Exordium Thugs","floor":13.0,"turns":4.0},{"damage":0.0,"enemies":"3 Louse","floor":14.0,"turns":3.0},{"damage":0.0,"enemies":"Hexaghost","floor":16.0,"turns":9.0},{"damage":14.0,"enemies":"Shell Parasite","floor":18.0,"turns":7.0},{"damage":6.0,"enemies":"Chosen","floor":20.0,"turns":5.0},{"damage":0.0,"enemies":"Centurion and Healer","floor":21.0,"turns":8.0},{"damage":8.0,"enemies":"Shelled Parasite and Fungi","floor":22.0,"turns":7.0},{"damage":1.0,"enemies":"Gremlin Leader","floor":24.0,"turns":8.0},{"damage":0.0,"enemies":"Snake Plant","floor":27.0,"turns":5.0},{"damage":0,"enemies":"Chosen and Byrds","floor":31,"turns":5},{"damage":3,"enemies":"Automaton","floor":33,"turns":12},{"damage":4,"enemies":"3 Darklings","floor":35,"turns":7},{"damage":0,"enemies":"Orb Walker","floor":36,"turns":3},{"damage":6,"enemies":"4 Shapes","floor":38,"turns":7},{"damage":1,"enemies":"Maw","floor":39,"turns":8},{"damage":4,"enemies":"Reptomancer","floor":41,"turns":9},{"damage":4,"enemies":"Spire Growth","floor":45,"turns":6},{"damage":0,"enemies":"3 Darklings","floor":46,"turns":7},{"damage":9,"enemies":"Writhing Mass","floor":47,"turns":8},{"damage":0,"enemies":"Maw","floor":48,"turns":8},{"damage":37,"enemies":"Time Eater","floor":50,"turns":15}],"seed_played":"5561792715526455409","potions_obtained":[{"floor":1.0,"key":"EntropicBrew"},{"floor":2.0,"key":"PowerPotion"},{"floor":2.0,"key":"SpeedPotion"},{"floor":12.0,"key":"AttackPotion"},{"floor":20.0,"key":"Dexterity Potion"},{"floor":24.0,"key":"GhostInAJar"},{"floor":31,"key":"SpeedPotion"},{"floor":33,"key":"Block Potion"}],"is_trial":false,"path_per_floor":["M","?","$","M","?","E","R","?","T","R","M","E","M","M","R","B",null,"M","?","M","M","M","R","E","R","T","M","R","?","R","M","R","B",null,"M","M","$","M","M","R","E","R","T","?","M","M","M","M","R","B",null],"character_chosen":"THE_SILENT","items_purchased":["Noxious Fumes","Blur","ClockworkSouvenir","Lantern","Backflip"],"campfire_rested":0,"item_purchase_floors":[3,3,37,37,37],"current_hp_per_floor":[59,59,59,59,59,42,42,42,52,52,51,39,39,39,39,39,66,52,46,40,40,32,32,31,31,31,31,31,31,31,31,31,28,63,59,59,59,53,52,52,48,48,48,75,71,71,62,62,62,25],"gold":227,"neow_bonus":"BOSS_RELIC","is_prod":false,"is_daily":false,"chose_seed":false,"campfire_upgraded":11,"win_rate":0,"timestamp":1553447537,"path_taken":["M","?","$","?","?","E","R","?","T","R","M","E","?","M","R","BOSS","M","?","M","M","M","R","E","R","T","M","R","?","R","M","R","BOSS","M","M","$","M","M","R","E","R","T","?","M","M","M","M","R","BOSS"],"build_version":"2019-01-23","purchased_purges":1,"victory":true,"max_hp_per_floor":[70,70,70,70,65,65,65,65,75,75,75,75,75,75,75,75,75,75,75,75,75,75,75,75,75,75,75,75,75,75,75,75,75,75,75,75,75,75,75,75,75,75,75,75,75,75,75,75,75,75],"card_choices":[{"not_picked":["Expertise","Backflip"],"picked":"Cloak And Dagger","floor":1.0},{"not_picked":["Backflip","Calculated Gamble"],"picked":"Flying Knee","floor":4.0},{"not_picked":["Distraction","Choke"],"picked":"Poisoned Stab","floor":6.0},{"not_picked":["Sucker Punch","Quick Slash"],"picked":"Backstab","floor":11.0},{"not_picked":["Acrobatics","Quick Slash"],"picked":"Bane","floor":12.0},{"not_picked":["Acrobatics","Backflip"],"picked":"Adrenaline","floor":13.0},{"not_picked":["Finisher","Flechettes"],"picked":"PiercingWail","floor":14.0},{"not_picked":["Doppelganger","Storm of Steel"],"picked":"Tools of the Trade","floor":16.0},{"not_picked":["Prepared","Underhanded Strike"],"picked":"Sucker Punch+1","floor":18.0},{"not_picked":["Heel Hook","Predator"],"picked":"Blade Dance","floor":20.0},{"not_picked":["Slice","Dodge and Roll"],"picked":"Flechettes","floor":21.0},{"not_picked":["Underhanded Strike","Flying Knee","Sucker Punch"],"picked":"SKIP","floor":22.0},{"not_picked":["Flying Knee","Sucker Punch"],"picked":"Underhanded Strike","floor":22.0},{"not_picked":["Concentrate","Deflect"],"picked":"Blur+1","floor":24.0},{"not_picked":["Underhanded Strike","Well Laid Plans"],"picked":"Acrobatics","floor":27},{"not_picked":["Dagger Throw","Dagger Spray"],"picked":"Leg Sweep","floor":31},{"not_picked":["Phantasmal Killer","Glass Knife"],"picked":"Envenom","floor":33},{"not_picked":["Backflip","Underhanded Strike"],"picked":"Cloak And Dagger","floor":35},{"not_picked":["Deflect","Acrobatics+1"],"picked":"Leg Sweep+1","floor":36},{"not_picked":["Dagger Throw","Deflect"],"picked":"Escape Plan","floor":38},{"not_picked":["Flying Knee+1","Leg Sweep+1"],"picked":"Escape Plan","floor":39},{"not_picked":["Well Laid Plans","Dagger Spray","Grand Finale"],"picked":"SKIP","floor":41},{"not_picked":["Flying Knee","Underhanded Strike","Skewer"],"picked":"SKIP","floor":45},{"not_picked":["Dagger Spray","Sucker Punch+1","Slice"],"picked":"SKIP","floor":46},{"not_picked":["Accuracy+1","Underhanded Strike","Sucker Punch"],"picked":"SKIP","floor":47},{"not_picked":["Deadly Poison","Acrobatics"],"picked":"Calculated Gamble","floor":48}],"player_experience":210835,"relics_obtained":[{"floor":6.0,"key":"Regal Pillow"},{"floor":9.0,"key":"Pear"},{"floor":12.0,"key":"Kunai"},{"floor":24.0,"key":"Paper Crane"},{"floor":26.0,"key":"Potion Belt"},{"floor":41,"key":"Sundial"},{"floor":43,"key":"Bottled Flame"}],"event_choices":[{"damage_healed":0.0,"max_hp_gain":0.0,"max_hp_loss":0.0,"gold_gain":0.0,"event_name":"Lab","player_choice":"Got Potions","floor":2.0,"gold_loss":0.0,"damage_taken":0.0},{"damage_healed":0.0,"max_hp_gain":0.0,"max_hp_loss":5.0,"gold_gain":0.0,"event_name":"Golden Idol","player_choice":"Lose Max HP","floor":5.0,"gold_loss":0.0,"damage_taken":0.0,"relics_obtained":["Golden Idol"]},{"damage_healed":0.0,"max_hp_gain":0.0,"max_hp_loss":0.0,"gold_gain":0.0,"event_name":"WeMeetAgain","player_choice":"Paid Gold","floor":8.0,"gold_loss":52.0,"damage_taken":0.0,"relics_obtained":["Tough Bandages"]},{"damage_healed":0.0,"max_hp_gain":0.0,"max_hp_loss":0.0,"gold_gain":0.0,"event_name":"Nest","player_choice":"Joined the Cult","floor":19.0,"gold_loss":0.0,"damage_taken":6.0,"cards_obtained":["RitualDagger"]},{"damage_healed":0,"gold_gain":0,"player_choice":"Simplicity","damage_taken":0,"max_hp_gain":0,"max_hp_loss":0,"event_name":"Back to Basics","floor":29,"gold_loss":0,"cards_upgraded":["Defend_G","Defend_G","Defend_G","Defend_G","Defend_G","Strike_G","Strike_G","Strike_G","Strike_G","Strike_G"]},{"cards_removed":["Escape Plan"],"damage_healed":27,"gold_gain":0,"player_choice":"Offered Uncommon","damage_taken":0,"max_hp_gain":0,"max_hp_loss":0,"event_name":"Bonfire Elementals","floor":44,"gold_loss":0}],"is_beta":false,"boss_relics":[{"not_picked":["Runic Dome","Lizard Tail"],"picked":"Runic Pyramid"},{"not_picked":["Fusion Hammer","Busted Crown"],"picked":"Sozu"}],"items_purged_floors":[37],"is_endless":false,"potions_floor_spawned":[1,12,13,14,20,24,31,33,38,39,46],"ascension_level":13}