{"gold_per_floor":[114,114,114,114,114,114,128,142,142,180,180,200,224,248,248,248],"floor_reached":16,"playtime":727,"items_purged":[],"score":200,"play_id":"41bb2001-be78-4073-a39a-674af48c86b0","local_time":"20190805025617","is_ascension_mode":true,"campfire_choices":[{"floor":6.0,"key":"REST"},{"floor":11.0,"key":"DIG"},{"floor":15.0,"key":"DIG"}],"neow_cost":"NONE","seed_source_timestamp":256838016904173,"circlet_count":0,"master_deck":["AscendersBane","Strike_B","Strike_B","Strike_B","Strike_B","Defend_B","Defend_B","Defend_B","Defend_B","Zap","Dualcast","Impatience","Ball Lightning","BootSequence","Leap","Compile Driver","Cold Snap","Chill"],"special_seed":0,"relics":["Cracked Core","Golden Idol","Letter Opener","Shovel","Question Card","Frozen Egg 2","Ice Cream","Anchor","Darkstone Periapt"],"potions_floor_usage":[],"damage_taken":[{"damage":2.0,"enemies":"Jaw Worm","floor":1.0,"turns":3.0},{"damage":0.0,"enemies":"2 Louse","floor":7.0,"turns":2.0},{"damage":0.0,"enemies":"Cultist","floor":8.0,"turns":3.0},{"damage":6.0,"enemies":"3 Sentries","floor":10.0,"turns":6.0},{"damage":10.0,"enemies":"Large Slime","floor":12.0,"turns":5.0},{"damage":0.0,"enemies":"3 Louse","floor":14.0,"turns":2.0},{"damage":21,"enemies":"The Guardian","floor":16,"turns":5}],"seed_played":"3939488368551003523","potions_obtained":[{"floor":7.0,"key":"GamblersBrew"},{"floor":8.0,"key":"AttackPotion"},{"floor":12.0,"key":"Energy Potion"}],"is_trial":false,"path_per_floor":["M","?","T","T","?","R","M","M","T","E","R","M","T","M","R","B"],"character_chosen":"DEFECT","items_purchased":[],"campfire_rested":1,"item_purchase_floors":[],"current_hp_per_floor":[62,38,38,38,12,33,33,33,33,27,27,17,17,17,17,0],"gold":248,"neow_bonus":"RANDOM_COLORLESS","is_prod":false,"is_daily":false,"chose_seed":false,"campfire_upgraded":0,"win_rate":0,"timestamp":1564998977,"path_taken":["M","?","?","?","?","R","M","M","T","E","R","M","?","M","R","BOSS"],"build_version":"2019-07-18","purchased_purges":0,"victory":false,"max_hp_per_floor":[71,71,71,71,71,71,71,71,71,71,71,71,71,71,71,71],"card_choices":[{"not_picked":["Steam Power","Streamline"],"picked":"Ball Lightning","floor":1.0},{"not_picked":["Turbo","Undo"],"picked":"BootSequence","floor":7.0},{"not_picked":["Barrage","Recycle"],"picked":"Leap","floor":8.0},{"not_picked":["Tempest","Streamline","Heatsinks"],"picked":"Compile Driver","floor":10.0},{"not_picked":["Genetic Algorithm","Chill","Barrage"],"picked":"Cold Snap","floor":12.0},{"not_picked":["Auto Shields","Streamline","Compile Driver"],"picked":"Chill","floor":14.0}],"player_experience":2872554,"relics_obtained":[{"floor":4.0,"key":"Letter Opener"},{"floor":9.0,"key":"Question Card"},{"floor":10.0,"key":"Frozen Egg 2"},{"floor":11.0,"key":"Ice Cream"},{"floor":13.0,"key":"Anchor"},{"floor":15.0,"key":"Darkstone Periapt"}],"event_choices":[{"damage_healed":0.0,"max_hp_gain":0.0,"max_hp_loss":0.0,"gold_gain":0.0,"event_name":"Golden Idol","player_choice":"Take Damage","floor":2.0,"gold_loss":0.0,"damage_taken":24.0,"relics_obtained":["Golden Idol"]},{"damage_healed":0.0,"max_hp_gain":0.0,"max_hp_loss":0.0,"gold_gain":0.0,"event_name":"Scrap Ooze","player_choice":"Success","floor":5.0,"gold_loss":0.0,"damage_taken":26.0,"relics_obtained":["Shovel"]}],"is_beta":true,"boss_relics":[],"items_purged_floors":[],"is_endless":false,"potions_floor_spawned":[7,8,12],"killed_by":"The Guardian","ascension_level":20}