{"gold_per_floor":[115,115,133,58,58,102,122,122,122,122,122,122,162,186,186,186],"floor_reached":16,"playtime":373,"items_purged":["Strike_R"],"score":167,"play_id":"14ea8c08-adb8-4573-9902-6edd3fd8650b","local_time":"20190307172328","is_ascension_mode":true,"campfire_choices":[{"data":"Feed","floor":8,"key":"SMITH"},{"floor":10,"key":"REST"},{"data":"Rampage","floor":15,"key":"SMITH"}],"neow_cost":"TEN_PERCENT_HP_LOSS","seed_source_timestamp":1430147798132909,"circlet_count":0,"master_deck":["AscendersBane","Strike_R","Strike_R","Strike_R","Defend_R","Defend_R","Defend_R+1","Defend_R+1","Bash","Feed+1","Headbutt","Evolve","Corruption","Rampage+1"],"relics":["Burning Blood","Golden Idol","Sundial","Kunai","Darkstone Periapt"],"potions_floor_usage":[14,16],"damage_taken":[{"damage":0,"enemies":"2 Louse","floor":1,"turns":4},{"damage":0,"enemies":"Small Slimes","floor":3,"turns":3},{"damage":54,"enemies":"Gremlin Nob","floor":6,"turns":5},{"damage":6,"enemies":"Cultist","floor":7,"turns":4},{"damage":27,"enemies":"3 Sentries","floor":13,"turns":9},{"damage":4,"enemies":"Blue Slaver","floor":14,"turns":3},{"damage":41,"enemies":"Hexaghost","floor":16,"turns":8}],"seed_played":"6753517829551420421","potions_obtained":[{"floor":7,"key":"Block Potion"},{"floor":13,"key":"Dexterity Potion"},{"floor":14,"key":"SpeedPotion"}],"is_trial":false,"path_per_floor":["M","?","M","$","?","E","M","R","T","R","?","?","E","M","R","B"],"character_chosen":"IRONCLAD","items_purchased":[],"campfire_rested":1,"item_purchase_floors":[],"current_hp_per_floor":[75,60,69,69,69,24,24,24,24,46,51,51,34,40,40,0],"gold":186,"neow_bonus":"THREE_RARE_CARDS","is_prod":false,"is_daily":false,"chose_seed":false,"campfire_upgraded":2,"win_rate":0,"timestamp":1551997408,"path_taken":["M","?","M","$","?","E","M","R","T","R","?","?","E","?","R","BOSS"],"build_version":"2019-01-23","purchased_purges":1,"victory":false,"max_hp_per_floor":[75,75,78,78,72,75,75,75,75,75,80,80,84,88,88,88],"card_choices":[{"not_picked":["Brutality","Impervious"],"picked":"Feed","floor":0},{"not_picked":["Twin Strike","True Grit"],"picked":"Headbutt","floor":1},{"not_picked":["Wild Strike","Clash"],"picked":"Evolve","floor":3},{"not_picked":["Searing Blow","Pummel","Headbutt"],"picked":"SKIP","floor":6},{"not_picked":["Thunderclap","Combust"],"picked":"Corruption","floor":7},{"not_picked":["Sever Soul","Dropkick","Havoc"],"picked":"SKIP","floor":13},{"not_picked":["Warcry","Flex"],"picked":"Rampage","floor":14}],"player_experience":178791,"relics_obtained":[{"floor":6,"key":"Sundial"},{"floor":9,"key":"Kunai"},{"floor":13,"key":"Darkstone Periapt"}],"event_choices":[{"damage_healed":0,"gold_gain":0,"player_choice":"Entered Light","damage_taken":15,"max_hp_gain":0,"max_hp_loss":0,"event_name":"Shining Light","floor":2,"gold_loss":0,"cards_upgraded":["Defend_R","Defend_R"]},{"damage_healed":0,"gold_gain":0,"player_choice":"Lose Max HP","damage_taken":0,"relics_obtained":["Golden Idol"],"max_hp_gain":0,"max_hp_loss":6,"event_name":"Golden Idol","floor":5,"gold_loss":0},{"damage_healed":0,"gold_gain":0,"player_choice":"Donut","damage_taken":0,"max_hp_gain":5,"max_hp_loss":0,"event_name":"Big Fish","floor":11,"gold_loss":0},{"cards_removed":["Strike_R"],"damage_healed":0,"gold_gain":0,"player_choice":"Offered Basic","damage_taken":0,"max_hp_gain":0,"max_hp_loss":0,"event_name":"Bonfire Elementals","floor":12,"gold_loss":0}],"is_beta":false,"boss_relics":[],"items_purged_floors":[4],"is_endless":false,"potions_floor_spawned":[7,13,14],"killed_by":"Hexaghost","ascension_level":11}