{"gold_per_floor":[119,119,119,194,194,219,219,238,238,82,117,129,304,319,319,414,414,354,354,219,219,229,229,244,244],"floor_reached":25,"playtime":1333,"items_purged":["Strike_B","Strike_B"],"score":238,"play_id":"b9e307bb-a2a9-49c7-9555-32b64658f830","local_time":"20190817173243","is_ascension_mode":true,"campfire_choices":[{"floor":7,"key":"REST"},{"data":"Doubt","floor":15,"key":"PURGE"},{"data":"Creative AI","floor":23,"key":"SMITH"}],"neow_cost":"TEN_PERCENT_HP_LOSS","seed_source_timestamp":24383339076489,"circlet_count":0,"master_deck":["Strike_B","Strike_B","Defend_B+1","Defend_B+1","Defend_B","Zap","Dualcast","Glacier","Conserve Battery","Leap","Genetic Algorithm","Defragment","Conserve Battery","Creative AI+1","Coolheaded","Blizzard","Defragment","Chaos","Buffer"],"relics":["Cracked Core","Peace Pipe","Shuriken","Darkstone Periapt","DataDisk","Black Star"],"potions_floor_usage":[6,16,25],"damage_taken":[{"damage":9,"enemies":"2 Louse","floor":1,"turns":3},{"damage":29,"enemies":"Lagavulin","floor":6,"turns":7},{"damage":0,"enemies":"Small Slimes","floor":8,"turns":2},{"damage":8,"enemies":"3 Sentries","floor":11,"turns":15},{"damage":0,"enemies":"Jaw Worm","floor":12,"turns":4},{"damage":0,"enemies":"Lots of Slimes","floor":14,"turns":6},{"damage":24,"enemies":"Slime Boss","floor":16,"turns":20},{"damage":26,"enemies":"2 Thieves","floor":18,"turns":4},{"damage":6,"enemies":"Shell Parasite","floor":22,"turns":6},{"damage":14,"enemies":"Sentry and Sphere","floor":24,"turns":14},{"damage":36,"enemies":"Slavers","floor":25,"turns":4}],"seed_played":"-6341850393941154258","potions_obtained":[{"floor":1,"key":"AttackPotion"},{"floor":12,"key":"Swift Potion"},{"floor":22,"key":"Strength Potion"},{"floor":24,"key":"SkillPotion"}],"is_trial":false,"path_per_floor":["M","?","?","?","?","E","R","M","T","$","E","M","?","M","R","B",null,"M","?","$","?","M","R","M","E"],"character_chosen":"DEFECT","items_purchased":["Genetic Algorithm","Defragment"],"campfire_rested":1,"item_purchase_floors":[10,20],"current_hp_per_floor":[59,56,42,31,36,7,28,28,28,28,20,20,26,26,26,2,79,53,53,53,53,47,47,33,0],"gold":244,"neow_bonus":"ONE_RARE_RELIC","is_prod":false,"is_daily":false,"chose_seed":false,"campfire_upgraded":1,"win_rate":0,"timestamp":1566030763,"path_taken":["M","?","?","?","?","E","R","M","T","?","E","M","?","M","R","BOSS","M","?","$","?","M","R","M","E"],"build_version":"2019-07-17","purchased_purges":2,"victory":false,"max_hp_per_floor":[68,68,68,68,73,73,73,73,73,73,73,73,79,79,79,79,79,79,79,79,79,79,79,79,79],"card_choices":[{"not_picked":["Rebound","Stack"],"picked":"Glacier","floor":1},{"not_picked":["Force Field","Steam Power"],"picked":"Conserve Battery","floor":6},{"not_picked":["Steam","Cold Snap"],"picked":"Leap","floor":8},{"not_picked":["Redo","Go for the Eyes"],"picked":"Defragment","floor":11},{"not_picked":["Static Discharge","Cold Snap"],"picked":"Conserve Battery","floor":12},{"not_picked":["Streamline","Undo","Go for the Eyes"],"picked":"SKIP","floor":14},{"not_picked":["Machine Learning","Multi-Cast"],"picked":"Creative AI","floor":16},{"not_picked":["Ball Lightning","Leap+1"],"picked":"Coolheaded","floor":18},{"not_picked":["Streamline","Loop"],"picked":"Buffer","floor":22},{"not_picked":["Compile Driver","Leap","Beam Cell"],"picked":"SKIP","floor":24}],"player_experience":157304,"relics_obtained":[{"floor":9,"key":"Darkstone Periapt"},{"floor":11,"key":"DataDisk"}],"event_choices":[{"damage_healed":0,"gold_gain":0,"player_choice":"Success","damage_taken":3,"relics_obtained":["Shuriken"],"max_hp_gain":0,"max_hp_loss":0,"event_name":"Scrap Ooze","floor":2,"gold_loss":0},{"damage_healed":0,"gold_gain":0,"player_choice":"Entered Light","damage_taken":14,"max_hp_gain":0,"max_hp_loss":0,"event_name":"Shining Light","floor":3,"gold_loss":0,"cards_upgraded":["Defend_B","Defend_B"]},{"damage_healed":0,"gold_gain":75,"player_choice":"Gather Gold","damage_taken":11,"max_hp_gain":0,"max_hp_loss":0,"event_name":"World of Goop","floor":4,"gold_loss":0},{"damage_healed":0,"gold_gain":0,"player_choice":"Donut","damage_taken":0,"max_hp_gain":5,"max_hp_loss":0,"event_name":"Big Fish","floor":5,"gold_loss":0},{"damage_healed":0,"gold_gain":175,"player_choice":"AGREE","damage_taken":0,"max_hp_gain":0,"max_hp_loss":0,"event_name":"Liars Game","floor":13,"gold_loss":0,"cards_obtained":["Doubt"]},{"damage_healed":0,"gold_gain":0,"player_choice":"Read","damage_taken":0,"max_hp_gain":0,"max_hp_loss":0,"event_name":"The Library","floor":19,"gold_loss":0,"cards_obtained":["Blizzard"]},{"damage_healed":0,"gold_gain":0,"cards_transformed":["Defend_B"],"player_choice":"Transformed","damage_taken":0,"max_hp_gain":0,"max_hp_loss":0,"event_name":"Transmorgrifier","floor":21,"gold_loss":0,"cards_obtained":["Chaos"]}],"is_beta":false,"boss_relics":[{"not_picked":["Fusion Hammer","Lizard Tail"],"picked":"Black Star"}],"items_purged_floors":[10,20],"is_endless":false,"potions_floor_spawned":[1,12,22,24],"killed_by":"Slavers","ascension_level":3}