{"gold_per_floor":[114,64,139,139,139,175,175,213,213,226,17,51,51,1,1,121,121,137,162,162,186,207,238,238,273,342,441,441,460,460],"floor_reached":30,"playtime":989,"items_purged":["Strike_G","Strike_G"],"score":518,"play_id":"f5298405-f8be-43d2-8053-0eff5863e4c6","local_time":"20190304123752","is_ascension_mode":true,"campfire_choices":[{"data":"Survivor","floor":7,"key":"SMITH"},{"data":"Footwork","floor":13,"key":"SMITH"},{"data":"Bouncing Flask","floor":15,"key":"SMITH"},{"floor":24,"key":"REST"},{"floor":28,"key":"REST"}],"neow_cost":"NONE","seed_source_timestamp":1153183762005102,"circlet_count":0,"master_deck":["AscendersBane","Defend_G","Defend_G","Defend_G","Defend_G","Defend_G","Strike_G","Strike_G","Survivor+1","Neutralize+1","Bouncing Flask+1","Leg Sweep","Footwork+1","Blind","Skewer","Night Terror","Blade Dance","Pain","Deadly Poison+1","Slice+1","Backstab","Deflect"],"relics":["Ring of the Snake","NeowsBlessing","Golden Idol","Orichalcum","Smiling Mask","Mercury Hourglass","Potion Belt","Philosopher\u0027s Stone","WarpedTongs","Happy Flower","Strawberry","Bottled Lightning"],"potions_floor_usage":[16,18,21,25,25,29,29],"damage_taken":[{"damage":0,"enemies":"2 Louse","floor":1,"turns":1},{"damage":0,"enemies":"3 Sentries","floor":6,"turns":1},{"damage":0,"enemies":"Lagavulin","floor":8,"turns":1},{"damage":0,"enemies":"Jaw Worm","floor":10,"turns":3},{"damage":2,"enemies":"3 Sentries","floor":12,"turns":9},{"damage":11,"enemies":"The Guardian","floor":16,"turns":9},{"damage":9,"enemies":"3 Byrds","floor":18,"turns":5},{"damage":0,"enemies":"Chosen","floor":19,"turns":6},{"damage":13,"enemies":"Snecko","floor":21,"turns":5},{"damage":8,"enemies":"Centurion and Healer","floor":22,"turns":9},{"damage":19,"enemies":"Book of Stabbing","floor":23,"turns":8},{"damage":38,"enemies":"Gremlin Leader","floor":25,"turns":9},{"damage":20,"enemies":"Shelled Parasite and Fungi","floor":29,"turns":6},{"damage":21,"enemies":"Snake Plant","floor":30,"turns":2}],"seed_played":"4101065360687220164","potions_obtained":[{"floor":1,"key":"Regen Potion"},{"floor":10,"key":"Energy Potion"},{"floor":12,"key":"AttackPotion"},{"floor":21,"key":"Explosive Potion"},{"floor":22,"key":"SpeedPotion"},{"floor":23,"key":"SkillPotion"},{"floor":25,"key":"Block Potion"}],"is_trial":false,"path_per_floor":["M","?","?","?","?","E","R","E","T","M","$","E","R","$","R","B",null,"M","M","?","M","M","E","R","E","T","?","R","M","M"],"character_chosen":"THE_SILENT","items_purchased":["Footwork","Blind"],"campfire_rested":2,"item_purchase_floors":[11,11],"current_hp_per_floor":[63,63,52,52,52,52,52,52,52,52,52,50,50,50,50,39,59,50,50,50,51,43,24,43,12,12,12,33,13,0],"gold":460,"neow_bonus":"THREE_ENEMY_KILL","is_prod":false,"is_daily":false,"chose_seed":false,"campfire_upgraded":3,"win_rate":0,"timestamp":1551721072,"path_taken":["M","?","?","?","?","E","R","E","T","?","$","E","R","$","R","BOSS","M","M","?","?","M","E","R","E","T","?","R","M","M"],"build_version":"2019-01-23","purchased_purges":2,"victory":false,"max_hp_per_floor":[70,70,70,65,65,65,65,65,65,65,65,65,65,65,65,65,65,65,65,65,65,65,65,65,72,72,72,72,72,72],"card_choices":[{"not_picked":["Expertise","Underhanded Strike","Dodge and Roll"],"picked":"SKIP","floor":1},{"not_picked":["Bane","Deflect","Expertise"],"picked":"SKIP","floor":6},{"not_picked":["Quick Slash","Prepared"],"picked":"Bouncing Flask","floor":8},{"not_picked":["Prepared","Acrobatics"],"picked":"Leg Sweep","floor":10},{"not_picked":["Sucker Punch","Calculated Gamble"],"picked":"Skewer","floor":12},{"not_picked":["Unload","Wraith Form v2"],"picked":"Night Terror","floor":16},{"not_picked":["Tactician","Slice"],"picked":"Blade Dance","floor":18},{"not_picked":["Prepared","Outmaneuver+1","Quick Slash"],"picked":"SKIP","floor":19},{"not_picked":["Well Laid Plans","Storm of Steel"],"picked":"Deadly Poison+1","floor":21},{"not_picked":["Flying Knee+1","Distraction"],"picked":"Slice+1","floor":22},{"not_picked":["Flying Knee+1","Deflect"],"picked":"Backstab","floor":23},{"not_picked":["Dagger Throw+1","Night Terror","Terror"],"picked":"SKIP","floor":25},{"not_picked":["Bouncing Flask","Underhanded Strike"],"picked":"Deflect","floor":29}],"player_experience":169180,"relics_obtained":[{"floor":6,"key":"Orichalcum"},{"floor":8,"key":"Smiling Mask"},{"floor":9,"key":"Mercury Hourglass"},{"floor":12,"key":"Potion Belt"},{"floor":23,"key":"Happy Flower"},{"floor":25,"key":"Strawberry"},{"floor":26,"key":"Bottled Lightning"}],"event_choices":[{"cards_removed":["Strike_G"],"damage_healed":0,"gold_gain":0,"player_choice":"Card Removal","damage_taken":0,"max_hp_gain":0,"max_hp_loss":0,"event_name":"The Cleric","floor":2,"gold_loss":50},{"damage_healed":0,"gold_gain":75,"player_choice":"Gather Gold","damage_taken":11,"max_hp_gain":0,"max_hp_loss":0,"event_name":"World of Goop","floor":3,"gold_loss":0},{"damage_healed":0,"gold_gain":0,"player_choice":"Lose Max HP","damage_taken":0,"relics_obtained":["Golden Idol"],"max_hp_gain":0,"max_hp_loss":5,"event_name":"Golden Idol","floor":4,"gold_loss":0},{"damage_healed":0,"gold_gain":0,"player_choice":"Grow","damage_taken":0,"max_hp_gain":0,"max_hp_loss":0,"event_name":"Living Wall","floor":5,"gold_loss":0,"cards_upgraded":["Neutralize"]},{"damage_healed":0,"gold_gain":0,"player_choice":"Rummage","damage_taken":0,"relics_obtained":["WarpedTongs"],"max_hp_gain":0,"max_hp_loss":0,"event_name":"Accursed Blacksmith","floor":20,"gold_loss":0,"cards_obtained":["Pain"]},{"damage_healed":0,"gold_gain":99,"player_choice":"Stole From Cult","damage_taken":0,"max_hp_gain":0,"max_hp_loss":0,"event_name":"Nest","floor":27,"gold_loss":0}],"is_beta":false,"boss_relics":[{"not_picked":["Empty Cage","Runic Pyramid"],"picked":"Philosopher\u0027s Stone"}],"items_purged_floors":[11,14],"is_endless":false,"potions_floor_spawned":[1,10,12,21,22,23,25],"killed_by":"Snake Plant","ascension_level":11}