{"gold_per_floor":[111,111,11,25,25,25,40,53,77,77,77,94,94,94],"floor_reached":14,"playtime":393,"items_purged":["Strike_B"],"score":92,"play_id":"ab8b06d0-d5c2-4f1f-b0d0-a9655f259df6","local_time":"20190818211332","is_ascension_mode":true,"campfire_choices":[{"data":"Hologram","floor":6,"key":"SMITH"},{"data":"Coolheaded","floor":11,"key":"SMITH"}],"neow_cost":"NONE","seed_source_timestamp":39204779341580,"circlet_count":0,"master_deck":["Strike_B","Strike_B+1","Strike_B+1","Defend_B","Defend_B","Defend_B","Defend_B","Zap+1","Dualcast","Leap","Hologram+1","Conserve Battery","Coolheaded+1","Self Repair","Hologram"],"relics":["Cracked Core","Strawberry","Whetstone","Golden Idol"],"potions_floor_usage":[],"damage_taken":[{"damage":7,"enemies":"Jaw Worm","floor":1,"turns":3},{"damage":4,"enemies":"2 Louse","floor":4,"turns":3},{"damage":0,"enemies":"Small Slimes","floor":7,"turns":3},{"damage":3,"enemies":"Looter","floor":8,"turns":3},{"damage":1,"enemies":"Blue Slaver","floor":12,"turns":3},{"damage":29,"enemies":"3 Sentries","floor":14,"turns":9}],"seed_played":"8277735749749256752","potions_obtained":[{"floor":8,"key":"Strength Potion"},{"floor":12,"key":"SmokeBomb"}],"is_trial":false,"path_per_floor":["M","?","$","M","$","R","M","M","T","T","R","M","?","E"],"character_chosen":"DEFECT","items_purchased":["Hologram"],"campfire_rested":0,"item_purchase_floors":[3],"current_hp_per_floor":[68,50,50,46,46,46,46,43,43,43,43,49,29,0],"gold":94,"neow_bonus":"UPGRADE_CARD","is_prod":false,"is_daily":false,"chose_seed":false,"campfire_upgraded":2,"win_rate":0,"timestamp":1566130412,"path_taken":["M","?","$","M","?","R","M","M","T","?","R","M","?","E"],"build_version":"2019-07-17","purchased_purges":1,"victory":false,"max_hp_per_floor":[75,82,82,82,82,82,82,82,82,82,82,82,82,82],"card_choices":[{"not_picked":["Recycle","Ball Lightning"],"picked":"Leap","floor":1},{"not_picked":["Stack","Leap"],"picked":"Conserve Battery","floor":4},{"not_picked":["Go for the Eyes","Streamline"],"picked":"Coolheaded","floor":7},{"not_picked":["Sweeping Beam","Consume"],"picked":"Self Repair","floor":8},{"not_picked":["Rebound","Turbo"],"picked":"Hologram","floor":12}],"player_experience":184496,"relics_obtained":[{"floor":9,"key":"Whetstone"}],"event_choices":[{"damage_healed":0,"gold_gain":0,"player_choice":"Success","damage_taken":25,"relics_obtained":["Strawberry"],"max_hp_gain":0,"max_hp_loss":0,"event_name":"Scrap Ooze","floor":2,"gold_loss":0},{"damage_healed":0,"gold_gain":0,"player_choice":"Take Damage","damage_taken":20,"relics_obtained":["Golden Idol"],"max_hp_gain":0,"max_hp_loss":0,"event_name":"Golden Idol","floor":13,"gold_loss":0}],"is_beta":false,"boss_relics":[],"items_purged_floors":[3],"is_endless":false,"potions_floor_spawned":[8,12],"killed_by":"3 Sentries","ascension_level":3}