{"gold_per_floor":[111,111,126,126,136,136,164,164,164,180,180,194,194,194,194,194],"floor_reached":16,"playtime":505,"items_purged":[],"score":200,"play_id":"280b5220-3647-4dcb-800e-08aac6532a74","local_time":"20190720220511","is_ascension_mode":true,"campfire_choices":[{"data":"Rebound","floor":6.0,"key":"SMITH"},{"floor":8.0,"key":"DIG"},{"floor":11.0,"key":"DIG"},{"floor":13.0,"key":"DIG"},{"floor":15,"key":"DIG"}],"neow_cost":"NONE","seed_source_timestamp":653141356559912,"circlet_count":0,"master_deck":["AscendersBane","Strike_B","Strike_B","Strike_B","Defend_B","Defend_B","Defend_B","Defend_B","Zap","Dualcast","Lockon+1","Hello World","Rebound+1","Cold Snap","Go for the Eyes","Steam"],"special_seed":0,"relics":["Cracked Core","Centennial Puzzle","Shovel","Frozen Egg 2","Cables","Oddly Smooth Stone","Bottled Flame","Dream Catcher"],"potions_floor_usage":[],"damage_taken":[{"damage":7.0,"enemies":"Jaw Worm","floor":1.0,"turns":3.0},{"damage":0.0,"enemies":"Cultist","floor":3.0,"turns":2.0},{"damage":9.0,"enemies":"2 Louse","floor":5.0,"turns":2.0},{"damage":37.0,"enemies":"3 Sentries","floor":7.0,"turns":6.0},{"damage":5.0,"enemies":"Exordium Wildlife","floor":10.0,"turns":2.0},{"damage":4.0,"enemies":"3 Louse","floor":12.0,"turns":2.0},{"damage":3,"enemies":"Hexaghost","floor":16,"turns":9}],"seed_played":"-1769431357179409582","potions_obtained":[{"floor":1.0,"key":"Ancient Potion"},{"floor":5.0,"key":"GamblersBrew"},{"floor":10.0,"key":"SkillPotion"}],"is_trial":false,"path_per_floor":["M","?","M","?","M","R","E","R","T","M","R","M","R","?","R","B"],"character_chosen":"DEFECT","items_purchased":[],"campfire_rested":0,"item_purchase_floors":[],"current_hp_per_floor":[57,57,57,57,48,48,11,11,11,6,6,2,2,2,2,0],"gold":194,"neow_bonus":"RANDOM_COMMON_RELIC","is_prod":false,"is_daily":false,"chose_seed":false,"campfire_upgraded":1,"win_rate":0,"timestamp":1563685511,"path_taken":["M","?","?","?","M","R","E","R","T","M","R","M","R","?","R","BOSS"],"build_version":"2019-07-18","purchased_purges":0,"victory":false,"max_hp_per_floor":[71,71,71,71,71,71,71,71,71,71,71,71,71,71,71,71],"card_choices":[{"not_picked":["Skim","Doom and Gloom"],"picked":"Lockon","floor":1.0},{"not_picked":["Hologram","Storm"],"picked":"Hello World","floor":3.0},{"not_picked":["Hello World","Barrage"],"picked":"Rebound","floor":5.0},{"not_picked":["Hyperbeam","Barrage"],"picked":"Cold Snap","floor":7.0},{"not_picked":["Steam","Rebound"],"picked":"Go for the Eyes","floor":10.0},{"not_picked":["Turbo","Redo"],"picked":"Steam","floor":12.0}],"player_experience":2833269,"relics_obtained":[{"floor":7.0,"key":"Shovel"},{"floor":8.0,"key":"Frozen Egg 2"},{"floor":9.0,"key":"Cables"},{"floor":11.0,"key":"Oddly Smooth Stone"},{"floor":13.0,"key":"Bottled Flame"},{"floor":15,"key":"Dream Catcher"}],"event_choices":[{"cards_removed":["Strike_B"],"damage_healed":0.0,"max_hp_gain":0.0,"max_hp_loss":0.0,"gold_gain":0.0,"event_name":"Purifier","player_choice":"Purged","floor":2.0,"gold_loss":0.0,"damage_taken":0.0},{"damage_healed":0.0,"max_hp_gain":0.0,"max_hp_loss":0.0,"gold_gain":0.0,"event_name":"Living Wall","player_choice":"Grow","floor":4.0,"gold_loss":0.0,"damage_taken":0.0,"cards_upgraded":["Lockon"]},{"damage_healed":0,"gold_gain":0,"player_choice":"Searched \u00270\u0027 times","damage_taken":0,"max_hp_gain":0,"max_hp_loss":0,"event_name":"Dead Adventurer","floor":14,"gold_loss":0}],"is_beta":true,"boss_relics":[],"items_purged_floors":[],"is_endless":false,"potions_floor_spawned":[1,5,7,10],"killed_by":"Hexaghost","ascension_level":20}