{"gold_per_floor":[118,128,141,141,141,170,170,170,193,193,206,206,206,220,220,294,294,307,357,59,59,70,102,102,102],"floor_reached":25,"playtime":676,"items_purged":[],"score":438,"play_id":"cb9dcb19-eef2-4e23-af0d-cca537239720","local_time":"20190817164052","is_ascension_mode":true,"campfire_choices":[{"data":"Infinite Blades","floor":8,"key":"SMITH"},{"data":"Dash","floor":10,"key":"SMITH"},{"data":"Skewer","floor":12,"key":"SMITH"},{"data":"Leg Sweep","floor":15,"key":"SMITH"},{"floor":24,"key":"REST"}],"neow_cost":"PERCENT_DAMAGE","seed_source_timestamp":66311286342502,"circlet_count":0,"master_deck":["AscendersBane","Strike_G","Strike_G","Strike_G","Strike_G","Defend_G","Defend_G","Defend_G","Defend_G","Defend_G","Survivor","Neutralize","Dash+1","Dagger Spray","Infinite Blades+1","Skewer+1","Leg Sweep+1","Glass Knife","Terror","Well Laid Plans","PiercingWail"],"relics":["Ring of the Snake","Dead Branch","Juzu Bracelet","Omamori","WristBlade","TwistedFunnel","NlothsMask","Question Card"],"potions_floor_usage":[6,16,23,23],"damage_taken":[{"damage":8,"enemies":"Small Slimes","floor":1,"turns":5},{"damage":1,"enemies":"2 Louse","floor":2,"turns":3},{"damage":5,"enemies":"Cultist","floor":3,"turns":4},{"damage":43,"enemies":"Gremlin Nob","floor":6,"turns":6},{"damage":1,"enemies":"Exordium Thugs","floor":11,"turns":6},{"damage":0,"enemies":"Lots of Slimes","floor":14,"turns":3},{"damage":21,"enemies":"Hexaghost","floor":16,"turns":12},{"damage":20,"enemies":"Shell Parasite","floor":18,"turns":5},{"damage":0,"enemies":"Chosen","floor":22,"turns":4},{"damage":28,"enemies":"Slavers","floor":23,"turns":7},{"damage":28,"enemies":"Shelled Parasite and Fungi","floor":25,"turns":2}],"seed_played":"-4903910307416475800","potions_obtained":[{"floor":1,"key":"Regen Potion"},{"floor":11,"key":"Regen Potion"},{"floor":18,"key":"Weak Potion"},{"floor":22,"key":"Poison Potion"}],"is_trial":false,"path_per_floor":["M","M","M","?","?","E","?","R","T","R","M","R","?","M","R","B",null,"M","?","$","?","M","E","R","M"],"character_chosen":"THE_SILENT","items_purchased":["TwistedFunnel","Well Laid Plans"],"campfire_rested":1,"item_purchase_floors":[20,20],"current_hp_per_floor":[36,35,30,30,30,2,24,24,24,24,23,23,23,23,23,17,54,34,34,34,34,34,6,25,0],"gold":102,"neow_bonus":"ONE_RARE_RELIC","is_prod":false,"is_daily":false,"chose_seed":false,"campfire_upgraded":4,"win_rate":0,"timestamp":1566074452,"path_taken":["M","M","M","?","?","E","?","R","T","R","M","R","?","M","R","BOSS","M","?","$","?","M","E","R","M"],"build_version":"2019-07-17","purchased_purges":0,"victory":false,"max_hp_per_floor":[66,66,66,66,66,66,66,66,66,66,66,66,66,66,66,66,66,66,66,66,66,66,66,66,66],"card_choices":[{"not_picked":["Acrobatics","Distraction"],"picked":"Dash","floor":1},{"not_picked":["Prepared","Acrobatics","Deflect"],"picked":"SKIP","floor":2},{"not_picked":["Finisher","Prepared"],"picked":"Dagger Spray","floor":3},{"not_picked":["Catalyst","Leg Sweep"],"picked":"Infinite Blades","floor":6},{"not_picked":["Dagger Spray","Outmaneuver"],"picked":"Skewer","floor":11},{"not_picked":["PiercingWail","Underhanded Strike"],"picked":"Leg Sweep","floor":14},{"not_picked":["Storm of Steel","Unload"],"picked":"Glass Knife","floor":16},{"not_picked":["Expertise+1","Prepared"],"picked":"Terror","floor":18},{"not_picked":["Quick Slash","Bouncing Flask","Deadly Poison"],"picked":"SKIP","floor":22},{"not_picked":["Deadly Poison","Tools of the Trade"],"picked":"PiercingWail","floor":23}],"player_experience":564114,"relics_obtained":[{"floor":6,"key":"Juzu Bracelet"},{"floor":9,"key":"Omamori"},{"floor":23,"key":"Question Card"}],"event_choices":[{"damage_healed":0,"gold_gain":0,"player_choice":"Ignored","damage_taken":0,"max_hp_gain":0,"max_hp_loss":0,"event_name":"Liars Game","floor":4,"gold_loss":0},{"damage_healed":0,"gold_gain":0,"player_choice":"Ignored","damage_taken":0,"max_hp_gain":0,"max_hp_loss":0,"event_name":"Shining Light","floor":5,"gold_loss":0},{"damage_healed":22,"gold_gain":0,"player_choice":"Banana","damage_taken":0,"max_hp_gain":0,"max_hp_loss":0,"event_name":"Big Fish","floor":7,"gold_loss":0},{"cards_removed":["Strike_G"],"damage_healed":0,"gold_gain":0,"player_choice":"Purged","damage_taken":0,"max_hp_gain":0,"max_hp_loss":0,"event_name":"Purifier","floor":13,"gold_loss":0},{"damage_healed":0,"gold_gain":50,"player_choice":"Stole From Cult","damage_taken":0,"max_hp_gain":0,"max_hp_loss":0,"event_name":"Nest","floor":19,"gold_loss":0},{"damage_healed":0,"gold_gain":0,"player_choice":"Trade","damage_taken":0,"relics_obtained":["NlothsMask"],"max_hp_gain":0,"max_hp_loss":0,"event_name":"FaceTrader","floor":21,"gold_loss":0}],"is_beta":false,"boss_relics":[{"not_picked":["Calling Bell","Ring of the Serpent"],"picked":"WristBlade"}],"items_purged_floors":[],"is_endless":false,"potions_floor_spawned":[1,11,18,22],"killed_by":"Shelled Parasite and Fungi","ascension_level":20}