{"gold_per_floor":[360,10,29,46,57,57,83,95,173,189,189,189,200,211,211,313,313,332,345,345,36,48,48,59,59,59,88,88,99,119,218,218,317,317,331,331,345,25,42,42,42,59,86,86,97,97,113,126,126,126],"floor_reached":51,"playtime":1968,"items_purged":[],"score":1039,"play_id":"ea46e510-9165-4f62-a89e-bd7fc7c1eef7","local_time":"20190219213239","is_ascension_mode":true,"campfire_choices":[{"data":"Neutralize","floor":6,"key":"SMITH"},{"floor":12,"key":"REST"},{"data":"Cloak And Dagger","floor":15,"key":"SMITH"},{"data":"Noxious Fumes","floor":23,"key":"SMITH"},{"floor":25,"key":"REST"},{"data":"Accuracy","floor":28,"key":"SMITH"},{"floor":32,"key":"REST"},{"data":"After Image","floor":40,"key":"SMITH"},{"data":"After Image","floor":41,"key":"SMITH"},{"floor":44,"key":"REST"},{"data":"Calculated Gamble","floor":46,"key":"SMITH"},{"floor":49,"key":"REST"}],"neow_cost":"PERCENT_DAMAGE","seed_source_timestamp":61004658538583,"circlet_count":0,"master_deck":["Defend_G","Defend_G","Defend_G","Defend_G","Defend_G","Strike_G","Strike_G","Strike_G","Strike_G","Strike_G","Survivor","Neutralize+1","Footwork+1","Endless Agony","Backstab","Blur","Backstab","Calculated Gamble+1","Cloak And Dagger+1","Die Die Die","Noxious Fumes+1","Cloak And Dagger","Footwork+1","PiercingWail","Expertise+1","Blade Dance+1","Decay","Accuracy+1","Footwork+1","Backflip","After Image+1","Escape Plan","Blade Dance","Blade Dance+1","Sucker Punch+1","Backflip+1","Dagger Spray+1","Cloak And Dagger","After Image+1","Parasite","Backstab+1","Prepared+1","Parasite","Dodge and Roll+1","Malaise+1"],"relics":["Ring of the Snake","Chemical X","Bottled Flame","Mercury Hourglass","Cursed Key","Tingsha","Darkstone Periapt","WingedGreaves","Orrery","Toxic Egg 2","Strawberry"],"potions_floor_usage":[5,16,16,16,22,33,35,37,39,48,50,50],"damage_taken":[{"damage":0,"enemies":"Jaw Worm","floor":1,"turns":5},{"damage":0,"enemies":"2 Louse","floor":3,"turns":3},{"damage":1,"enemies":"Cultist","floor":4,"turns":3},{"damage":1,"enemies":"Lots of Slimes","floor":5,"turns":6},{"damage":27,"enemies":"Lagavulin","floor":7,"turns":11},{"damage":1,"enemies":"2 Fungi Beasts","floor":8,"turns":4},{"damage":0,"enemies":"3 Louse","floor":10,"turns":2},{"damage":0,"enemies":"Lots of Slimes","floor":13,"turns":3},{"damage":0,"enemies":"2 Fungi Beasts","floor":14,"turns":2},{"damage":0,"enemies":"The Guardian","floor":16,"turns":15},{"damage":2,"enemies":"2 Thieves","floor":18,"turns":4},{"damage":5,"enemies":"Chosen","floor":19,"turns":5},{"damage":0,"enemies":"Centurion and Healer","floor":22,"turns":5},{"damage":25,"enemies":"Snecko","floor":24,"turns":6},{"damage":30,"enemies":"Book of Stabbing","floor":27,"turns":6},{"damage":16,"enemies":"3 Cultists","floor":29,"turns":5},{"damage":0,"enemies":"Centurion and Healer","floor":30,"turns":5},{"damage":19,"enemies":"Collector","floor":33,"turns":12},{"damage":12,"enemies":"Orb Walker","floor":35,"turns":3},{"damage":13,"enemies":"3 Shapes","floor":37,"turns":6},{"damage":6,"enemies":"Writhing Mass","floor":39,"turns":10},{"damage":0,"enemies":"Sphere and 2 Shapes","floor":42,"turns":6},{"damage":7,"enemies":"4 Shapes","floor":45,"turns":6},{"damage":7,"enemies":"Jaw Worm Horde","floor":47,"turns":5},{"damage":18,"enemies":"Transient","floor":48,"turns":5},{"damage":18,"enemies":"Awakened One","floor":50,"turns":18}],"seed_played":"-6469107527004232149","potions_obtained":[{"floor":1,"key":"Swift Potion"},{"floor":7,"key":"Fire Potion"},{"floor":10,"key":"SteroidPotion"},{"floor":13,"key":"SpeedPotion"},{"floor":19,"key":"Swift Potion"},{"floor":30,"key":"Fire Potion"},{"floor":33,"key":"SkillPotion"},{"floor":35,"key":"Block Potion"},{"floor":36,"key":"Fire Potion"},{"floor":36,"key":"Strength Potion"},{"floor":37,"key":"SkillPotion"},{"floor":39,"key":"FearPotion"}],"is_trial":false,"path_per_floor":["M","$","M","M","M","R","E","M","T","M","?","R","M","M","R","B",null,"M","M","?","$","M","R","M","R","T","E","R","M","M","?","R","B",null,"M","?","M","$","M","R","R","M","T","R","M","R","M","M","R","B",null],"character_chosen":"THE_SILENT","items_purchased":["Chemical X","Footwork","Endless Agony","Tingsha","PiercingWail","After Image","Toxic Egg 2"],"campfire_rested":5,"item_purchase_floors":[2,2,2,21,21,38,38],"current_hp_per_floor":[45,45,45,44,43,43,16,15,15,15,15,36,36,36,36,36,62,60,55,55,55,55,55,30,51,51,21,21,5,5,5,26,7,54,42,42,29,29,29,29,29,29,42,68,61,61,54,36,62,44],"gold":126,"neow_bonus":"TWO_FIFTY_GOLD","is_prod":false,"is_daily":false,"chose_seed":false,"campfire_upgraded":7,"win_rate":0,"timestamp":1550629959,"path_taken":["M","$","M","M","M","R","E","M","T","M","?","R","M","M","R","BOSS","M","M","?","$","?","R","M","R","T","E","R","?","M","?","R","BOSS","M","?","M","$","M","R","R","M","T","R","M","R","M","M","R","BOSS"],"build_version":"2019-01-23","purchased_purges":0,"victory":true,"max_hp_per_floor":[70,70,70,70,70,70,70,70,70,70,70,70,70,70,70,70,70,70,70,70,70,70,70,70,70,70,70,70,70,70,70,70,70,70,70,70,70,70,76,76,76,76,89,89,89,89,89,89,89,89],"card_choices":[{"not_picked":["Reflex","Calculated Gamble","Dagger Throw"],"picked":"SKIP","floor":1},{"not_picked":["Expertise","Prepared"],"picked":"Backstab","floor":3},{"not_picked":["Quick Slash","Dagger Throw"],"picked":"Blur","floor":4},{"not_picked":["Underhanded Strike","Backflip","Sucker Punch"],"picked":"SKIP","floor":5},{"not_picked":["Infinite Blades","Prepared"],"picked":"Backstab","floor":7},{"not_picked":["Choke","Backflip","Venomology"],"picked":"SKIP","floor":8},{"not_picked":["Distraction","Slice"],"picked":"Calculated Gamble","floor":10},{"not_picked":["Sucker Punch","Deflect"],"picked":"Cloak And Dagger","floor":13},{"not_picked":["Backflip","Expertise","Venomology"],"picked":"SKIP","floor":14},{"not_picked":["Doppelganger","Phantasmal Killer"],"picked":"Die Die Die","floor":16},{"not_picked":["Deflect","Bane"],"picked":"Noxious Fumes","floor":18},{"not_picked":["Bane","Deadly Poison"],"picked":"Cloak And Dagger","floor":19},{"not_picked":["Acrobatics","Distraction"],"picked":"Expertise+1","floor":22},{"not_picked":["Deadly Poison+1","Acrobatics"],"picked":"Blade Dance+1","floor":24},{"not_picked":["Heel Hook","Acrobatics"],"picked":"Accuracy","floor":27},{"not_picked":["Predator","Corpse Explosion"],"picked":"Footwork+1","floor":29},{"not_picked":["Flying Knee","Dagger Throw"],"picked":"Backflip","floor":30},{"not_picked":["Storm of Steel","Doppelganger"],"picked":"After Image","floor":33},{"not_picked":["Dagger Throw+1","Poisoned Stab"],"picked":"Escape Plan","floor":34},{"not_picked":["Slice","Choke"],"picked":"Blade Dance","floor":34},{"not_picked":["Reflex+1","Poisoned Stab"],"picked":"Blade Dance+1","floor":34},{"not_picked":["Cloak And Dagger","Bouncing Flask"],"picked":"Sucker Punch+1","floor":34},{"not_picked":["Terror","Flying Knee+1"],"picked":"Backflip+1","floor":34},{"not_picked":["Bane","Infinite Blades"],"picked":"Dagger Spray+1","floor":35},{"not_picked":["Endless Agony+1","Quick Slash"],"picked":"Cloak And Dagger","floor":37},{"not_picked":["Quick Slash","Underhanded Strike"],"picked":"Backstab+1","floor":39},{"not_picked":["Eviscerate","Bane"],"picked":"Prepared+1","floor":42},{"not_picked":["Endless Agony","Slice","Dagger Spray"],"picked":"SKIP","floor":45},{"not_picked":["Acrobatics+1","PiercingWail+1"],"picked":"Dodge and Roll+1","floor":47},{"not_picked":["Prepared+1","Heel Hook+1"],"picked":"Malaise+1","floor":48}],"player_experience":111996,"relics_obtained":[{"floor":7,"key":"Bottled Flame"},{"floor":9,"key":"Mercury Hourglass"},{"floor":26,"key":"Darkstone Periapt"},{"floor":27,"key":"WingedGreaves"},{"floor":43,"key":"Strawberry"}],"event_choices":[{"damage_healed":0,"gold_gain":0,"player_choice":"Grow","damage_taken":0,"max_hp_gain":0,"max_hp_loss":0,"event_name":"Living Wall","floor":11,"gold_loss":0,"cards_upgraded":["Footwork"]},{"damage_healed":0,"gold_gain":0,"player_choice":"Copied","damage_taken":0,"max_hp_gain":0,"max_hp_loss":0,"event_name":"Duplicator","floor":20,"gold_loss":0,"cards_obtained":["Footwork"]},{"damage_healed":0,"gold_gain":99,"player_choice":"Stole From Cult","damage_taken":0,"max_hp_gain":0,"max_hp_loss":0,"event_name":"Nest","floor":31,"gold_loss":0},{"damage_healed":0,"gold_gain":0,"player_choice":"Got Potions","damage_taken":0,"max_hp_gain":0,"max_hp_loss":0,"event_name":"Lab","floor":36,"gold_loss":0}],"is_beta":false,"boss_relics":[{"not_picked":["Eternal Feather","HoveringKite"],"picked":"Cursed Key"},{"not_picked":["Tiny House","Black Star"],"picked":"Orrery"}],"items_purged_floors":[],"is_endless":false,"potions_floor_spawned":[1,7,10,13,19,30,33,35,37,39],"ascension_level":7}