{"gold_per_floor":[147,147,147,147,161,161,179,179,179,195,45,220,120,120,120,120],"floor_reached":16,"playtime":287,"items_purged":["Doubt"],"score":88,"play_id":"60a426fc-ec9c-4187-9b4a-bdc2849a464a","local_time":"20190826234706","is_ascension_mode":false,"campfire_choices":[{"data":"Uppercut","floor":6.0,"key":"SMITH"},{"data":"Flex","floor":15,"key":"SMITH"}],"neow_cost":"NONE","seed_source_timestamp":3086034839480,"circlet_count":0,"master_deck":["Strike_R","Strike_R","Strike_R","Strike_R","Strike_R+1","Defend_R","Defend_R","Defend_R+1","Defend_R","Bash","Uppercut+1","Whirlwind+1","Flex+1"],"special_seed":0,"relics":["Burning Blood","Tiny Chest","Dead Branch","Golden Idol","Bottled Flame","Juzu Bracelet"],"potions_floor_usage":[],"damage_taken":[{"damage":1.0,"enemies":"Jaw Worm","floor":1.0,"turns":4.0},{"damage":3.0,"enemies":"2 Louse","floor":5.0,"turns":4.0},{"damage":0.0,"enemies":"Cultist","floor":7.0,"turns":3.0},{"damage":2.0,"enemies":"3 Louse","floor":10.0,"turns":5.0},{"damage":67,"enemies":"Hexaghost","floor":16,"turns":11}],"seed_played":"-120315403724132523","potions_obtained":[{"floor":1.0,"key":"GamblersBrew"}],"is_trial":false,"path_per_floor":["M","?","?","?","M","R","M","?","T","M","$","?","$","?","R","B"],"character_chosen":"IRONCLAD","items_purchased":["Juzu Bracelet","Flex"],"campfire_rested":0,"item_purchase_floors":[11,13],"current_hp_per_floor":[80,64,69,51,54,54,60,60,60,64,64,64,64,64,64,0],"gold":120,"neow_bonus":"RANDOM_COMMON_RELIC","is_prod":false,"is_daily":false,"chose_seed":false,"campfire_upgraded":2,"win_rate":0,"timestamp":1566884826,"path_taken":["M","?","?","?","M","R","M","?","T","M","?","?","$","?","R","BOSS"],"build_version":"2019-07-17","purchased_purges":1,"victory":false,"max_hp_per_floor":[80,80,85,85,85,85,85,79,79,79,79,79,79,79,79,79],"card_choices":[{"not_picked":["Clothesline","Havoc"],"picked":"Uppercut","floor":1.0},{"not_picked":["Power Through","Bloodletting","Cleave"],"picked":"SKIP","floor":5.0},{"not_picked":["True Grit","Uppercut"],"picked":"Whirlwind","floor":7.0},{"not_picked":["Power Through","Brutality","Fire Breathing"],"picked":"SKIP","floor":10.0}],"player_experience":1690719,"relics_obtained":[{"floor":9.0,"key":"Bottled Flame"}],"event_choices":[{"damage_healed":0.0,"max_hp_gain":0.0,"max_hp_loss":0.0,"gold_gain":0.0,"event_name":"Shining Light","player_choice":"Entered Light","floor":2.0,"gold_loss":0.0,"damage_taken":16.0,"cards_upgraded":["Strike_R","Defend_R"]},{"damage_healed":0.0,"max_hp_gain":5.0,"max_hp_loss":0.0,"gold_gain":0.0,"event_name":"Big Fish","player_choice":"Donut","floor":3.0,"gold_loss":0.0,"damage_taken":0.0},{"damage_healed":0.0,"max_hp_gain":0.0,"max_hp_loss":0.0,"gold_gain":0.0,"event_name":"Scrap Ooze","player_choice":"Success","floor":4.0,"gold_loss":0.0,"damage_taken":18.0,"relics_obtained":["Dead Branch"]},{"damage_healed":0.0,"max_hp_gain":0.0,"max_hp_loss":6.0,"gold_gain":0.0,"event_name":"Golden Idol","player_choice":"Lose Max HP","floor":8.0,"gold_loss":0.0,"damage_taken":0.0,"relics_obtained":["Golden Idol"]},{"damage_healed":0.0,"max_hp_gain":0.0,"max_hp_loss":0.0,"gold_gain":175.0,"event_name":"Liars Game","player_choice":"AGREE","floor":12.0,"gold_loss":0.0,"damage_taken":0.0,"cards_obtained":["Doubt"]},{"damage_healed":0,"gold_gain":0,"player_choice":"Grow","damage_taken":0,"max_hp_gain":0,"max_hp_loss":0,"event_name":"Living Wall","floor":14,"gold_loss":0,"cards_upgraded":["Whirlwind"]}],"is_beta":false,"boss_relics":[],"items_purged_floors":[13],"is_endless":false,"potions_floor_spawned":[1],"killed_by":"Hexaghost","ascension_level":0}