{"gold_per_floor":[115,115,115,190,205,205,175,175,175,190,217,228,228,241,241,313,313,329,348,348],"floor_reached":20,"playtime":678,"items_purged":[],"score":348,"play_id":"2705d4c2-3fb0-459d-b061-3d822b983bdc","local_time":"20190820180503","is_ascension_mode":true,"campfire_choices":[{"data":"Zap","floor":6,"key":"SMITH"},{"floor":8,"key":"REST"},{"data":"Creative AI","floor":13,"key":"SMITH"},{"data":"Coolheaded","floor":15,"key":"SMITH"}],"neow_cost":"NONE","seed_source_timestamp":443881336626442,"circlet_count":0,"master_deck":["AscendersBane","Strike_B+1","Strike_B","Strike_B","Strike_B","Defend_B+1","Defend_B","Defend_B","Defend_B","Zap+1","Dualcast","Seek","Streamline+1","Cold Snap","Ball Lightning","Creative AI+1","Coolheaded+1","Conserve Battery","Electrodynamics","Cold Snap","Conserve Battery"],"relics":["Cracked Core","Potion Belt","Singing Bowl","Inserter"],"potions_floor_usage":[11,14,19,20,20],"damage_taken":[{"damage":4,"enemies":"Small Slimes","floor":1,"turns":3},{"damage":0,"enemies":"2 Louse","floor":5,"turns":1},{"damage":0,"enemies":"Cultist","floor":10,"turns":2},{"damage":13,"enemies":"Lagavulin","floor":11,"turns":4},{"damage":7,"enemies":"2 Fungi Beasts","floor":12,"turns":3},{"damage":8,"enemies":"Gremlin Gang","floor":14,"turns":2},{"damage":13,"enemies":"The Guardian","floor":16,"turns":11},{"damage":5,"enemies":"3 Byrds","floor":18,"turns":2},{"damage":40,"enemies":"Shell Parasite","floor":19,"turns":8},{"damage":16,"enemies":"Cultist and Chosen","floor":20,"turns":3}],"seed_played":"-80292598228218563","potions_obtained":[{"floor":7,"key":"Explosive Potion"},{"floor":7,"key":"Weak Potion"},{"floor":12,"key":"Poison Potion"},{"floor":16,"key":"FocusPotion"},{"floor":19,"key":"Fruit Juice"}],"is_trial":false,"path_per_floor":["M","?","?","?","M","R","?","R","T","M","E","M","R","M","R","B",null,"M","M","M"],"character_chosen":"DEFECT","items_purchased":[],"campfire_rested":1,"item_purchase_floors":[],"current_hp_per_floor":[60,60,39,28,28,28,28,49,49,49,36,29,29,21,21,8,55,50,15,0],"gold":348,"neow_bonus":"ONE_RANDOM_RARE_CARD","is_prod":false,"is_daily":false,"chose_seed":false,"campfire_upgraded":3,"win_rate":0,"timestamp":1566349503,"path_taken":["M","?","?","?","M","R","?","R","T","M","E","M","R","M","R","BOSS","M","?","M"],"build_version":"2019-08-15","purchased_purges":0,"victory":false,"max_hp_per_floor":[71,71,71,71,71,71,71,71,71,71,71,71,71,71,71,71,71,71,76,76],"card_choices":[{"not_picked":["Reprogram","Barrage"],"picked":"Streamline","floor":1},{"not_picked":["Conserve Battery","Gash"],"picked":"Cold Snap","floor":5},{"not_picked":["Rebound","Gash"],"picked":"Ball Lightning","floor":10},{"not_picked":["Cold Snap","Darkness"],"picked":"Creative AI","floor":11},{"not_picked":["Storm","Ball Lightning"],"picked":"Coolheaded","floor":12},{"not_picked":["Redo","Steam Power"],"picked":"Conserve Battery","floor":14},{"not_picked":["Amplify","Multi-Cast"],"picked":"Electrodynamics","floor":16},{"not_picked":["Go for the Eyes","Recycle"],"picked":"Cold Snap","floor":18},{"not_picked":["Compile Driver","Genetic Algorithm"],"picked":"Conserve Battery","floor":19}],"player_experience":3016225,"relics_obtained":[{"floor":9,"key":"Potion Belt"},{"floor":11,"key":"Singing Bowl"}],"event_choices":[{"damage_healed":0,"gold_gain":0,"player_choice":"Grow","damage_taken":0,"max_hp_gain":0,"max_hp_loss":0,"event_name":"Living Wall","floor":2,"gold_loss":0,"cards_upgraded":["Streamline"]},{"damage_healed":0,"gold_gain":0,"player_choice":"Entered Light","damage_taken":21,"max_hp_gain":0,"max_hp_loss":0,"event_name":"Shining Light","floor":3,"gold_loss":0,"cards_upgraded":["Defend_B","Strike_B"]},{"damage_healed":0,"gold_gain":75,"player_choice":"Gather Gold","damage_taken":11,"max_hp_gain":0,"max_hp_loss":0,"event_name":"World of Goop","floor":4,"gold_loss":0},{"damage_healed":0,"gold_gain":0,"player_choice":"Bought 2 Potions","damage_taken":0,"max_hp_gain":0,"max_hp_loss":0,"event_name":"The Woman in Blue","floor":7,"gold_loss":0}],"is_beta":true,"boss_relics":[{"not_picked":["FrozenCore","Snecko Eye"],"picked":"Inserter"}],"items_purged_floors":[],"is_endless":false,"potions_floor_spawned":[12,16,19],"killed_by":"Cultist and Chosen","ascension_level":20}