{"gold_per_floor":[110,125,200,375,325,350,370,380,431,478,502,532,556,580,592,708,720,742,421,403,403,318,334,334,334,334,347,357,369,369,385,385,485,485,498,498],"floor_reached":36,"playtime":2416,"items_purged":["Shame"],"score":407,"play_id":"adc400d4-8eb9-43f2-ac52-55a748d0402c","local_time":"20190810031846","is_ascension_mode":false,"campfire_choices":[{"data":"Fire Breathing","floor":15,"key":"SMITH"},{"data":"Battle Trance","floor":25,"key":"SMITH"},{"data":"Flame Barrier","floor":30,"key":"SMITH"},{"data":"Metallicize","floor":32,"key":"SMITH"}],"neow_cost":"TEN_PERCENT_HP_LOSS","seed_source_timestamp":33080564837727,"circlet_count":0,"master_deck":["Defend_R","Defend_R","Defend_R","Defend_R","Bash+1","Fire Breathing+1","Pommel Strike","Flex","Flame Barrier+1","Pommel Strike+1","Thunderclap+1","Power Through","Anger+1","Metallicize+1","Limit Break","Body Slam+1","Battle Trance+1","Bite+1","Bite+1","Bite+1","Bite+1","Iron Wave+1","Blood for Blood+1","Berserk","Sadistic Nature+1","Normality","Doubt","Second Wind+1"],"relics":["Burning Blood","Thread and Needle","Molten Egg 2","MawBank","Whetstone","Calling Bell","Bronze Scales","Kunai","Calipers","Dodecahedron","Mummified Hand","Astrolabe"],"potions_floor_usage":[10,16,33,33,33,35],"damage_taken":[{"damage":0,"enemies":"Cultist","floor":1,"turns":4},{"damage":0,"enemies":"2 Louse","floor":2,"turns":4},{"damage":33,"enemies":"3 Sentries","floor":6,"turns":10},{"damage":1,"enemies":"Small Slimes","floor":7,"turns":4},{"damage":3,"enemies":"2 Fungi Beasts","floor":8,"turns":4},{"damage":6,"enemies":"Gremlin Nob","floor":10,"turns":5},{"damage":13,"enemies":"Large Slime","floor":11,"turns":5},{"damage":3,"enemies":"Blue Slaver","floor":12,"turns":5},{"damage":2,"enemies":"3 Louse","floor":13,"turns":2},{"damage":3,"enemies":"Looter","floor":14,"turns":3},{"damage":30,"enemies":"The Guardian","floor":16,"turns":10},{"damage":13,"enemies":"Spheric Guardian","floor":18,"turns":5},{"damage":2,"enemies":"2 Thieves","floor":20,"turns":4},{"damage":12,"enemies":"Sentry and Sphere","floor":23,"turns":4},{"damage":0,"enemies":"Cultist and Chosen","floor":27,"turns":6},{"damage":14,"enemies":"Snake Plant","floor":28,"turns":3},{"damage":0,"enemies":"Snecko","floor":29,"turns":5},{"damage":20,"enemies":"Shelled Parasite and Fungi","floor":31,"turns":5},{"damage":54,"enemies":"Automaton","floor":33,"turns":13},{"damage":51,"enemies":"3 Darklings","floor":35,"turns":5},{"damage":52,"enemies":"Orb Walker","floor":36,"turns":5}],"seed_played":"-2039619760676758157","potions_obtained":[{"floor":1,"key":"AttackPotion"},{"floor":6,"key":"Weak Potion"},{"floor":11,"key":"SkillPotion"},{"floor":13,"key":"Block Potion"},{"floor":18,"key":"FearPotion"},{"floor":33,"key":"BloodPotion"}],"is_trial":false,"path_per_floor":["M","M","?","?","?","E","M","M","T","E","M","M","M","M","R","B",null,"M","$","M","?","?","M","?","R","T","M","M","M","R","M","R","B",null,"M","M"],"character_chosen":"IRONCLAD","items_purchased":["Dodecahedron"],"campfire_rested":0,"item_purchase_floors":[19],"current_hp_per_floor":[72,72,61,61,61,34,39,42,42,42,35,38,42,45,45,21,72,65,65,69,50,50,50,42,42,42,55,47,55,55,50,50,23,55,32,0],"gold":498,"neow_bonus":"ONE_RARE_RELIC","is_prod":false,"is_daily":false,"chose_seed":false,"campfire_upgraded":4,"win_rate":0.0,"timestamp":1565374726,"path_taken":["M","?","?","?","?","E","M","M","T","E","M","M","M","M","R","BOSS","M","$","M","?","?","M","?","R","T","M","M","M","R","M","R","BOSS","M","M"],"build_version":"2019-07-17","purchased_purges":1,"victory":false,"max_hp_per_floor":[72,72,72,72,72,72,72,72,72,72,72,72,72,72,72,72,72,72,72,72,50,50,50,55,55,55,55,55,55,55,55,55,55,55,55,55],"card_choices":[{"not_picked":["Corruption","Carnage"],"picked":"Fire Breathing","floor":1},{"not_picked":["Disarm","Cleave"],"picked":"Pommel Strike","floor":2},{"not_picked":["Carnage","True Grit"],"picked":"Flex","floor":6},{"not_picked":["Warcry","True Grit"],"picked":"Flame Barrier","floor":7},{"not_picked":["Pummel+1","Warcry"],"picked":"Pommel Strike+1","floor":8},{"not_picked":["Dropkick+1","Clothesline+1"],"picked":"Thunderclap+1","floor":10},{"not_picked":["Whirlwind+1","Second Wind"],"picked":"Power Through","floor":11},{"not_picked":["Ghostly Armor","Body Slam+1"],"picked":"Anger+1","floor":12},{"not_picked":["Berserk","Dropkick+1"],"picked":"Metallicize","floor":13},{"not_picked":["Entrench","Shockwave","Rupture"],"picked":"SKIP","floor":14},{"not_picked":["Berserk","Feed+1"],"picked":"Limit Break","floor":16},{"not_picked":["Armaments","Perfected Strike+1"],"picked":"Body Slam+1","floor":18},{"not_picked":["Armaments","Headbutt+1"],"picked":"Battle Trance","floor":20},{"not_picked":["Armaments+1","Pommel Strike+1","Rupture"],"picked":"SKIP","floor":23},{"not_picked":["Berserk","Sword Boomerang+1"],"picked":"Iron Wave+1","floor":27},{"not_picked":["Twin Strike+1","Clothesline+1","Perfected Strike+1"],"picked":"SKIP","floor":28},{"not_picked":["Intimidate","Twin Strike+1"],"picked":"Blood for Blood+1","floor":29},{"not_picked":["Disarm","Shockwave","Cleave+1"],"picked":"SKIP","floor":31},{"not_picked":["Bludgeon+1","Dark Embrace"],"picked":"Berserk","floor":33},{"not_picked":["Blood for Blood+1","Heavy Blade+1"],"picked":"Second Wind+1","floor":35}],"player_experience":18805,"relics_obtained":[{"floor":6,"key":"Molten Egg 2"},{"floor":9,"key":"MawBank"},{"floor":10,"key":"Whetstone"},{"floor":17,"key":"Bronze Scales"},{"floor":17,"key":"Kunai"},{"floor":17,"key":"Calipers"}],"event_choices":[{"damage_healed":0,"gold_gain":75,"player_choice":"Gather Gold","damage_taken":11,"max_hp_gain":0,"max_hp_loss":0,"event_name":"World of Goop","floor":3,"gold_loss":0},{"damage_healed":0,"gold_gain":175,"player_choice":"AGREE","damage_taken":0,"max_hp_gain":0,"max_hp_loss":0,"event_name":"Liars Game","floor":4,"gold_loss":0,"cards_obtained":["Doubt"]},{"cards_removed":["Doubt"],"damage_healed":0,"gold_gain":0,"player_choice":"Card Removal","damage_taken":0,"max_hp_gain":0,"max_hp_loss":0,"event_name":"The Cleric","floor":5,"gold_loss":50},{"damage_healed":0,"gold_gain":0,"player_choice":"Became a vampire","damage_taken":0,"max_hp_gain":0,"max_hp_loss":22,"event_name":"Vampires","floor":21,"gold_loss":0,"cards_obtained":["Bite","Bite","Bite","Bite","Bite"]},{"damage_healed":0,"gold_gain":0,"player_choice":"Obtained Relic","damage_taken":0,"relics_obtained":["Mummified Hand"],"max_hp_gain":0,"max_hp_loss":0,"event_name":"Addict","floor":22,"gold_loss":85},{"damage_healed":0,"gold_gain":0,"player_choice":"Shed Blood","damage_taken":13,"max_hp_gain":5,"max_hp_loss":0,"event_name":"Forgotten Altar","floor":24,"gold_loss":0}],"is_beta":false,"boss_relics":[{"not_picked":["Lizard Tail","Philosopher\u0027s Stone"],"picked":"Calling Bell"},{"not_picked":["Runic Pyramid","Cursed Key"],"picked":"Astrolabe"}],"items_purged_floors":[19],"is_endless":false,"potions_floor_spawned":[1,6,11,13,18,27,29,33],"killed_by":"Orb Walker","ascension_level":0}