{"gold_per_floor":[116,133,133,58,68,68,103,103,103,103,134,134,168,148,148,225,225,238,253,266,266,266],"floor_reached":22,"playtime":646,"items_purged":["Strike_G"],"score":384,"play_id":"f4a86246-d337-4cce-84cc-9e43afd81e2c","local_time":"20190506225605","is_ascension_mode":true,"campfire_choices":[{"data":"Neutralize","floor":6,"key":"SMITH"},{"floor":8,"key":"REST"},{"data":"Poisoned Stab","floor":10,"key":"SMITH"},{"floor":12,"key":"REST"},{"data":"Infinite Blades","floor":15,"key":"SMITH"}],"neow_cost":"TEN_PERCENT_HP_LOSS","seed_source_timestamp":2264534611064083,"circlet_count":0,"master_deck":["AscendersBane","Defend_G","Defend_G","Defend_G","Defend_G","Defend_G","Strike_G","Strike_G","Survivor","Neutralize+1","Infinite Blades+1","Predator","Noxious Fumes+1","Blur","Poisoned Stab+1","After Image","Backflip","Bane"],"relics":["Ring of the Snake","Pocketwatch","Singing Bowl","Lantern","Orichalcum","Black Star","Tough Bandages"],"potions_floor_usage":[19,19],"damage_taken":[{"damage":7,"enemies":"Jaw Worm","floor":1,"turns":5},{"damage":5,"enemies":"Small Slimes","floor":2,"turns":4},{"damage":0,"enemies":"Cultist","floor":5,"turns":3},{"damage":25,"enemies":"Lagavulin","floor":7,"turns":8},{"damage":19,"enemies":"Gremlin Nob","floor":11,"turns":4},{"damage":12,"enemies":"3 Sentries","floor":13,"turns":7},{"damage":6,"enemies":"Hexaghost","floor":16,"turns":8},{"damage":33,"enemies":"3 Byrds","floor":18,"turns":9},{"damage":9,"enemies":"2 Thieves","floor":19,"turns":5},{"damage":7,"enemies":"Snake Plant","floor":20,"turns":5},{"damage":6,"enemies":"3 Cultists","floor":22,"turns":3}],"seed_played":"-7262777407591059822","potions_obtained":[{"floor":1,"key":"SteroidPotion"},{"floor":2,"key":"Poison Potion"},{"floor":16,"key":"Dexterity Potion"},{"floor":19,"key":"Poison Potion"}],"is_trial":false,"path_per_floor":["M","M","?","$","M","R","E","R","T","R","E","R","E","?","R","B",null,"M","M","M","T","M"],"character_chosen":"THE_SILENT","items_purchased":[],"campfire_rested":2,"item_purchase_floors":[],"current_hp_per_floor":[52,47,47,47,47,47,22,40,40,40,23,41,31,31,31,25,54,23,14,7,7,1],"gold":266,"neow_bonus":"TRANSFORM_TWO_CARDS","is_prod":false,"is_daily":false,"chose_seed":false,"campfire_upgraded":3,"win_rate":0,"timestamp":1557197765,"path_taken":["M","M","?","$","M","R","E","R","T","R","E","R","E","?","R","BOSS","M","?","?","?","M"],"build_version":"2019-01-23","purchased_purges":1,"victory":false,"max_hp_per_floor":[60,60,60,60,60,60,60,60,60,60,62,62,64,64,64,64,64,66,66,66,66,66],"card_choices":[{"not_picked":["Backflip","Slice"],"picked":"Noxious Fumes","floor":1},{"not_picked":["Underhanded Strike","Bane","Acrobatics"],"picked":"SKIP","floor":2},{"not_picked":["Underhanded Strike","Dodge and Roll"],"picked":"Blur","floor":5},{"not_picked":["Calculated Gamble","Dodge and Roll"],"picked":"Poisoned Stab","floor":7},{"not_picked":["Outmaneuver","Deflect","Reflex"],"picked":"Singing Bowl","floor":11},{"not_picked":["Dagger Spray","Reflex","Deflect"],"picked":"Singing Bowl","floor":13},{"not_picked":["Doppelganger","Glass Knife"],"picked":"After Image","floor":16},{"not_picked":["Sucker Punch","Acrobatics","Dagger Spray"],"picked":"Singing Bowl","floor":18},{"not_picked":["Deadly Poison","Flying Knee+1"],"picked":"Backflip","floor":19},{"not_picked":["A Thousand Cuts","Sucker Punch"],"picked":"Bane","floor":20}],"player_experience":336906,"relics_obtained":[{"floor":7,"key":"Pocketwatch"},{"floor":9,"key":"Singing Bowl"},{"floor":11,"key":"Lantern"},{"floor":13,"key":"Orichalcum"},{"floor":21,"key":"Tough Bandages"}],"event_choices":[{"damage_healed":0,"gold_gain":0,"player_choice":"Grow","damage_taken":0,"max_hp_gain":0,"max_hp_loss":0,"event_name":"Living Wall","floor":3,"gold_loss":0,"cards_upgraded":["Noxious Fumes"]},{"damage_healed":0,"gold_gain":0,"player_choice":"Bought 1 Potion","damage_taken":0,"max_hp_gain":0,"max_hp_loss":0,"event_name":"The Woman in Blue","floor":14,"gold_loss":0}],"is_beta":false,"boss_relics":[{"not_picked":["Empty Cage","Philosopher\u0027s Stone"],"picked":"Black Star"}],"items_purged_floors":[4],"is_endless":false,"potions_floor_spawned":[1,2,5,16,19],"killed_by":"3 Cultists","ascension_level":18}