{"gold_per_floor":[118,138,149,74,74,99,99,115,115,115,143,160,160,179,179,179],"floor_reached":16,"playtime":275,"items_purged":["Strike_G"],"score":274,"play_id":"25859d5d-f423-4cd8-bd0f-1e71ea0a26e1","local_time":"20190823185300","is_ascension_mode":true,"campfire_choices":[{"floor":7,"key":"REST"},{"floor":10,"key":"REST"},{"data":"Backstab","floor":13,"key":"SMITH"},{"data":"Backstab","floor":15,"key":"SMITH"}],"neow_cost":"NONE","seed_source_timestamp":593079337763274,"circlet_count":0,"master_deck":["AscendersBane","Strike_G","Strike_G","Strike_G","Strike_G","Defend_G","Defend_G","Defend_G","Defend_G","Defend_G","Survivor","Neutralize","Predator","Backstab+1","Backstab+1","PiercingWail","Deadly Poison","Deflect"],"relics":["Ring of the Snake","NeowsBlessing","Bag of Marbles","Turnip","Question Card","Snake Skull"],"potions_floor_usage":[6,11,16,16],"damage_taken":[{"damage":0,"enemies":"Cultist","floor":1,"turns":1},{"damage":0,"enemies":"2 Louse","floor":2,"turns":1},{"damage":0,"enemies":"Small Slimes","floor":3,"turns":1},{"damage":40,"enemies":"Lagavulin","floor":6,"turns":7},{"damage":0,"enemies":"Blue Slaver","floor":8,"turns":2},{"damage":0,"enemies":"Gremlin Nob","floor":11,"turns":2},{"damage":0,"enemies":"Red Slaver","floor":12,"turns":1},{"damage":8,"enemies":"Large Slime","floor":14,"turns":4},{"damage":10,"enemies":"Slime Boss","floor":16,"turns":8}],"seed_played":"-3539657555284163947","potions_obtained":[{"floor":1,"key":"Poison Potion"},{"floor":6,"key":"Fire Potion"},{"floor":8,"key":"Strength Potion"},{"floor":14,"key":"SpeedPotion"}],"is_trial":false,"path_per_floor":["M","M","M","$","?","E","R","M","T","R","E","M","R","M","R","B"],"character_chosen":"THE_SILENT","items_purchased":[],"campfire_rested":2,"item_purchase_floors":[],"current_hp_per_floor":[59,59,59,59,41,1,20,20,20,39,39,39,39,31,31,21],"gold":179,"neow_bonus":"THREE_ENEMY_KILL","is_prod":false,"is_daily":false,"chose_seed":false,"campfire_upgraded":2,"win_rate":0,"timestamp":1566600780,"path_taken":["M","?","M","$","?","E","R","M","T","R","E","M","R","M","R","BOSS"],"build_version":"2019-07-17","purchased_purges":1,"victory":false,"max_hp_per_floor":[66,66,66,66,66,66,66,66,66,66,66,66,66,66,66,66],"card_choices":[{"not_picked":["Acrobatics","Deflect"],"picked":"Predator","floor":1},{"not_picked":["Setup","Well Laid Plans"],"picked":"Backstab","floor":2},{"not_picked":["Cloak And Dagger","Deadly Poison"],"picked":"Backstab","floor":3},{"not_picked":["Backflip","Venomology"],"picked":"PiercingWail","floor":6},{"not_picked":["Heel Hook","Riddle With Holes","Accuracy"],"picked":"SKIP","floor":8},{"not_picked":["Catalyst","Phantasmal Killer","Accuracy"],"picked":"Deadly Poison","floor":11},{"not_picked":["Sucker Punch","Heel Hook","Setup"],"picked":"Deflect","floor":12},{"not_picked":["Slice","Outmaneuver","Dagger Throw","Quick Slash"],"picked":"SKIP","floor":14}],"player_experience":590085,"relics_obtained":[{"floor":6,"key":"Turnip"},{"floor":9,"key":"Question Card"},{"floor":11,"key":"Snake Skull"}],"event_choices":[{"damage_healed":0,"gold_gain":0,"player_choice":"Success","damage_taken":18,"relics_obtained":["Bag of Marbles"],"max_hp_gain":0,"max_hp_loss":0,"event_name":"Scrap Ooze","floor":5,"gold_loss":0}],"is_beta":false,"boss_relics":[],"items_purged_floors":[4],"is_endless":false,"potions_floor_spawned":[1,6,8,14],"killed_by":"Slime Boss","ascension_level":20}