{"gold_per_floor":[12,58,78,90,70,104,104,169,169,180,180,180,17,36,36,36],"floor_reached":16,"playtime":340,"items_purged":["Strike_B"],"score":220,"play_id":"ebd21ec8-bc5f-4eff-84b5-ec83a5bae240","local_time":"20190714003457","is_ascension_mode":true,"campfire_choices":[{"data":"Ball Lightning","floor":7.0,"key":"SMITH"},{"floor":12.0,"key":"REST"},{"data":"Loop","floor":15.0,"key":"SMITH"}],"neow_cost":"NO_GOLD","seed_source_timestamp":24777492653078,"circlet_count":0,"master_deck":["AscendersBane","Strike_B","Strike_B","Strike_B","Defend_B","Defend_B","Defend_B","Defend_B","Zap+1","Dualcast","Chill+1","Ball Lightning+1","Capacitor","Coolheaded","Gash","Loop+1","Amplify"],"special_seed":0,"relics":["Cracked Core","WingedGreaves","Dream Catcher","War Paint","Tiny Chest","Shuriken"],"potions_floor_usage":[16,16],"damage_taken":[{"damage":6.0,"enemies":"Cultist","floor":1.0,"turns":4.0},{"damage":7.0,"enemies":"Jaw Worm","floor":3.0,"turns":4.0},{"damage":6.0,"enemies":"Small Slimes","floor":4.0,"turns":3.0},{"damage":11.0,"enemies":"Gremlin Nob","floor":6.0,"turns":3.0},{"damage":25.0,"enemies":"3 Sentries","floor":8.0,"turns":9.0},{"damage":0.0,"enemies":"Looter","floor":10.0,"turns":3.0},{"damage":7.0,"enemies":"2 Fungi Beasts","floor":14.0,"turns":3.0},{"damage":32,"enemies":"The Guardian","floor":16,"turns":2}],"seed_played":"405427532804550541","potions_obtained":[{"floor":1.0,"key":"AttackPotion"},{"floor":3.0,"key":"Fire Potion"},{"floor":8.0,"key":"Energy Potion"},{"floor":14.0,"key":"GamblersBrew"}],"is_trial":false,"path_per_floor":["M","T","M","M","?","E","R","E","T","M","?","R","$","M","R","B"],"character_chosen":"DEFECT","items_purchased":["Loop"],"campfire_rested":1,"item_purchase_floors":[13],"current_hp_per_floor":[58,58,51,45,45,34,34,9,9,9,4,25,25,18,18,0],"gold":36,"neow_bonus":"ONE_RARE_RELIC","is_prod":false,"is_daily":false,"chose_seed":false,"campfire_upgraded":2,"win_rate":0,"timestamp":1563078897,"path_taken":["M","?","M","?","?","E","R","E","T","?","?","R","$","M","R","BOSS"],"build_version":"2019-07-05","purchased_purges":1,"victory":false,"max_hp_per_floor":[71,71,71,71,71,71,71,71,71,71,71,71,71,71,71,71],"card_choices":[{"not_picked":["Loop","Turbo"],"picked":"Chill","floor":1.0},{"not_picked":["Steam","Go for the Eyes"],"picked":"Ball Lightning","floor":3.0},{"not_picked":["Steam","Rebound","BootSequence"],"picked":"SKIP","floor":4.0},{"not_picked":["Seek","Hologram"],"picked":"Capacitor","floor":6.0},{"not_picked":["Rebound","Barrage"],"picked":"Coolheaded","floor":8.0},{"not_picked":["All For One","Steam Power","Go for the Eyes"],"picked":"SKIP","floor":10.0},{"not_picked":["Beam Cell","Chaos"],"picked":"Gash","floor":12.0},{"not_picked":["Go for the Eyes","Sweeping Beam"],"picked":"Amplify","floor":14.0}],"player_experience":517552,"relics_obtained":[{"floor":2.0,"key":"Dream Catcher"},{"floor":6.0,"key":"War Paint"},{"floor":8.0,"key":"Tiny Chest"},{"floor":9.0,"key":"Shuriken"}],"event_choices":[{"damage_healed":0.0,"max_hp_gain":0.0,"max_hp_loss":0.0,"gold_gain":0.0,"event_name":"The Woman in Blue","player_choice":"Bought 1 Potion","floor":5.0,"gold_loss":0.0,"damage_taken":0.0},{"damage_healed":0.0,"max_hp_gain":0.0,"max_hp_loss":0.0,"gold_gain":0.0,"event_name":"Scrap Ooze","player_choice":"Fled","floor":11.0,"gold_loss":0.0,"damage_taken":5.0}],"is_beta":false,"boss_relics":[],"items_purged_floors":[13],"is_endless":false,"potions_floor_spawned":[1,3,8,14],"killed_by":"The Guardian","ascension_level":20}