{"gold_per_floor":[118,118,131,131,141,141,161,161,161,176,141,141,154,173,173,247,247,260,271,271,289,301,301,328,70,70,70,85,104,104,104,104,181,181,199,213,213,213,233,233,233],"floor_reached":41,"playtime":1742,"items_purged":[],"score":814,"play_id":"6e168ac4-ed1c-4851-bf06-14ca8c04f589","local_time":"20190818040509","is_ascension_mode":true,"campfire_choices":[{"data":"Zap","floor":6.0,"key":"SMITH"},{"data":"Defragment","floor":8.0,"key":"SMITH"},{"data":"White Noise","floor":12.0,"key":"SMITH"},{"data":"Cold Snap","floor":15.0,"key":"SMITH"},{"floor":23.0,"key":"REST"},{"floor":30.0,"key":"REST"},{"floor":32.0,"key":"REST"},{"data":"Buffer","floor":40.0,"key":"SMITH"}],"neow_cost":"NONE","seed_source_timestamp":219588361354934,"circlet_count":0,"master_deck":["AscendersBane","Defend_B","Defend_B","Defend_B","Defend_B","Zap+1","Dualcast","Cold Snap+1","Coolheaded","Ball Lightning","Defragment+1","White Noise+1","Leap","Leap","Seek","Sunder+1","Sweeping Beam+1","Fusion+1","Coolheaded","Compile Driver","Leap+1","Beam Cell","Coolheaded","Echo Form","Dark Shackles","Seek","Buffer+1","Hologram","Blizzard+1","Hologram+1"],"special_seed":0,"relics":["Cracked Core","Regal Pillow","Cables","Astrolabe","Ginger","Singing Bowl","Cursed Key"],"potions_floor_usage":[41],"damage_taken":[{"damage":0.0,"enemies":"Small Slimes","floor":1.0,"turns":4.0},{"damage":7.0,"enemies":"Jaw Worm","floor":3.0,"turns":3.0},{"damage":0.0,"enemies":"2 Louse","floor":5.0,"turns":3.0},{"damage":30.0,"enemies":"Exordium Thugs","floor":7.0,"turns":3.0},{"damage":6.0,"enemies":"Looter","floor":10.0,"turns":2.0},{"damage":10.0,"enemies":"Red Slaver","floor":13.0,"turns":2.0},{"damage":0.0,"enemies":"Large Slime","floor":14.0,"turns":5.0},{"damage":15.0,"enemies":"Hexaghost","floor":16.0,"turns":10.0},{"damage":6.0,"enemies":"Chosen","floor":18.0,"turns":5.0},{"damage":4.0,"enemies":"Spheric Guardian","floor":19.0,"turns":3.0},{"damage":21.0,"enemies":"Centurion and Healer","floor":21.0,"turns":8.0},{"damage":8.0,"enemies":"3 Cultists","floor":22.0,"turns":4.0},{"damage":45.0,"enemies":"Slavers","floor":24.0,"turns":4.0},{"damage":6.0,"enemies":"Snecko","floor":28.0,"turns":6.0},{"damage":3.0,"enemies":"Snake Plant","floor":29.0,"turns":5.0},{"damage":15.0,"enemies":"Champ","floor":33.0,"turns":9.0},{"damage":0.0,"enemies":"3 Shapes","floor":35.0,"turns":6.0},{"damage":9.0,"enemies":"Orb Walker","floor":36.0,"turns":4.0},{"damage":8.0,"enemies":"Spire Growth","floor":39.0,"turns":6.0},{"damage":70,"enemies":"Reptomancer","floor":41,"turns":2}],"seed_played":"7665026951559880453","potions_obtained":[{"floor":1.0,"key":"Regen Potion"},{"floor":7.0,"key":"Strength Potion"},{"floor":13.0,"key":"Swift Potion"},{"floor":16.0,"key":"LiquidBronze"},{"floor":21.0,"key":"AttackPotion"},{"floor":24.0,"key":"Energy Potion"},{"floor":28.0,"key":"PowerPotion"},{"floor":29.0,"key":"SkillPotion"},{"floor":33.0,"key":"SpeedPotion"},{"floor":39.0,"key":"PowerPotion"}],"is_trial":false,"path_per_floor":["M","?","M","?","M","R","M","R","T","M","?","R","M","M","R","B",null,"M","M","?","M","M","R","E","$","T","?","M","M","R","$","R","B",null,"M","M","?","?","M","R","E"],"character_chosen":"DEFECT","items_purchased":["Echo Form","Dark Shackles"],"campfire_rested":3,"item_purchase_floors":[25,25],"current_hp_per_floor":[64,38,31,36,36,36,15,15,15,9,28,28,18,18,18,3,58,52,48,48,27,19,56,11,11,11,11,7,4,42,42,78,63,74,74,65,65,65,57,57,0],"gold":233,"neow_bonus":"RANDOM_COMMON_RELIC","is_prod":false,"is_daily":false,"chose_seed":false,"campfire_upgraded":5,"win_rate":0,"timestamp":1566126309,"path_taken":["M","?","M","?","M","R","M","R","T","M","?","R","?","M","R","BOSS","M","M","?","M","?","R","E","$","T","?","M","M","R","$","R","BOSS","M","M","?","?","M","R","E"],"build_version":"2019-08-15","purchased_purges":0,"victory":false,"max_hp_per_floor":[71,71,71,76,76,76,76,76,76,76,76,76,76,76,76,76,76,76,76,76,76,76,76,76,76,76,76,78,78,78,78,78,78,78,78,78,78,78,78,78,78],"card_choices":[{"not_picked":["Melter","Doom and Gloom"],"picked":"Cold Snap","floor":1.0},{"not_picked":["Storm","Leap"],"picked":"Coolheaded","floor":3.0},{"not_picked":["Tempest","Redo"],"picked":"Ball Lightning","floor":5.0},{"not_picked":["Steam","Static Discharge"],"picked":"Defragment","floor":7.0},{"not_picked":["Barrage","Darkness"],"picked":"White Noise","floor":10.0},{"not_picked":["White Noise","Force Field"],"picked":"Leap","floor":13.0},{"not_picked":["Rebound","Sweeping Beam"],"picked":"Leap","floor":14.0},{"not_picked":["Hyperbeam","Meteor Strike"],"picked":"Seek","floor":16.0},{"not_picked":["Redo","Turbo"],"picked":"Coolheaded","floor":18.0},{"not_picked":["Redo","Stack"],"picked":"Compile Driver","floor":19.0},{"not_picked":["Gash+1","Sweeping Beam"],"picked":"Leap+1","floor":21.0},{"not_picked":["Ball Lightning","Streamline"],"picked":"Beam Cell","floor":22.0},{"not_picked":["Lockon","Rip and Tear"],"picked":"Coolheaded","floor":24.0},{"not_picked":["Conserve Battery","Darkness","Steam Power+1"],"picked":"Singing Bowl","floor":28.0},{"not_picked":["Beam Cell+1","Stack"],"picked":"Seek","floor":29.0},{"not_picked":["Meteor Strike","Biased Cognition"],"picked":"Buffer","floor":33.0},{"not_picked":["Gash","Steam"],"picked":"Hologram","floor":35.0},{"not_picked":["Turbo","Cold Snap"],"picked":"Blizzard+1","floor":36.0},{"not_picked":["Steam Power","Beam Cell"],"picked":"Hologram+1","floor":39.0}],"player_experience":2987472,"relics_obtained":[{"floor":24.0,"key":"Ginger"},{"floor":26.0,"key":"Singing Bowl"}],"event_choices":[{"damage_healed":0.0,"max_hp_gain":0.0,"max_hp_loss":0.0,"gold_gain":0.0,"event_name":"Scrap Ooze","player_choice":"Success","floor":2.0,"gold_loss":0.0,"damage_taken":26.0,"relics_obtained":["Cables"]},{"damage_healed":0.0,"max_hp_gain":5.0,"max_hp_loss":0.0,"gold_gain":0.0,"event_name":"Big Fish","player_choice":"Donut","floor":4.0,"gold_loss":0.0,"damage_taken":0.0},{"damage_healed":19.0,"max_hp_gain":0.0,"max_hp_loss":0.0,"gold_gain":0.0,"event_name":"The Cleric","player_choice":"Healed","floor":11.0,"gold_loss":35.0,"damage_taken":0.0},{"cards_removed":["Strike_B"],"damage_healed":0.0,"max_hp_gain":0.0,"max_hp_loss":0.0,"gold_gain":0.0,"event_name":"Purifier","player_choice":"Purged","floor":20.0,"gold_loss":0.0,"damage_taken":0.0},{"damage_healed":0.0,"max_hp_gain":0.0,"max_hp_loss":0.0,"gold_gain":0.0,"event_name":"Cursed Tome","player_choice":"Ignored","floor":27.0,"gold_loss":0.0,"damage_taken":0.0},{"damage_healed":0.0,"max_hp_gain":0.0,"max_hp_loss":0.0,"gold_gain":0.0,"event_name":"Tomb of Lord Red Mask","player_choice":"Ignored","floor":37.0,"gold_loss":0.0,"damage_taken":0.0},{"damage_healed":0.0,"max_hp_gain":0.0,"max_hp_loss":0.0,"gold_gain":0.0,"event_name":"Mysterious Sphere","player_choice":"Ignored","floor":38.0,"gold_loss":0.0,"damage_taken":0.0}],"is_beta":true,"boss_relics":[{"not_picked":["Tiny House","Sozu"],"picked":"Astrolabe"},{"not_picked":["Fusion Hammer","Calling Bell"],"picked":"Cursed Key"}],"items_purged_floors":[],"is_endless":false,"potions_floor_spawned":[1,7,13,16,21,24,28,29,33,36,39],"killed_by":"Reptomancer","ascension_level":20}