{"gold_per_floor":[118,118,17,28,28,28,59,17,17,45,45,76,95,95,95,167,167,179,11,11,0],"floor_reached":21,"playtime":448,"items_purged":["Strike_B"],"score":436,"play_id":"b3331083-950e-49ad-b292-2c9eb7628f5f","local_time":"20190721194500","is_ascension_mode":true,"campfire_choices":[{"data":"Zap","floor":6,"key":"SMITH"},{"data":"Recycle","floor":15,"key":"SMITH"}],"neow_cost":"NONE","seed_source_timestamp":698560245722663,"circlet_count":0,"master_deck":["AscendersBane","Strike_B","Strike_B+1","Defend_B","Defend_B","Defend_B","Defend_B","Zap+1","Dualcast","Beam Cell+1","Gash+1","Compile Driver","Coolheaded","White Noise","Recycle+1","Coolheaded","Biased Cognition+1","Capacitor+1"],"relics":["Cracked Core","NeowsBlessing","Oddly Smooth Stone","Frozen Egg 2","Bag of Marbles","Whetstone","Velvet Choker","Bronze Scales","NlothsMask"],"potions_floor_usage":[12,12],"damage_taken":[{"damage":0,"enemies":"Jaw Worm","floor":1,"turns":1},{"damage":0,"enemies":"Cultist","floor":4,"turns":1},{"damage":0,"enemies":"Gremlin Nob","floor":7,"turns":1},{"damage":13,"enemies":"Lagavulin","floor":10,"turns":5},{"damage":40,"enemies":"Gremlin Nob","floor":12,"turns":4},{"damage":0,"enemies":"2 Louse","floor":13,"turns":1},{"damage":12,"enemies":"The Guardian","floor":16,"turns":12},{"damage":26,"enemies":"3 Byrds","floor":18,"turns":4},{"damage":38,"enemies":"2 Thieves","floor":21,"turns":2}],"seed_played":"4440064755598773151","potions_obtained":[{"floor":1,"key":"FocusPotion"},{"floor":10,"key":"Regen Potion"},{"floor":16,"key":"Dexterity Potion"}],"is_trial":false,"path_per_floor":["M","?","$","M","?","R","E","$","T","E","?","E","M","?","R","B",null,"M","$","?","M"],"character_chosen":"DEFECT","items_purchased":["Gash","White Noise","Bronze Scales"],"campfire_rested":0,"item_purchase_floors":[3,8,19],"current_hp_per_floor":[64,64,64,64,64,64,64,64,64,51,71,36,36,41,41,29,64,38,38,38,0],"gold":0,"neow_bonus":"THREE_ENEMY_KILL","is_prod":false,"is_daily":false,"chose_seed":false,"campfire_upgraded":2,"win_rate":0,"timestamp":1563752700,"path_taken":["M","?","$","?","?","R","E","$","T","E","?","E","?","?","R","BOSS","M","$","?","?"],"build_version":"2019-07-17","purchased_purges":1,"victory":false,"max_hp_per_floor":[71,71,71,71,71,71,71,71,71,71,71,71,71,76,76,76,76,76,76,76,76],"card_choices":[{"not_picked":["Static Discharge","Turbo"],"picked":"Beam Cell","floor":1},{"not_picked":["Barrage","Storm"],"picked":"Compile Driver","floor":4},{"not_picked":["Rebound","Hyperbeam"],"picked":"Coolheaded","floor":7},{"not_picked":["Redo","Chaos","Rainbow"],"picked":"SKIP","floor":10},{"not_picked":["Redo","Skim"],"picked":"Recycle","floor":12},{"not_picked":["Storm+1","Reinforced Body"],"picked":"Coolheaded","floor":13},{"not_picked":["Buffer+1","Machine Learning+1"],"picked":"Biased Cognition+1","floor":16},{"not_picked":["Scrape","Ball Lightning"],"picked":"Capacitor+1","floor":18}],"player_experience":541107,"relics_obtained":[{"floor":7,"key":"Oddly Smooth Stone"},{"floor":9,"key":"Frozen Egg 2"},{"floor":10,"key":"Bag of Marbles"},{"floor":12,"key":"Whetstone"}],"event_choices":[{"damage_healed":0,"gold_gain":0,"cards_transformed":["Strike_B"],"player_choice":"Transformed","damage_taken":0,"max_hp_gain":0,"max_hp_loss":0,"event_name":"Transmorgrifier","floor":2,"gold_loss":0,"cards_obtained":["Skim"]},{"damage_healed":0,"gold_gain":0,"player_choice":"Grow","damage_taken":0,"max_hp_gain":0,"max_hp_loss":0,"event_name":"Living Wall","floor":5,"gold_loss":0,"cards_upgraded":["Beam Cell"]},{"cards_removed":["Skim"],"damage_healed":20,"gold_gain":0,"player_choice":"Offered Uncommon","damage_taken":0,"max_hp_gain":0,"max_hp_loss":0,"event_name":"Bonfire Elementals","floor":11,"gold_loss":0},{"damage_healed":0,"gold_gain":0,"player_choice":"Donut","damage_taken":0,"max_hp_gain":5,"max_hp_loss":0,"event_name":"Big Fish","floor":14,"gold_loss":0},{"damage_healed":0,"gold_gain":0,"player_choice":"Trade","damage_taken":0,"relics_obtained":["NlothsMask"],"max_hp_gain":0,"max_hp_loss":0,"event_name":"FaceTrader","floor":20,"gold_loss":0}],"is_beta":false,"boss_relics":[{"not_picked":["Tiny House","Black Star"],"picked":"Velvet Choker"}],"items_purged_floors":[3],"is_endless":false,"potions_floor_spawned":[1,10,16],"killed_by":"2 Thieves","ascension_level":20}