{"gold_per_floor":[111,121,71,83,99,130,130,140,140,140,65,79,108,125,125,199,199,214,229,37,53,53,53,71,71,71,71,82,82,97,97],"floor_reached":31,"playtime":1506,"items_purged":["Strike_R","Strike_R"],"score":398,"play_id":"84ffe1a6-2df6-47b7-a61d-45fc5f4cf57f","local_time":"20190903040741","is_ascension_mode":true,"campfire_choices":[{"data":"Body Slam","floor":7,"key":"SMITH"},{"data":"Barricade","floor":10,"key":"SMITH"},{"floor":15,"key":"REST"},{"data":"Body Slam","floor":23,"key":"SMITH"},{"data":"Whirlwind","floor":25,"key":"SMITH"}],"neow_cost":"NONE","seed_source_timestamp":44435016885813,"circlet_count":0,"master_deck":["AscendersBane","Strike_R","Defend_R","Defend_R","Defend_R","Defend_R","Bash","Fiend Fire","Body Slam+1","Thunderclap","Barricade+1","Battle Trance","Entrench+1","Whirlwind+1","Body Slam+1","Metallicize"],"relics":["Burning Blood","Pen Nib","Self Forming Clay","Odd Mushroom","Coffee Dripper","Turnip","Blood Vial"],"potions_floor_usage":[6,6,13,24,30],"damage_taken":[{"damage":1,"enemies":"Cultist","floor":1,"turns":3},{"damage":3,"enemies":"2 Louse","floor":2,"turns":3},{"damage":7,"enemies":"Jaw Worm","floor":4,"turns":3},{"damage":13,"enemies":"3 Louse","floor":5,"turns":4},{"damage":32,"enemies":"3 Sentries","floor":6,"turns":9},{"damage":22,"enemies":"2 Fungi Beasts","floor":8,"turns":4},{"damage":11,"enemies":"Lots of Slimes","floor":12,"turns":4},{"damage":17,"enemies":"The Mushroom Lair","floor":13,"turns":4},{"damage":11,"enemies":"Gremlin Gang","floor":14,"turns":3},{"damage":8,"enemies":"Hexaghost","floor":16,"turns":10},{"damage":31,"enemies":"2 Thieves","floor":18,"turns":4},{"damage":2,"enemies":"Chosen","floor":19,"turns":4},{"damage":18,"enemies":"Snake Plant","floor":21,"turns":5},{"damage":14,"enemies":"Cultist and Chosen","floor":24,"turns":6},{"damage":0,"enemies":"Centurion and Healer","floor":28,"turns":6},{"damage":14,"enemies":"Chosen and Byrds","floor":30,"turns":5},{"damage":33,"enemies":"Cultist and Chosen","floor":31,"turns":4}],"seed_played":"160789745637118447","potions_obtained":[{"floor":2,"key":"Dexterity Potion"},{"floor":4,"key":"Energy Potion"},{"floor":6,"key":"GamblersBrew"},{"floor":12,"key":"Fire Potion"},{"floor":14,"key":"Swift Potion"},{"floor":18,"key":"PowerPotion"}],"is_trial":false,"path_per_floor":["M","M","?","M","M","E","R","M","T","R","$","M","?","M","R","B",null,"M","M","$","M","?","R","M","R","T","$","M","T","M","M"],"character_chosen":"IRONCLAD","items_purchased":["Body Slam","Metallicize"],"campfire_rested":1,"item_purchase_floors":[20,20],"current_hp_per_floor":[77,80,80,79,72,46,46,30,30,30,30,25,14,9,33,31,68,43,47,47,35,35,35,27,27,27,27,33,33,27,0],"gold":97,"neow_bonus":"TRANSFORM_CARD","is_prod":false,"is_daily":false,"chose_seed":false,"campfire_upgraded":4,"win_rate":0,"timestamp":1567476461,"path_taken":["M","?","?","M","M","E","R","M","T","R","$","M","?","M","R","BOSS","M","M","$","M","?","R","?","R","T","?","M","?","M","M"],"build_version":"2019-07-17","purchased_purges":2,"victory":false,"max_hp_per_floor":[80,80,80,80,80,80,80,80,80,80,80,80,80,80,80,80,80,80,80,80,80,80,80,80,80,80,80,80,80,80,80],"card_choices":[{"not_picked":["Rupture","Searing Blow"],"picked":"Body Slam","floor":1},{"not_picked":["Warcry","Headbutt","Clothesline"],"picked":"SKIP","floor":2},{"not_picked":["Clash","Flex","Anger"],"picked":"SKIP","floor":4},{"not_picked":["Twin Strike","Heavy Blade"],"picked":"Thunderclap","floor":5},{"not_picked":["Iron Wave","Hemokinesis"],"picked":"Barricade","floor":6},{"not_picked":["Headbutt","Uppercut","Twin Strike"],"picked":"SKIP","floor":8},{"not_picked":["Corruption","Twin Strike"],"picked":"Battle Trance","floor":12},{"not_picked":["Thunderclap","Iron Wave"],"picked":"Entrench","floor":13},{"not_picked":["Uppercut","Pommel Strike"],"picked":"Whirlwind","floor":14},{"not_picked":["Thunderclap","Clothesline","Perfected Strike"],"picked":"SKIP","floor":18},{"not_picked":["Cleave","Havoc","Iron Wave+1"],"picked":"SKIP","floor":19},{"not_picked":["Flex","Rampage+1","Blood for Blood"],"picked":"SKIP","floor":21},{"not_picked":["Armaments","Uppercut","Barricade"],"picked":"SKIP","floor":24},{"not_picked":["Pommel Strike","Infernal Blade","Cleave"],"picked":"SKIP","floor":28},{"not_picked":["Searing Blow","Wild Strike","Iron Wave"],"picked":"SKIP","floor":30}],"player_experience":203588,"relics_obtained":[{"floor":6,"key":"Pen Nib"},{"floor":9,"key":"Self Forming Clay"},{"floor":13,"key":"Odd Mushroom"},{"floor":26,"key":"Turnip"},{"floor":29,"key":"Blood Vial"}],"event_choices":[{"cards_removed":["Strike_R"],"damage_healed":0,"gold_gain":0,"player_choice":"Card Removal","damage_taken":0,"max_hp_gain":0,"max_hp_loss":0,"event_name":"The Cleric","floor":3,"gold_loss":50},{"damage_healed":0,"gold_gain":0,"player_choice":"Fought Mushrooms","damage_taken":0,"max_hp_gain":0,"max_hp_loss":0,"event_name":"Mushrooms","floor":13,"gold_loss":0},{"damage_healed":0,"gold_gain":0,"player_choice":"Upgraded","damage_taken":0,"max_hp_gain":0,"max_hp_loss":0,"event_name":"Upgrade Shrine","floor":22,"gold_loss":0,"cards_upgraded":["Entrench"]}],"is_beta":false,"boss_relics":[{"not_picked":["White Beast Statue","Busted Crown"],"picked":"Coffee Dripper"}],"items_purged_floors":[11,20],"is_endless":false,"potions_floor_spawned":[2,4,6,12,14,18,19],"killed_by":"Cultist and Chosen","ascension_level":13}