{"gold_per_floor":[110,128,175,175,175,206,206,237,316,316,331,331,341,29,29,29],"floor_reached":16,"playtime":300,"items_purged":[],"score":184,"play_id":"68d3994d-d590-4b02-8a75-6b73feda6fba","local_time":"20190401203532","is_ascension_mode":true,"campfire_choices":[{"data":"Cloak And Dagger","floor":7,"key":"SMITH"},{"floor":10,"key":"REST"},{"data":"Well Laid Plans","floor":12,"key":"SMITH"},{"data":"Neutralize","floor":15,"key":"SMITH"}],"neow_cost":"NONE","seed_source_timestamp":1651671035379738,"circlet_count":0,"master_deck":["AscendersBane","Defend_G+1","Defend_G+1","Defend_G","Defend_G","Defend_G","Strike_G","Strike_G","Strike_G","Strike_G","Strike_G","Survivor","Neutralize+1","Storm of Steel+1","Cloak And Dagger+1","Dagger Spray+1","Neutralize","Well Laid Plans+1","Skewer"],"relics":["Ring of the Snake","War Paint","Regal Pillow","Smiling Mask","Singing Bowl","Turnip"],"potions_floor_usage":[6],"damage_taken":[{"damage":0,"enemies":"Cultist","floor":1,"turns":4},{"damage":0,"enemies":"2 Louse","floor":2,"turns":3},{"damage":10,"enemies":"3 Sentries","floor":6,"turns":5},{"damage":26,"enemies":"Lagavulin","floor":8,"turns":7},{"damage":4,"enemies":"Jaw Worm","floor":11,"turns":2},{"damage":0,"enemies":"Looter","floor":13,"turns":3},{"damage":45,"enemies":"Slime Boss","floor":16,"turns":5}],"seed_played":"2181219010215806812","potions_obtained":[{"floor":2,"key":"SteroidPotion"},{"floor":11,"key":"SneckoOil"}],"is_trial":false,"path_per_floor":["M","M","T","?","?","E","R","E","T","R","M","R","M","$","R","B"],"character_chosen":"THE_SILENT","items_purchased":["Turnip"],"campfire_rested":1,"item_purchase_floors":[14],"current_hp_per_floor":[59,59,59,46,46,36,36,10,10,44,40,40,40,40,40,0],"gold":29,"neow_bonus":"ONE_RANDOM_RARE_CARD","is_prod":false,"is_daily":false,"chose_seed":false,"campfire_upgraded":3,"win_rate":0,"timestamp":1554165332,"path_taken":["M","M","?","?","?","E","R","E","T","R","M","R","?","?","R","BOSS"],"build_version":"2019-01-23","purchased_purges":0,"victory":false,"max_hp_per_floor":[66,66,66,66,66,66,66,66,66,66,66,66,66,66,66,66],"card_choices":[{"not_picked":["Slice","Heel Hook"],"picked":"Cloak And Dagger","floor":1},{"not_picked":["Flying Knee","Quick Slash"],"picked":"Dagger Spray","floor":2},{"not_picked":["Wraith Form v2","Catalyst","Eviscerate"],"picked":"SKIP","floor":6},{"not_picked":["Catalyst","Dodge and Roll","Prepared"],"picked":"SKIP","floor":8},{"not_picked":["Poisoned Stab","Skewer"],"picked":"Well Laid Plans","floor":11},{"not_picked":["Slice","Dodge and Roll"],"picked":"Skewer","floor":13}],"player_experience":230452,"relics_obtained":[{"floor":3,"key":"War Paint"},{"floor":6,"key":"Regal Pillow"},{"floor":8,"key":"Smiling Mask"},{"floor":9,"key":"Singing Bowl"}],"event_choices":[{"damage_healed":0,"gold_gain":0,"player_choice":"Entered Light","damage_taken":13,"max_hp_gain":0,"max_hp_loss":0,"event_name":"Shining Light","floor":4,"gold_loss":0,"cards_upgraded":["Defend_G","Dagger Spray"]},{"damage_healed":0,"gold_gain":0,"player_choice":"1 cards matched","damage_taken":0,"max_hp_gain":0,"max_hp_loss":0,"event_name":"Match and Keep!","floor":5,"gold_loss":0,"cards_obtained":["Neutralize"]}],"is_beta":false,"boss_relics":[],"items_purged_floors":[],"is_endless":false,"potions_floor_spawned":[2,11],"killed_by":"Slime Boss","ascension_level":14}