{"gold_per_floor":[119,119,135,135,135,135,174,192,192,223,242,261,295,313,313,438,438,451,366,366,384,74,74,74,87,133,152,152,106,106,127,127,257,257,271,271,271,295,320,320,363,363,389,429,443,482,505,505,505,505],"floor_reached":51,"playtime":3880,"items_purged":[],"score":994,"play_id":"643cbbc4-77bf-421e-ae52-c825b851e80a","local_time":"20190828221626","is_ascension_mode":true,"campfire_choices":[{"floor":6,"key":"REST"},{"data":"Night Terror","floor":15,"key":"SMITH"},{"floor":23,"key":"REST"},{"floor":28,"key":"REST"},{"data":"Ghostly","floor":30,"key":"SMITH"},{"data":"Ghostly","floor":32,"key":"SMITH"},{"data":"Envenom","floor":40,"key":"SMITH"},{"data":"Night Terror","floor":49,"key":"SMITH"}],"neow_cost":"NONE","seed_source_timestamp":13747458409545,"circlet_count":0,"master_deck":["Survivor+1","Neutralize","Dagger Throw","Crippling Poison+1","PiercingWail","Terror","Escape Plan","Night Terror+1","Escape Plan","Well Laid Plans","Deflect","Corpse Explosion","Envenom+1","Deadly Poison","A Thousand Cuts","Dodge and Roll","Flechettes","Die Die Die","Poisoned Stab","Leg Sweep","Predator","Masterful Stab","Ghostly+1","Ghostly+1","Ghostly","Ghostly","Ghostly","Prepared","Bane","Infinite Blades","Night Terror+1","Noxious Fumes+1","Riddle With Holes+1","Prepared","After Image+1","Blur+1","Backflip+1","Madness","Madness"],"relics":["Ring of the Snake","NeowsBlessing","Golden Idol","Dodecahedron","Ornamental Fan","Matryoshka","Gremlin Horn","Pandora\u0027s Box","Tough Bandages","The Specimen","Snake Skull","Potion Belt","Ancient Tea Set","HoveringKite","Frozen Egg 2","Bird Faced Urn","Dream Catcher","Blood Vial","Unceasing Top","Paper Crane","Anchor"],"potions_floor_usage":[10,13,25,41,41,50,50,50],"damage_taken":[{"damage":0,"enemies":"Jaw Worm","floor":1,"turns":1},{"damage":0,"enemies":"2 Louse","floor":3,"turns":1},{"damage":0,"enemies":"3 Sentries","floor":7,"turns":1},{"damage":0,"enemies":"Cultist","floor":8,"turns":5},{"damage":4,"enemies":"Gremlin Nob","floor":10,"turns":4},{"damage":2,"enemies":"3 Louse","floor":11,"turns":4},{"damage":4,"enemies":"Blue Slaver","floor":12,"turns":4},{"damage":25,"enemies":"3 Sentries","floor":13,"turns":12},{"damage":3,"enemies":"Looter","floor":14,"turns":4},{"damage":31,"enemies":"Slime Boss","floor":16,"turns":13},{"damage":29,"enemies":"Chosen","floor":18,"turns":6},{"damage":20,"enemies":"Spheric Guardian","floor":21,"turns":7},{"damage":0,"enemies":"Snake Plant","floor":25,"turns":5},{"damage":12,"enemies":"3 Cultists","floor":27,"turns":3},{"damage":0,"enemies":"Shelled Parasite and Fungi","floor":31,"turns":6},{"damage":7,"enemies":"Automaton","floor":33,"turns":11},{"damage":0,"enemies":"3 Shapes","floor":35,"turns":2},{"damage":0,"enemies":"3 Darklings","floor":38,"turns":4},{"damage":17,"enemies":"Spire Growth","floor":39,"turns":8},{"damage":28,"enemies":"Giant Head","floor":41,"turns":8},{"damage":0,"enemies":"Nemesis","floor":44,"turns":9},{"damage":8,"enemies":"Writhing Mass","floor":45,"turns":6},{"damage":11,"enemies":"Giant Head","floor":46,"turns":10},{"damage":21,"enemies":"Time Eater","floor":50,"turns":15}],"seed_played":"-4999942269332011924","potions_obtained":[{"floor":8,"key":"EssenceOfSteel"},{"floor":10,"key":"Ancient Potion"},{"floor":11,"key":"Regen Potion"},{"floor":14,"key":"GamblersBrew"},{"floor":27,"key":"Block Potion"},{"floor":33,"key":"LiquidBronze"},{"floor":38,"key":"Poison Potion"},{"floor":46,"key":"PowerPotion"}],"is_trial":false,"path_per_floor":["M","?","M","?","?","R","E","M","T","E","M","M","E","M","R","B",null,"M","?","?","M","$","R","?","M","T","M","R","$","R","M","R","B",null,"M","?","T","M","M","R","E","?","T","E","M","E","T","?","R","B",null],"character_chosen":"THE_SILENT","items_purchased":["The Specimen","Bane"],"campfire_rested":3,"item_purchase_floors":[22,29],"current_hp_per_floor":[70,53,53,39,39,60,60,60,60,56,54,50,40,37,37,6,54,25,25,25,5,5,15,15,15,15,3,13,13,13,13,13,6,28,28,28,28,34,20,20,2,2,2,18,22,21,21,17,17,16],"gold":505,"neow_bonus":"THREE_ENEMY_KILL","is_prod":false,"is_daily":false,"chose_seed":false,"campfire_upgraded":5,"win_rate":0,"timestamp":1566998186,"path_taken":["M","?","M","?","?","R","E","M","T","E","M","?","E","M","R","BOSS","M","?","?","M","$","R","?","M","T","M","R","?","R","M","R","BOSS","M","?","?","?","M","R","E","?","T","E","M","E","?","?","R","BOSS"],"build_version":"2019-07-17","purchased_purges":0,"victory":true,"max_hp_per_floor":[70,70,70,70,70,70,70,70,70,70,70,70,70,70,70,70,70,70,70,35,35,35,35,35,35,35,35,35,35,35,35,35,35,35,35,35,35,35,35,35,35,35,35,35,35,35,35,35,35,35],"card_choices":[{"not_picked":["Dodge and Roll","Prepared"],"picked":"Dagger Throw","floor":1},{"not_picked":["Well Laid Plans","Backflip"],"picked":"Crippling Poison","floor":3},{"not_picked":["Distraction","Acrobatics"],"picked":"PiercingWail","floor":7},{"not_picked":["Acrobatics","Choke"],"picked":"Terror","floor":8},{"not_picked":["Underhanded Strike","Distraction"],"picked":"Escape Plan","floor":10},{"not_picked":["Blur","Slice"],"picked":"Night Terror","floor":11},{"not_picked":["PiercingWail","Backstab"],"picked":"Escape Plan","floor":12},{"not_picked":["Masterful Stab","Finisher"],"picked":"Well Laid Plans","floor":13},{"not_picked":["PiercingWail","Predator"],"picked":"Deflect","floor":14},{"not_picked":["Night Terror","Burst"],"picked":"Corpse Explosion","floor":16},{"not_picked":["Blade Dance","Outmaneuver","Crippling Poison"],"picked":"SKIP","floor":18},{"not_picked":["Well Laid Plans","Skewer","Sucker Punch"],"picked":"SKIP","floor":21},{"not_picked":["Well Laid Plans+1","Masterful Stab","Quick Slash"],"picked":"SKIP","floor":25},{"not_picked":["Masterful Stab","PiercingWail"],"picked":"Prepared","floor":27},{"not_picked":["Accuracy","Masterful Stab+1"],"picked":"Infinite Blades","floor":31},{"not_picked":["Die Die Die","Malaise"],"picked":"Night Terror","floor":33},{"not_picked":["Distraction+1","Deadly Poison"],"picked":"Noxious Fumes+1","floor":35},{"not_picked":["Finisher+1","Predator"],"picked":"Riddle With Holes+1","floor":38},{"not_picked":["Cloak And Dagger+1","Slice"],"picked":"Prepared","floor":39},{"not_picked":["Sucker Punch+1","Endless Agony+1"],"picked":"After Image+1","floor":41},{"not_picked":["Blade Dance+1","Setup"],"picked":"Blur+1","floor":44},{"not_picked":["Dash","Sucker Punch"],"picked":"Backflip+1","floor":45},{"not_picked":["Deadly Poison","Choke+1","Blade Dance"],"picked":"SKIP","floor":46}],"player_experience":252157,"relics_obtained":[{"floor":7,"key":"Dodecahedron"},{"floor":9,"key":"Ornamental Fan"},{"floor":10,"key":"Matryoshka"},{"floor":13,"key":"Gremlin Horn"},{"floor":26,"key":"Potion Belt"},{"floor":26,"key":"Ancient Tea Set"},{"floor":37,"key":"Frozen Egg 2"},{"floor":37,"key":"Bird Faced Urn"},{"floor":41,"key":"Dream Catcher"},{"floor":43,"key":"Blood Vial"},{"floor":44,"key":"Unceasing Top"},{"floor":46,"key":"Paper Crane"},{"floor":47,"key":"Anchor"}],"event_choices":[{"damage_healed":0,"gold_gain":0,"player_choice":"Take Damage","damage_taken":17,"relics_obtained":["Golden Idol"],"max_hp_gain":0,"max_hp_loss":0,"event_name":"Golden Idol","floor":2,"gold_loss":0},{"damage_healed":0,"gold_gain":0,"player_choice":"Entered Light","damage_taken":14,"max_hp_gain":0,"max_hp_loss":0,"event_name":"Shining Light","floor":4,"gold_loss":0,"cards_upgraded":["Defend_G","Survivor"]},{"damage_healed":0,"gold_gain":0,"player_choice":"Grow","damage_taken":0,"max_hp_gain":0,"max_hp_loss":0,"event_name":"Living Wall","floor":5,"gold_loss":0,"cards_upgraded":["Crippling Poison"]},{"damage_healed":0,"gold_gain":0,"player_choice":"Obtained Relic","damage_taken":0,"relics_obtained":["Tough Bandages"],"max_hp_gain":0,"max_hp_loss":0,"event_name":"Addict","floor":19,"gold_loss":85},{"damage_healed":0,"gold_gain":0,"player_choice":"Became a Ghost","damage_taken":0,"max_hp_gain":0,"max_hp_loss":35,"event_name":"Ghosts","floor":20,"gold_loss":0,"cards_obtained":["Ghostly","Ghostly","Ghostly","Ghostly","Ghostly"]},{"damage_healed":0,"gold_gain":0,"player_choice":"Opened","damage_taken":0,"relics_obtained":["Snake Skull"],"max_hp_gain":0,"max_hp_loss":0,"event_name":"The Mausoleum","floor":24,"gold_loss":0},{"damage_healed":0,"gold_gain":0,"player_choice":"Memory 1","damage_taken":0,"max_hp_gain":0,"max_hp_loss":0,"event_name":"SensoryStone","floor":36,"gold_loss":0},{"damage_healed":0,"gold_gain":0,"player_choice":"Ignored","damage_taken":0,"max_hp_gain":0,"max_hp_loss":0,"event_name":"Mysterious Sphere","floor":42,"gold_loss":0},{"damage_healed":0,"gold_gain":0,"player_choice":"Embrace Madness","damage_taken":4,"max_hp_gain":0,"max_hp_loss":0,"event_name":"Winding Halls","floor":48,"gold_loss":0,"cards_obtained":["Madness","Madness"]}],"is_beta":false,"boss_relics":[{"not_picked":["Cursed Key","Ectoplasm"],"picked":"Pandora\u0027s Box"},{"not_picked":["Empty Cage","Lizard Tail"],"picked":"HoveringKite"}],"items_purged_floors":[],"is_endless":false,"potions_floor_spawned":[8,10,11,14,27,33,38,46],"ascension_level":5}