{"gold_per_floor":[118,118,197,197,37,37,37,37,37,212,86,111,129,140,140,236,236,220,230,76,88,88],"floor_reached":22,"playtime":1075,"items_purged":["Doubt","Strike_R"],"score":228,"play_id":"c879ffc4-8f7f-4558-9262-a9fec1caaf19","local_time":"20190814110632","is_ascension_mode":true,"campfire_choices":[{"data":"Entrench","floor":6,"key":"SMITH"},{"data":"Bash","floor":8,"key":"SMITH"},{"floor":15,"key":"REST"}],"neow_cost":"TEN_PERCENT_HP_LOSS","seed_source_timestamp":9537536514749,"circlet_count":0,"master_deck":["Strike_R","Strike_R","Strike_R","Strike_R","Defend_R","Defend_R","Defend_R","Defend_R","Bash+1","Barricade+1","True Grit","Entrench+1","Sentinel","Shrug It Off","Double Tap","Demon Form","Body Slam","Body Slam"],"relics":["Burning Blood","Mummified Hand","Ornamental Fan","Matryoshka","Vajra","Velvet Choker"],"potions_floor_usage":[12,18,22],"damage_taken":[{"damage":13,"enemies":"Jaw Worm","floor":1,"turns":4},{"damage":55,"enemies":"Gremlin Nob","floor":12,"turns":6},{"damage":0,"enemies":"Small Slimes","floor":13,"turns":3},{"damage":0,"enemies":"2 Louse","floor":14,"turns":4},{"damage":22,"enemies":"The Guardian","floor":16,"turns":33},{"damage":33,"enemies":"2 Thieves","floor":18,"turns":4},{"damage":4,"enemies":"Shell Parasite","floor":19,"turns":6},{"damage":19,"enemies":"Centurion and Healer","floor":21,"turns":8},{"damage":34,"enemies":"3 Cultists","floor":22,"turns":4}],"seed_played":"8584593412453376666","potions_obtained":[{"floor":1,"key":"Regen Potion"},{"floor":16,"key":"PowerPotion"},{"floor":18,"key":"GamblersBrew"}],"is_trial":false,"path_per_floor":["M","?","T","?","$","R","$","R","T","?","$","E","M","M","R","B",null,"M","M","$","M","M"],"character_chosen":"IRONCLAD","items_purchased":["Entrench","Sentinel","Shrug It Off","Body Slam"],"campfire_rested":1,"item_purchase_floors":[5,5,11,20],"current_hp_per_floor":[65,47,47,47,47,47,47,47,47,47,47,12,18,24,45,29,72,45,47,47,34,0],"gold":88,"neow_bonus":"THREE_RARE_CARDS","is_prod":false,"is_daily":false,"chose_seed":false,"campfire_upgraded":2,"win_rate":0,"timestamp":1565748392,"path_taken":["M","?","?","?","$","R","$","R","T","?","?","E","M","?","R","BOSS","M","M","$","M","M"],"build_version":"2019-07-17","purchased_purges":2,"victory":false,"max_hp_per_floor":[72,72,72,72,72,72,72,72,72,72,72,72,72,72,72,72,72,72,72,72,72,72],"card_choices":[{"not_picked":["Dark Embrace","Immolate"],"picked":"Barricade","floor":0},{"not_picked":["Searing Blow","Power Through"],"picked":"True Grit","floor":1},{"not_picked":["Armaments","Havoc"],"picked":"Double Tap","floor":12},{"not_picked":["Intimidate","Dropkick","Sword Boomerang"],"picked":"SKIP","floor":13},{"not_picked":["Wild Strike","Clash","Immolate"],"picked":"SKIP","floor":14},{"not_picked":["Dark Embrace","Double Tap"],"picked":"Demon Form","floor":16},{"not_picked":["Armaments+1","Ghostly Armor"],"picked":"Body Slam","floor":18},{"not_picked":["Dropkick+1","Armaments","Searing Blow"],"picked":"SKIP","floor":19},{"not_picked":["Twin Strike+1","Searing Blow","Thunderclap"],"picked":"SKIP","floor":21}],"player_experience":109725,"relics_obtained":[{"floor":3,"key":"Ornamental Fan"},{"floor":9,"key":"Matryoshka"},{"floor":12,"key":"Vajra"}],"event_choices":[{"damage_healed":0,"gold_gain":0,"player_choice":"Success","damage_taken":18,"relics_obtained":["Mummified Hand"],"max_hp_gain":0,"max_hp_loss":0,"event_name":"Scrap Ooze","floor":2,"gold_loss":0},{"damage_healed":0,"gold_gain":0,"player_choice":"Grow","damage_taken":0,"max_hp_gain":0,"max_hp_loss":0,"event_name":"Living Wall","floor":4,"gold_loss":0,"cards_upgraded":["Barricade"]},{"damage_healed":0,"gold_gain":175,"player_choice":"AGREE","damage_taken":0,"max_hp_gain":0,"max_hp_loss":0,"event_name":"Liars Game","floor":10,"gold_loss":0,"cards_obtained":["Doubt"]}],"is_beta":false,"boss_relics":[{"not_picked":["Cursed Key","Sozu"],"picked":"Velvet Choker"}],"items_purged_floors":[11,20],"is_endless":false,"potions_floor_spawned":[1,16,18],"killed_by":"3 Cultists","ascension_level":2}