{"gold_per_floor":[109,123,123,123,140,166,23,23,23,37,47,47,82,82,82,182,182,193,213,231,47,63,63,63,63,110,110,32,32,51,66,66,170,170,186,186,196,208,208,208,188,188,188,201,212,212],"floor_reached":46,"playtime":4065,"items_purged":["Strike_R","Strike_R"],"score":432,"play_id":"940b2a58-b511-4a4f-83e8-c2a52a89188c","local_time":"20190810005803","is_ascension_mode":false,"campfire_choices":[{"data":"Reaper","floor":12,"key":"SMITH"},{"data":"Hemokinesis","floor":15,"key":"SMITH"},{"data":"Double Tap","floor":23,"key":"SMITH"},{"data":"Feel No Pain","floor":25,"key":"SMITH"},{"data":"Demon Form","floor":27,"key":"SMITH"},{"floor":32,"key":"REST"},{"data":"Double Tap","floor":40,"key":"SMITH"},{"floor":42,"key":"REST"}],"neow_cost":"NONE","seed_source_timestamp":22988768224390,"circlet_count":0,"master_deck":["Strike_R","Strike_R","Defend_R","Defend_R","Defend_R","Bash","Clash","Iron Wave","Feel No Pain+1","Reaper+1","Fire Breathing+1","Burning Pact","Hemokinesis+1","Clash","Double Tap+1","Pommel Strike","Pommel Strike+1","Demon Form+1","Dramatic Entrance","Metallicize","Intimidate","Double Tap+1","Trip","Forethought","Purity","Battle Trance","Anger"],"relics":["Burning Blood","Bottled Flame","Bottled Tornado","Bird Faced Urn","White Beast Statue","Bag of Marbles","Matryoshka","Mark of Pain"],"potions_floor_usage":[6,19,19,22,30,31,33,33,33,37,44,45],"damage_taken":[{"damage":3,"enemies":"Small Slimes","floor":1,"turns":5},{"damage":0,"enemies":"Cultist","floor":2,"turns":3},{"damage":7,"enemies":"2 Louse","floor":5,"turns":3},{"damage":46,"enemies":"Lagavulin","floor":6,"turns":7},{"damage":0,"enemies":"Large Slime","floor":10,"turns":5},{"damage":11,"enemies":"3 Louse","floor":11,"turns":5},{"damage":21,"enemies":"3 Sentries","floor":13,"turns":10},{"damage":50,"enemies":"Slime Boss","floor":16,"turns":11},{"damage":26,"enemies":"Shell Parasite","floor":18,"turns":4},{"damage":33,"enemies":"3 Byrds","floor":19,"turns":9},{"damage":17,"enemies":"Snecko","floor":20,"turns":6},{"damage":41,"enemies":"Cultist and Chosen","floor":22,"turns":10},{"damage":24,"enemies":"Snake Plant","floor":30,"turns":4},{"damage":14,"enemies":"Snecko","floor":31,"turns":5},{"damage":87,"enemies":"Collector","floor":33,"turns":13},{"damage":20,"enemies":"3 Shapes","floor":35,"turns":4},{"damage":77,"enemies":"3 Darklings","floor":37,"turns":9},{"damage":52,"enemies":"Writhing Mass","floor":38,"turns":8},{"damage":49,"enemies":"4 Shapes","floor":44,"turns":5},{"damage":46,"enemies":"Maw","floor":45,"turns":8},{"damage":30,"enemies":"Transient","floor":46,"turns":2}],"seed_played":"7525533427831254779","potions_obtained":[{"floor":2,"key":"BloodPotion"},{"floor":5,"key":"Ancient Potion"},{"floor":11,"key":"Dexterity Potion"},{"floor":18,"key":"Weak Potion"},{"floor":19,"key":"SpeedPotion"},{"floor":20,"key":"BloodPotion"},{"floor":22,"key":"Block Potion"},{"floor":30,"key":"Regen Potion"},{"floor":31,"key":"Ancient Potion"},{"floor":33,"key":"BloodPotion"},{"floor":35,"key":"Dexterity Potion"},{"floor":37,"key":"FairyPotion"},{"floor":38,"key":"Explosive Potion"},{"floor":41,"key":"SkillPotion"},{"floor":44,"key":"SpeedPotion"},{"floor":45,"key":"SkillPotion"}],"is_trial":false,"path_per_floor":["M","M","?","?","M","E","$","?","T","M","M","R","E","$","R","B",null,"M","M","M","$","M","R","$","R","T","R","$","T","M","M","R","B",null,"M","?","M","M","?","R","?","R","T","M","M","M"],"character_chosen":"IRONCLAD","items_purchased":["Burning Pact","Dramatic Entrance","Metallicize"],"campfire_rested":2,"item_purchase_floors":[7,21,28],"current_hp_per_floor":[80,80,85,78,77,58,58,58,58,68,75,75,70,70,70,35,85,67,50,51,51,53,53,53,53,53,53,53,53,43,46,71,16,85,81,71,41,7,7,7,7,32,32,21,14,0],"gold":212,"neow_bonus":"TRANSFORM_CARD","is_prod":false,"is_daily":false,"chose_seed":false,"campfire_upgraded":6,"win_rate":0.0,"timestamp":1565366283,"path_taken":["M","M","?","?","M","E","$","?","T","M","M","R","E","$","R","BOSS","M","M","?","$","M","R","?","R","T","R","$","?","M","M","R","BOSS","M","?","M","M","?","R","?","R","T","M","M","M"],"build_version":"2019-07-17","purchased_purges":2,"victory":false,"max_hp_per_floor":[80,80,85,85,85,85,85,85,85,85,85,85,85,85,85,85,85,85,85,85,85,85,85,85,85,85,85,85,85,85,85,85,85,85,85,85,85,85,85,85,85,85,85,85,85,85],"card_choices":[{"not_picked":["Pommel Strike","Headbutt"],"picked":"Iron Wave","floor":1},{"not_picked":["Armaments","Body Slam"],"picked":"Feel No Pain","floor":2},{"not_picked":["Twin Strike","Thunderclap"],"picked":"Reaper","floor":5},{"not_picked":["Iron Wave","Ghostly Armor"],"picked":"Fire Breathing","floor":6},{"not_picked":["Entrench","Disarm"],"picked":"True Grit","floor":10},{"not_picked":["Body Slam","Warcry"],"picked":"Hemokinesis","floor":11},{"not_picked":["Twin Strike","True Grit"],"picked":"Clash","floor":13},{"not_picked":["Feed","Demon Form"],"picked":"Double Tap","floor":16},{"not_picked":["Entrench","Perfected Strike+1"],"picked":"Pommel Strike","floor":18},{"not_picked":["Carnage","Headbutt"],"picked":"Pommel Strike+1","floor":19},{"not_picked":["Sword Boomerang","Pommel Strike"],"picked":"Demon Form","floor":20},{"not_picked":["Fire Breathing","Body Slam","Flame Barrier+1"],"picked":"SKIP","floor":22},{"not_picked":["Heavy Blade","Cleave"],"picked":"Intimidate","floor":30},{"not_picked":["Perfected Strike","Disarm+1","Heavy Blade"],"picked":"SKIP","floor":31},{"not_picked":["Feed","Fiend Fire"],"picked":"Double Tap","floor":33},{"not_picked":["Disarm","Flex","Sword Boomerang"],"picked":"SKIP","floor":35},{"not_picked":["Forethought","Discovery"],"picked":"Trip","floor":36},{"not_picked":["PanicButton","Impatience"],"picked":"Forethought","floor":36},{"not_picked":["Sadistic Nature","Impatience"],"picked":"Purity","floor":36},{"not_picked":["Warcry+1","Metallicize"],"picked":"Battle Trance","floor":37},{"not_picked":["Body Slam","Pommel Strike+1"],"picked":"Anger","floor":38},{"not_picked":["Fire Breathing","Warcry","Flex+1"],"picked":"SKIP","floor":44},{"not_picked":["Body Slam+1","Headbutt","Cleave+1"],"picked":"SKIP","floor":45}],"player_experience":9720,"relics_obtained":[{"floor":6,"key":"Bottled Flame"},{"floor":9,"key":"Bottled Tornado"},{"floor":13,"key":"Bird Faced Urn"},{"floor":26,"key":"Bag of Marbles"},{"floor":29,"key":"Matryoshka"}],"event_choices":[{"damage_healed":0,"gold_gain":0,"player_choice":"Donut","damage_taken":0,"max_hp_gain":5,"max_hp_loss":0,"event_name":"Big Fish","floor":3,"gold_loss":0},{"cards_removed":["Defend_R"],"damage_healed":0,"gold_gain":0,"player_choice":"Card Removal","damage_taken":7,"max_hp_gain":0,"max_hp_loss":0,"event_name":"Golden Wing","floor":4,"gold_loss":0},{"damage_healed":0,"gold_gain":0,"player_choice":"Forge","damage_taken":0,"max_hp_gain":0,"max_hp_loss":0,"event_name":"Accursed Blacksmith","floor":8,"gold_loss":0,"cards_upgraded":["Fire Breathing"]},{"damage_healed":0,"gold_gain":0,"player_choice":"Memory 3","damage_taken":10,"max_hp_gain":0,"max_hp_loss":0,"event_name":"SensoryStone","floor":36,"gold_loss":0},{"cards_removed":["True Grit"],"damage_healed":0,"gold_gain":0,"player_choice":"Removed Skill","damage_taken":0,"max_hp_gain":0,"max_hp_loss":0,"event_name":"Falling","floor":39,"gold_loss":0},{"damage_healed":0,"gold_gain":0,"player_choice":"Bought 1 Potion","damage_taken":0,"max_hp_gain":0,"max_hp_loss":0,"event_name":"The Woman in Blue","floor":41,"gold_loss":0}],"is_beta":false,"boss_relics":[{"not_picked":["Runic Pyramid","Lizard Tail"],"picked":"White Beast Statue"},{"not_picked":["Runic Cube","Snecko Eye"],"picked":"Mark of Pain"}],"items_purged_floors":[7,21],"is_endless":false,"potions_floor_spawned":[2,5,11,18,19,20,22,30,31,33,35,37,38,44,45],"killed_by":"Transient","ascension_level":0}