{"gold_per_floor":[115,190,190,209,221,221,63,78,132,151,151,171,171,184,184,255,255,207,207,21,0,0,0,17,17,40,50,79,92,107,107,107,107],"floor_reached":33,"playtime":1571,"items_purged":["Pain"],"score":518,"play_id":"f87f8ea9-55f6-4e83-a709-ec229a4c8018","local_time":"20190827215306","is_ascension_mode":true,"campfire_choices":[{"data":"Magnetism","floor":6.0,"key":"SMITH"},{"data":"Loop","floor":11.0,"key":"SMITH"},{"floor":13.0,"key":"REST"},{"data":"Hologram","floor":15.0,"key":"SMITH"},{"data":"Defragment","floor":23.0,"key":"SMITH"},{"data":"Defragment","floor":25.0,"key":"SMITH"},{"floor":32,"key":"REST"}],"neow_cost":"PERCENT_DAMAGE","seed_source_timestamp":316893893729789,"circlet_count":0,"master_deck":["AscendersBane","Strike_B","Strike_B","Strike_B","Strike_B","Defend_B","Defend_B","Defend_B","Defend_B","Zap","Dualcast","Purity","Magnetism+1","Compile Driver","Reinforced Body","Go for the Eyes","Loop+1","Hologram+1","Reinforced Body","Streamline","Cold Snap","Electrodynamics","Conserve Battery","Defragment+1","Coolheaded","Blizzard","Hologram","Defragment+1","Cold Snap","Hologram+1","Defragment","Coolheaded"],"special_seed":0,"relics":["Cracked Core","WarpedTongs","Lizard Tail","The Courier","Happy Flower","Omamori","Symbiotic Virus"],"potions_floor_usage":[],"damage_taken":[{"damage":9.0,"enemies":"Jaw Worm","floor":1.0,"turns":4.0},{"damage":2.0,"enemies":"2 Louse","floor":4.0,"turns":2.0},{"damage":2.0,"enemies":"Cultist","floor":5.0,"turns":3.0},{"damage":9.0,"enemies":"Blue Slaver","floor":8.0,"turns":3.0},{"damage":0.0,"enemies":"Looter","floor":10.0,"turns":2.0},{"damage":13.0,"enemies":"Gremlin Gang","floor":12.0,"turns":6.0},{"damage":5.0,"enemies":"3 Louse","floor":14.0,"turns":4.0},{"damage":23.0,"enemies":"The Guardian","floor":16.0,"turns":12.0},{"damage":43.0,"enemies":"2 Thieves","floor":18.0,"turns":5.0},{"damage":18.0,"enemies":"Spheric Guardian","floor":24.0,"turns":4.0},{"damage":9.0,"enemies":"Snecko","floor":27.0,"turns":6.0},{"damage":28.0,"enemies":"Book of Stabbing","floor":28.0,"turns":6.0},{"damage":11,"enemies":"Centurion and Healer","floor":29,"turns":9},{"damage":26,"enemies":"Snake Plant","floor":30,"turns":5},{"damage":48,"enemies":"Collector","floor":33,"turns":5}],"seed_played":"8433610044052022115","potions_obtained":[{"floor":1.0,"key":"Regen Potion"},{"floor":8.0,"key":"LiquidBronze"},{"floor":14.0,"key":"EssenceOfSteel"},{"floor":16.0,"key":"Dexterity Potion"},{"floor":29,"key":"FearPotion"}],"is_trial":false,"path_per_floor":["M","?","?","M","M","R","$","M","T","M","R","M","R","M","R","B",null,"M","T","$","?","?","R","M","R","T","M","E","M","M","?","R","B"],"character_chosen":"DEFECT","items_purchased":["Loop","Defragment","Coolheaded","Blizzard","Hologram"],"campfire_rested":2,"item_purchase_floors":[7,20,20,20,20],"current_hp_per_floor":[37,26,26,24,22,22,22,13,13,13,13,15,36,31,31,8,55,12,12,12,12,71,71,53,53,53,44,16,5,18,18,39,0],"gold":107,"neow_bonus":"RANDOM_COLORLESS_2","is_prod":false,"is_daily":false,"chose_seed":false,"campfire_upgraded":5,"win_rate":0,"timestamp":1566967986,"path_taken":["M","?","?","M","M","R","$","M","T","M","R","M","R","M","R","BOSS","M","?","$","?","?","R","M","R","T","M","E","?","M","?","R","BOSS"],"build_version":"2019-08-26","purchased_purges":1,"victory":false,"max_hp_per_floor":[71,71,71,71,71,71,71,71,71,71,71,71,71,71,71,71,71,71,71,71,71,71,71,71,71,71,71,71,71,71,71,71,71],"card_choices":[{"not_picked":["Turbo","Barrage"],"picked":"Compile Driver","floor":1.0},{"not_picked":["Aggregate","Static Discharge"],"picked":"Reinforced Body","floor":4.0},{"not_picked":["Rebound","Sweeping Beam"],"picked":"Go for the Eyes","floor":5.0},{"not_picked":["Beam Cell","Rebound"],"picked":"Hologram","floor":8.0},{"not_picked":["Turbo","Thunder Strike"],"picked":"Reinforced Body","floor":10.0},{"not_picked":["Scrape","Steam Power"],"picked":"Streamline","floor":12.0},{"not_picked":["Skim","Compile Driver"],"picked":"Cold Snap","floor":14.0},{"not_picked":["Hyperbeam","Reboot"],"picked":"Electrodynamics","floor":16.0},{"not_picked":["Streamline","Scrape"],"picked":"Conserve Battery","floor":18.0},{"not_picked":["Cold Snap+1","Leap"],"picked":"Defragment","floor":24.0},{"not_picked":["FTL","Heatsinks"],"picked":"Cold Snap","floor":27.0},{"not_picked":["Compile Driver","Leap"],"picked":"Hologram+1","floor":28.0},{"not_picked":["Fusion","Stack"],"picked":"Defragment","floor":29},{"not_picked":["Rainbow","Streamline"],"picked":"Coolheaded","floor":30}],"player_experience":3051168,"relics_obtained":[{"floor":19.0,"key":"The Courier"},{"floor":26.0,"key":"Happy Flower"},{"floor":28.0,"key":"Omamori"}],"event_choices":[{"damage_healed":0.0,"max_hp_gain":0.0,"max_hp_loss":0.0,"gold_gain":75.0,"event_name":"World of Goop","player_choice":"Gather Gold","floor":2.0,"gold_loss":0.0,"damage_taken":11.0},{"damage_healed":0.0,"max_hp_gain":0.0,"max_hp_loss":0.0,"gold_gain":0.0,"event_name":"Accursed Blacksmith","player_choice":"Rummage","floor":3.0,"gold_loss":0.0,"damage_taken":0.0,"relics_obtained":["WarpedTongs"],"cards_obtained":["Pain"]},{"damage_healed":0.0,"max_hp_gain":0.0,"max_hp_loss":0.0,"gold_gain":0.0,"event_name":"Masked Bandits","player_choice":"Paid Fearfully","floor":21.0,"gold_loss":21.0,"damage_taken":0.0},{"damage_healed":59.0,"max_hp_gain":0.0,"max_hp_loss":0.0,"gold_gain":0.0,"event_name":"Wheel of Change","player_choice":"Full Heal","floor":22.0,"gold_loss":0.0,"damage_taken":0.0},{"damage_healed":0,"gold_gain":0,"player_choice":"Gave Potion","damage_taken":0,"relics_obtained":["Symbiotic Virus"],"max_hp_gain":0,"max_hp_loss":0,"event_name":"WeMeetAgain","floor":31,"gold_loss":0}],"is_beta":true,"boss_relics":[{"not_picked":["Coffee Dripper","FrozenCore"],"picked":"Lizard Tail"}],"items_purged_floors":[7],"is_endless":false,"potions_floor_spawned":[1,8,14,16,24,29],"killed_by":"Collector","ascension_level":20}