{"gold_per_floor":[360,370,51,51,51,78,28,44,44,44,63,63,10,29,29,29],"floor_reached":16,"playtime":391,"items_purged":[],"score":190,"play_id":"2055b978-45b3-4059-8a70-fbd1ebd64848","local_time":"20190509201047","is_ascension_mode":true,"campfire_choices":[{"data":"White Noise","floor":12,"key":"SMITH"},{"data":"Zap","floor":15,"key":"SMITH"}],"neow_cost":"TEN_PERCENT_HP_LOSS","seed_source_timestamp":2514095061898472,"circlet_count":0,"master_deck":["AscendersBane","Strike_B","Strike_B","Strike_B","Strike_B","Defend_B","Defend_B","Defend_B","Defend_B","Zap+1","Dualcast","White Noise+1","Reprogram","Gash","Beam Cell","Ball Lightning"],"relics":["Cracked Core","Mango","Unceasing Top","Question Card"],"potions_floor_usage":[16,16],"damage_taken":[{"damage":4,"enemies":"Small Slimes","floor":1,"turns":3},{"damage":2,"enemies":"Jaw Worm","floor":2,"turns":4},{"damage":35,"enemies":"3 Sentries","floor":6,"turns":9},{"damage":1,"enemies":"Cultist","floor":8,"turns":4},{"damage":10,"enemies":"Exordium Wildlife","floor":11,"turns":4},{"damage":13,"enemies":"2 Fungi Beasts","floor":14,"turns":3},{"damage":33,"enemies":"Hexaghost","floor":16,"turns":9}],"seed_played":"2120306053164793918","potions_obtained":[{"floor":2,"key":"SteroidPotion"},{"floor":11,"key":"Regen Potion"}],"is_trial":false,"path_per_floor":["M","M","$","?","?","E","$","M","T","$","M","R","$","M","R","B"],"character_chosen":"DEFECT","items_purchased":["Mango","Gash","Dexterity Potion"],"campfire_rested":0,"item_purchase_floors":[3,7,13],"current_hp_per_floor":[60,58,72,72,77,42,42,41,41,41,31,31,31,18,18,0],"gold":29,"neow_bonus":"TWO_FIFTY_GOLD","is_prod":false,"is_daily":false,"chose_seed":false,"campfire_upgraded":2,"win_rate":0,"timestamp":1557447047,"path_taken":["M","M","$","?","?","E","$","M","T","?","M","R","$","M","R","BOSS"],"build_version":"2019-01-23","purchased_purges":0,"victory":false,"max_hp_per_floor":[64,64,78,78,83,83,83,83,83,83,83,83,83,83,83,83],"card_choices":[{"not_picked":["Compile Driver","Turbo","Steam Power"],"picked":"SKIP","floor":1},{"not_picked":["Leap","Go for the Eyes"],"picked":"White Noise","floor":2},{"not_picked":["Sweeping Beam","Heatsinks"],"picked":"Reprogram","floor":6},{"not_picked":["Steam Power","Turbo","Stack"],"picked":"SKIP","floor":8},{"not_picked":["Barrage","Consume","Melter"],"picked":"Beam Cell","floor":11},{"not_picked":["Auto Shields","Sunder","Stack"],"picked":"Ball Lightning","floor":14}],"player_experience":350797,"relics_obtained":[{"floor":6,"key":"Unceasing Top"},{"floor":9,"key":"Question Card"}],"event_choices":[{"damage_healed":0,"gold_gain":0,"player_choice":"Leave","damage_taken":0,"max_hp_gain":0,"max_hp_loss":0,"event_name":"The Cleric","floor":4,"gold_loss":0},{"damage_healed":0,"gold_gain":0,"player_choice":"Donut","damage_taken":0,"max_hp_gain":5,"max_hp_loss":0,"event_name":"Big Fish","floor":5,"gold_loss":0}],"is_beta":false,"boss_relics":[],"items_purged_floors":[],"is_endless":false,"potions_floor_spawned":[2,11],"killed_by":"Hexaghost","ascension_level":18}