{"gold_per_floor":[119,133,144,161,172,172,172,204,204,47,47,12,12,45,45,141,141,154,16,16,16,19,19,37,37,62,98,134,146,83,111,123,135],"floor_reached":33,"playtime":3221,"items_purged":["Strike_G"],"score":463,"play_id":"2a653d39-4f96-4944-9b06-7a21a5c54354","local_time":"20190821184953","is_ascension_mode":true,"campfire_choices":[{"data":"Deadly Poison","floor":6.0,"key":"SMITH"},{"data":"Footwork","floor":13.0,"key":"SMITH"},{"data":"Neutralize","floor":15.0,"key":"SMITH"},{"data":"A Thousand Cuts","floor":23,"key":"SMITH"},{"data":"Footwork","floor":25,"key":"SMITH"},{"floor":29,"key":"REST"},{"floor":32,"key":"REST"}],"neow_cost":"NONE","seed_source_timestamp":0,"circlet_count":0,"master_deck":["AscendersBane","Strike_G","Strike_G","Defend_G","Defend_G","Defend_G","Defend_G","Defend_G","Survivor","Neutralize+1","Bane","Footwork+1","Deadly Poison+1","PiercingWail","Blur","Well Laid Plans","Acrobatics","Endless Agony","Dash","Footwork+1","A Thousand Cuts+1","Choke+1","Cloak And Dagger","Cloak And Dagger","Cloak And Dagger"],"special_seed":0,"relics":["Ring of the Snake","Boot","The Courier","Golden Idol","Oddly Smooth Stone","Black Star","Strawberry","Meat on the Bone","MawBank"],"potions_floor_usage":[22,27,33],"damage_taken":[{"damage":0.0,"enemies":"Cultist","floor":1.0,"turns":4.0},{"damage":0.0,"enemies":"2 Louse","floor":2.0,"turns":5.0},{"damage":2.0,"enemies":"Small Slimes","floor":3.0,"turns":5.0},{"damage":5.0,"enemies":"Looter","floor":4.0,"turns":3.0},{"damage":3.0,"enemies":"2 Fungi Beasts","floor":5.0,"turns":5.0},{"damage":6.0,"enemies":"3 Sentries","floor":8.0,"turns":11.0},{"damage":1.0,"enemies":"Lagavulin","floor":14.0,"turns":6.0},{"damage":18.0,"enemies":"Slime Boss","floor":16.0,"turns":19.0},{"damage":9,"enemies":"Spheric Guardian","floor":18,"turns":6},{"damage":24,"enemies":"2 Thieves","floor":22,"turns":4},{"damage":19,"enemies":"Centurion and Healer","floor":24,"turns":6},{"damage":12,"enemies":"Snake Plant","floor":27,"turns":6},{"damage":25,"enemies":"Chosen and Byrds","floor":28,"turns":9},{"damage":0,"enemies":"Centurion and Healer","floor":31,"turns":9},{"damage":67,"enemies":"Collector","floor":33,"turns":6}],"seed_played":"-3611743954787194680","potions_obtained":[{"floor":3.0,"key":"GamblersBrew"},{"floor":5.0,"key":"FearPotion"},{"floor":8.0,"key":"GamblersBrew"},{"floor":24,"key":"Ancient Potion"},{"floor":27,"key":"Poison Potion"}],"is_trial":false,"path_per_floor":["M","M","M","M","M","R","?","E","T","$","?","?","R","E","R","B",null,"M","$","?","?","M","R","M","R","T","M","M","R","?","M","R","B"],"character_chosen":"THE_SILENT","items_purchased":["Dash","Footwork","Strawberry"],"campfire_rested":2,"item_purchase_floors":[10,10,19],"current_hp_per_floor":[59,59,57,52,49,49,49,43,43,43,43,58,58,57,57,39,55,46,53,53,53,41,41,34,34,34,34,21,41,41,41,61,0],"gold":135,"neow_bonus":"TRANSFORM_CARD","is_prod":false,"is_daily":false,"chose_seed":false,"campfire_upgraded":5,"win_rate":0,"timestamp":1566438593,"path_taken":["M","M","M","M","?","R","?","E","T","$","?","?","R","E","R","BOSS","M","$","?","?","M","R","M","R","T","M","M","R","?","?","R","BOSS"],"build_version":"2019-07-17","purchased_purges":1,"victory":false,"max_hp_per_floor":[66,66,66,66,66,66,66,66,66,66,60,60,60,60,60,60,60,60,67,67,67,67,67,67,67,67,67,67,67,67,67,67,67],"card_choices":[{"not_picked":["Cloak And Dagger","Blur"],"picked":"Footwork","floor":1.0},{"not_picked":["Leg Sweep","Calculated Gamble"],"picked":"Deadly Poison","floor":2.0},{"not_picked":["Finisher","Eviscerate"],"picked":"PiercingWail","floor":3.0},{"not_picked":["Concentrate","Underhanded Strike"],"picked":"Blur","floor":4.0},{"not_picked":["Accuracy","Calculated Gamble"],"picked":"Well Laid Plans","floor":5.0},{"not_picked":["Poisoned Stab","Underhanded Strike"],"picked":"Endless Agony","floor":8.0},{"not_picked":["Accuracy","Flying Knee","Slice"],"picked":"SKIP","floor":14.0},{"not_picked":["Night Terror","Doppelganger"],"picked":"A Thousand Cuts","floor":16.0},{"not_picked":["Poisoned Stab","Quick Slash"],"picked":"Choke+1","floor":18},{"not_picked":["Prepared","Quick Slash","Slice"],"picked":"SKIP","floor":22},{"not_picked":["Well Laid Plans","Flying Knee","Masterful Stab"],"picked":"SKIP","floor":24},{"not_picked":["Well Laid Plans","Flying Knee","Masterful Stab"],"picked":"SKIP","floor":24},{"not_picked":["Finisher","Deadly Poison"],"picked":"Cloak And Dagger","floor":27},{"not_picked":["Quick Slash","Underhanded Strike"],"picked":"Cloak And Dagger","floor":28},{"not_picked":["Deadly Poison","Acrobatics"],"picked":"Cloak And Dagger","floor":31}],"player_experience":622057,"relics_obtained":[{"floor":8.0,"key":"Boot"},{"floor":9.0,"key":"The Courier"},{"floor":14.0,"key":"Oddly Smooth Stone"},{"floor":26,"key":"MawBank"}],"event_choices":[{"damage_healed":0.0,"max_hp_gain":0.0,"max_hp_loss":0.0,"gold_gain":0.0,"cards_transformed":["Strike_G"],"event_name":"Living Wall","player_choice":"Change","floor":7.0,"gold_loss":0.0,"damage_taken":0.0,"cards_obtained":["Acrobatics"]},{"damage_healed":0.0,"max_hp_gain":0.0,"max_hp_loss":6.0,"gold_gain":0.0,"event_name":"Golden Idol","player_choice":"Lose Max HP","floor":11.0,"gold_loss":0.0,"damage_taken":0.0,"relics_obtained":["Golden Idol"]},{"damage_healed":15.0,"max_hp_gain":0.0,"max_hp_loss":0.0,"gold_gain":0.0,"event_name":"The Cleric","player_choice":"Healed","floor":12.0,"gold_loss":35.0,"damage_taken":0.0},{"damage_healed":0,"gold_gain":0,"player_choice":"Ignored","damage_taken":0,"max_hp_gain":0,"max_hp_loss":0,"event_name":"Ghosts","floor":20,"gold_loss":0},{"damage_healed":0,"gold_gain":0,"player_choice":"Stole Relic","damage_taken":0,"relics_obtained":["Meat on the Bone"],"max_hp_gain":0,"max_hp_loss":0,"event_name":"Addict","floor":21,"gold_loss":0,"cards_obtained":["Shame"]},{"cards_removed":["Shame"],"damage_healed":0,"gold_gain":0,"player_choice":"Gave Gold","damage_taken":0,"max_hp_gain":0,"max_hp_loss":0,"event_name":"Beggar","floor":30,"gold_loss":75}],"is_beta":false,"boss_relics":[{"not_picked":["Runic Pyramid","White Beast Statue"],"picked":"Black Star"}],"items_purged_floors":[10],"is_endless":false,"potions_floor_spawned":[3,5,8,24,27],"killed_by":"Collector","ascension_level":16}