{"gold_per_floor":[114,133,133,183,208,208,208,208,235,259,259,282,295,295],"floor_reached":14,"playtime":484,"items_purged":[],"score":164,"play_id":"6a35d4e4-b166-4569-a6b2-930f3e05285e","local_time":"20181010012744","is_ascension_mode":true,"campfire_choices":[{"data":"Loop","floor":6.0,"key":"SMITH"},{"data":"Zap","floor":8,"key":"SMITH"},{"data":"Streamline","floor":11,"key":"SMITH"}],"neow_cost":"NONE","seed_source_timestamp":2286501764897983,"circlet_count":0,"master_deck":["Strike_B","Strike_B","Strike_B","Defend_B","Defend_B","Defend_B","Defend_B","Zap+1","Dualcast","AscendersBane","Rip and Tear","Cold Snap","Coolheaded","Loop+1","Parasite","Streamline+1","Rebound","Leap"],"special_seed":0,"relics":["Cracked Core","Golden Idol","Art of War"],"potions_floor_usage":[12,13,14],"damage_taken":[{"damage":4.0,"enemies":"2 Louse","floor":1.0,"turns":3.0},{"damage":8.0,"enemies":"Small Slimes","floor":2.0,"turns":3.0},{"damage":3.0,"enemies":"Jaw Worm","floor":5.0,"turns":3.0},{"damage":12,"enemies":"3 Louse","floor":10,"turns":2},{"damage":23,"enemies":"Exordium Thugs","floor":12,"turns":4},{"damage":3,"enemies":"2 Fungi Beasts","floor":13,"turns":3},{"damage":5,"enemies":"Large Slime","floor":14,"turns":2}],"seed_played":"2456869764465566804","potions_obtained":[{"floor":2.0,"key":"SteroidPotion"},{"floor":5.0,"key":"LiquidBronze"},{"floor":12,"key":"EssenceOfSteel"},{"floor":13,"key":"Strength Potion"}],"is_trial":false,"path_per_floor":["M","M","?","?","M","R","?","R","T","M","R","M","M"],"character_chosen":"DEFECT","items_purchased":[],"campfire_rested":0,"item_purchase_floors":[],"current_hp_per_floor":[60,52,28,28,25,25,42,42,42,30,30,7,4,0],"gold":295,"neow_bonus":"TRANSFORM_CARD","is_prod":false,"is_daily":false,"chose_seed":false,"campfire_upgraded":3,"win_rate":0,"timestamp":1539160064,"path_taken":["M","M","?","?","M","R","?","R","T","M","R","M","M","M"],"build_version":"2018-10-08","purchased_purges":0,"victory":false,"max_hp_per_floor":[71,71,71,71,71,71,71,71,71,71,71,71,71,71],"card_choices":[{"not_picked":["Turbo","Genetic Algorithm"],"picked":"Cold Snap","floor":1.0},{"not_picked":["Genetic Algorithm","Conserve Battery"],"picked":"Coolheaded","floor":2.0},{"not_picked":["Leap","Melter"],"picked":"Loop","floor":5.0},{"not_picked":["Turbo","Go for the Eyes"],"picked":"Streamline","floor":10},{"not_picked":["Aggregate","Redo"],"picked":"Rebound","floor":12},{"not_picked":["Compile Driver","Turbo"],"picked":"Leap","floor":13}],"player_experience":2504136,"relics_obtained":[{"floor":9,"key":"Art of War"}],"event_choices":[{"event_name":"Golden Idol","player_choice":"Take Damage","floor":3.0,"damage_taken":0.0},{"event_name":"Golden Shrine","player_choice":"Pray","floor":4.0,"damage_taken":0.0},{"event_name":"Mushrooms","player_choice":"Healed and dodged fight","floor":7,"damage_taken":0}],"is_beta":true,"boss_relics":[],"items_purged_floors":[],"is_endless":false,"potions_floor_spawned":[2,5,12,13],"killed_by":"Large Slime","ascension_level":20}