{"gold_per_floor":[16,66,66,66,81,107,123,123,123,123,141,141,151,180,180,253,253,272,197,197,210,135,135,42,55,55,55,71,83,93,106,106,180,180,197,197,215,215,230,230],"floor_reached":40,"playtime":1611,"items_purged":["Shame"],"score":800,"play_id":"bba68709-8ea3-4717-aa2f-fd6d2aeb6b9e","local_time":"20190819231110","is_ascension_mode":true,"campfire_choices":[{"floor":8.0,"key":"REST"},{"data":"Zap","floor":10.0,"key":"SMITH"},{"data":"Loop","floor":12.0,"key":"SMITH"},{"floor":15.0,"key":"REST"},{"data":"Consume","floor":23.0,"key":"SMITH"},{"data":"Capacitor","floor":27.0,"key":"SMITH"},{"data":"Self Repair","floor":32.0,"key":"SMITH"}],"neow_cost":"NO_GOLD","seed_source_timestamp":253536732086100,"circlet_count":0,"master_deck":["AscendersBane","Zap+1","Dualcast","Genetic Algorithm","Coolheaded","Ball Lightning","Capacitor+1","Loop+1","White Noise","Machine Learning","Genetic Algorithm","Compile Driver","Hologram","Sweeping Beam","Storm","Consume+1","Ball Lightning+1","Heatsinks","Gash","Coolheaded","FTL","Self Repair+1","Steam+1","Static Discharge","Creative AI","Loop","Gash","Sweeping Beam","Redo","Gash","Hello World","Blizzard","Hologram","Barrage+1"],"special_seed":0,"relics":["Cracked Core","Bird Faced Urn","Ornamental Fan","Dodecahedron","Happy Flower","Orrery","Torii","Mummified Hand","Pandora\u0027s Box"],"potions_floor_usage":[39],"damage_taken":[{"damage":10.0,"enemies":"2 Louse","floor":1.0,"turns":2.0},{"damage":6.0,"enemies":"Cultist","floor":5.0,"turns":4.0},{"damage":46.0,"enemies":"Lagavulin","floor":6.0,"turns":9.0},{"damage":4.0,"enemies":"Small Slimes","floor":7.0,"turns":4.0},{"damage":4.0,"enemies":"2 Fungi Beasts","floor":11.0,"turns":4.0},{"damage":9.0,"enemies":"Looter","floor":13.0,"turns":3.0},{"damage":25.0,"enemies":"3 Sentries","floor":14.0,"turns":7.0},{"damage":32.0,"enemies":"Slime Boss","floor":16.0,"turns":7.0},{"damage":21.0,"enemies":"Shell Parasite","floor":18.0,"turns":7.0},{"damage":13.0,"enemies":"Spheric Guardian","floor":21.0,"turns":6.0},{"damage":7.0,"enemies":"Snecko","floor":25.0,"turns":5.0},{"damage":12.0,"enemies":"Chosen and Byrds","floor":28.0,"turns":5.0},{"damage":33.0,"enemies":"3 Cultists","floor":29.0,"turns":6.0},{"damage":11.0,"enemies":"Centurion and Healer","floor":30.0,"turns":6.0},{"damage":11.0,"enemies":"Sentry and Sphere","floor":31.0,"turns":4.0},{"damage":2.0,"enemies":"Automaton","floor":33.0,"turns":11.0},{"damage":8.0,"enemies":"3 Shapes","floor":35.0,"turns":6.0},{"damage":8.0,"enemies":"Orb Walker","floor":37.0,"turns":3.0},{"damage":38,"enemies":"Jaw Worm Horde","floor":39,"turns":5},{"damage":76,"enemies":"Reptomancer","floor":40,"turns":2}],"seed_played":"756308815709679640","potions_obtained":[{"floor":5.0,"key":"FairyPotion"},{"floor":13.0,"key":"FairyPotion"},{"floor":14.0,"key":"Fire Potion"},{"floor":18.0,"key":"Dexterity Potion"},{"floor":21.0,"key":"Poison Potion"},{"floor":28.0,"key":"Weak Potion"},{"floor":30.0,"key":"Weak Potion"},{"floor":33.0,"key":"Block Potion"},{"floor":35.0,"key":"Block Potion"}],"is_trial":false,"path_per_floor":["M","?","$","?","M","E","M","R","T","R","M","R","M","E","R","B",null,"M","?","?","M","$","R","$","M","T","R","M","M","M","M","R","B",null,"M","?","M","T","M","E"],"character_chosen":"DEFECT","items_purchased":["Heatsinks","Gash"],"campfire_rested":2,"item_purchase_floors":[24,24],"current_hp_per_floor":[54,54,54,54,48,2,7,28,28,28,26,26,21,7,28,12,56,45,45,45,42,42,42,42,45,45,45,41,18,39,49,49,71,71,71,71,69,69,55,0],"gold":230,"neow_bonus":"ONE_RARE_RELIC","is_prod":false,"is_daily":false,"chose_seed":false,"campfire_upgraded":5,"win_rate":0,"timestamp":1566270670,"path_taken":["M","?","?","?","?","E","M","R","T","R","M","R","M","E","R","BOSS","M","?","?","M","$","R","?","M","T","R","M","M","M","M","R","BOSS","M","?","M","?","M","E"],"build_version":"2019-07-17","purchased_purges":1,"victory":false,"max_hp_per_floor":[71,71,71,71,71,71,71,71,71,71,71,71,71,71,71,71,71,71,71,71,71,71,71,71,71,71,71,71,71,71,71,71,71,71,71,71,71,71,71,71],"card_choices":[{"not_picked":["Sweeping Beam","Streamline"],"picked":"Genetic Algorithm","floor":1.0},{"not_picked":["Beam Cell","Streamline"],"picked":"Coolheaded","floor":5.0},{"not_picked":["Aggregate","All For One"],"picked":"Ball Lightning","floor":6.0},{"not_picked":["Scrape","Rebound"],"picked":"Capacitor","floor":7.0},{"not_picked":["Cold Snap","Doom and Gloom"],"picked":"Loop","floor":11.0},{"not_picked":["Double Energy","Barrage"],"picked":"Cold Snap","floor":13.0},{"not_picked":["Gash","Static Discharge"],"picked":"White Noise","floor":14.0},{"not_picked":["All For One","Reboot"],"picked":"Machine Learning","floor":16.0},{"not_picked":["Capacitor","Undo"],"picked":"Genetic Algorithm","floor":17.0},{"not_picked":["Beam Cell","Redo"],"picked":"Compile Driver","floor":17.0},{"not_picked":["All For One","Rebound"],"picked":"Hologram","floor":17.0},{"not_picked":["Fusion","Leap"],"picked":"Sweeping Beam","floor":17.0},{"not_picked":["Compile Driver","Steam Power"],"picked":"Storm","floor":17.0},{"not_picked":["Gash","Hyperbeam"],"picked":"Consume","floor":18.0},{"not_picked":["Gash","Stack"],"picked":"Ball Lightning+1","floor":21.0},{"not_picked":["Conserve Battery","White Noise"],"picked":"Coolheaded","floor":25.0},{"not_picked":["Beam Cell","Sunder"],"picked":"FTL","floor":28.0},{"not_picked":["Turbo","Recycle"],"picked":"Self Repair","floor":29.0},{"not_picked":["All For One","Stack"],"picked":"Steam+1","floor":30.0},{"not_picked":["Rebound+1","Redo"],"picked":"Static Discharge","floor":31.0},{"not_picked":["Biased Cognition","Rainbow"],"picked":"Creative AI","floor":33.0},{"not_picked":["Streamline","Lockon"],"picked":"Blizzard","floor":35.0},{"not_picked":["Rebound","Sweeping Beam"],"picked":"Hologram","floor":37.0},{"not_picked":["Beam Cell","Auto Shields"],"picked":"Barrage+1","floor":39}],"player_experience":586454,"relics_obtained":[{"floor":6.0,"key":"Ornamental Fan"},{"floor":9.0,"key":"Dodecahedron"},{"floor":14.0,"key":"Happy Flower"},{"floor":26.0,"key":"Mummified Hand"}],"event_choices":[{"damage_healed":0.0,"max_hp_gain":0.0,"max_hp_loss":0.0,"gold_gain":50.0,"event_name":"Golden Shrine","player_choice":"Pray","floor":2.0,"gold_loss":0.0,"damage_taken":0.0},{"cards_removed":["Defend_B"],"damage_healed":0.0,"max_hp_gain":0.0,"max_hp_loss":0.0,"gold_gain":0.0,"event_name":"Purifier","player_choice":"Purged","floor":4.0,"gold_loss":0.0,"damage_taken":0.0},{"cards_removed":["Strike_B"],"damage_healed":0.0,"max_hp_gain":0.0,"max_hp_loss":0.0,"gold_gain":0.0,"event_name":"Beggar","player_choice":"Gave Gold","floor":19.0,"gold_loss":75.0,"damage_taken":0.0},{"damage_healed":0.0,"max_hp_gain":0.0,"max_hp_loss":0.0,"gold_gain":0.0,"event_name":"Addict","player_choice":"Stole Relic","floor":20.0,"gold_loss":0.0,"damage_taken":0.0,"relics_obtained":["Torii"],"cards_obtained":["Shame"]},{"cards_removed":["Cold Snap"],"damage_healed":0.0,"max_hp_gain":0.0,"max_hp_loss":0.0,"gold_gain":0.0,"event_name":"Falling","player_choice":"Removed Attack","floor":36.0,"gold_loss":0.0,"damage_taken":0.0}],"is_beta":false,"boss_relics":[{"not_picked":["Black Star","Lizard Tail"],"picked":"Orrery"},{"not_picked":["Calling Bell","Snecko Eye"],"picked":"Pandora\u0027s Box"}],"items_purged_floors":[22],"is_endless":false,"potions_floor_spawned":[5,13,14,18,21,28,30,33,35],"killed_by":"Reptomancer","ascension_level":20}