{"gold_per_floor":[112,112,128,140,14,14,41,41,67,67,14,89,107,119,119,119],"floor_reached":16,"playtime":328,"items_purged":["Decay"],"score":200,"play_id":"502b92f0-3ae0-4820-9278-3118abd8c34c","local_time":"20190618105830","is_ascension_mode":true,"campfire_choices":[{"data":"Whirlwind","floor":6,"key":"SMITH"},{"data":"Bash","floor":8,"key":"SMITH"},{"data":"Bash","floor":10,"key":"SMITH"},{"data":"Inflame","floor":15,"key":"SMITH"}],"neow_cost":"NONE","seed_source_timestamp":3340519879746594,"circlet_count":0,"master_deck":["AscendersBane","Strike_R","Strike_R","Strike_R","Strike_R","Strike_R","Defend_R","Defend_R","Defend_R","Defend_R","Bash+1","Whirlwind+1","Bash+1","Iron Wave","Iron Wave","Infernal Blade","Anger","Inflame+1"],"relics":["Burning Blood","Strawberry","Art of War","Bag of Preparation"],"potions_floor_usage":[13,16,16],"damage_taken":[{"damage":12,"enemies":"Small Slimes","floor":1,"turns":3},{"damage":8,"enemies":"Cultist","floor":3,"turns":3},{"damage":2,"enemies":"2 Louse","floor":4,"turns":2},{"damage":52,"enemies":"Lagavulin","floor":7,"turns":7},{"damage":7,"enemies":"Looter","floor":13,"turns":3},{"damage":6,"enemies":"2 Fungi Beasts","floor":14,"turns":2},{"damage":14,"enemies":"Hexaghost","floor":16,"turns":4}],"seed_played":"6093110766817831067","potions_obtained":[{"floor":4,"key":"Swift Potion"},{"floor":13,"key":"Energy Potion"}],"is_trial":false,"path_per_floor":["M","?","M","M","$","R","E","R","T","R","$","?","M","M","R","B"],"character_chosen":"IRONCLAD","items_purchased":["Iron Wave","Dexterity Potion"],"campfire_rested":0,"item_purchase_floors":[5,11],"current_hp_per_floor":[69,69,67,71,71,71,25,25,25,25,25,14,13,13,13,0],"gold":119,"neow_bonus":"RANDOM_COMMON_RELIC","is_prod":false,"is_daily":false,"chose_seed":false,"campfire_upgraded":4,"win_rate":0,"timestamp":1560869910,"path_taken":["M","?","M","?","$","R","E","R","T","R","$","?","M","M","R","BOSS"],"build_version":"2019-01-23","purchased_purges":1,"victory":false,"max_hp_per_floor":[82,82,82,82,82,82,82,82,82,82,82,82,82,82,82,82],"card_choices":[{"not_picked":["True Grit","Seeing Red"],"picked":"Whirlwind","floor":1},{"not_picked":["Clash","Perfected Strike"],"picked":"Iron Wave","floor":3},{"not_picked":["Bloodletting","Intimidate","Whirlwind"],"picked":"SKIP","floor":4},{"not_picked":["Havoc","Blood for Blood"],"picked":"Infernal Blade","floor":7},{"not_picked":["Dual Wield","Pommel Strike"],"picked":"Anger","floor":13},{"not_picked":["Clash","Infernal Blade"],"picked":"Inflame","floor":14}],"player_experience":430648,"relics_obtained":[{"floor":7,"key":"Art of War"},{"floor":9,"key":"Bag of Preparation"}],"event_choices":[{"damage_healed":0,"gold_gain":0,"player_choice":"2 cards matched","damage_taken":0,"max_hp_gain":0,"max_hp_loss":0,"event_name":"Match and Keep!","floor":2,"gold_loss":0,"cards_obtained":["Decay","Bash"]},{"damage_healed":0,"gold_gain":75,"player_choice":"Gather Gold","damage_taken":11,"max_hp_gain":0,"max_hp_loss":0,"event_name":"World of Goop","floor":12,"gold_loss":0}],"is_beta":false,"boss_relics":[],"items_purged_floors":[5],"is_endless":false,"potions_floor_spawned":[4,13,14],"killed_by":"Hexaghost","ascension_level":20}