{"gold_per_floor":[13,27,102,121,139,169,169,199,199],"floor_reached":9,"playtime":698,"items_purged":[],"score":80,"play_id":"96f39407-8715-4287-803f-e094df9a8359","local_time":"20190813155554","is_ascension_mode":true,"campfire_choices":[{"floor":7,"key":"REST"}],"neow_cost":"NO_GOLD","seed_source_timestamp":1866788555827,"circlet_count":0,"master_deck":["Strike_R","Strike_R","Strike_R","Strike_R","Strike_R","Defend_R","Defend_R","Defend_R","Defend_R","Bash","Carnage","Seeing Red","Armaments","Pommel Strike","Evolve","Corruption"],"relics":["Burning Blood","Calipers","Dodecahedron","Meat on the Bone","Bottled Flame"],"potions_floor_usage":[5,6,8],"damage_taken":[{"damage":1,"enemies":"Cultist","floor":1,"turns":3},{"damage":5,"enemies":"Small Slimes","floor":2,"turns":5},{"damage":7,"enemies":"Jaw Worm","floor":4,"turns":3},{"damage":20,"enemies":"Exordium Thugs","floor":5,"turns":5},{"damage":25,"enemies":"Lagavulin","floor":6,"turns":12},{"damage":22,"enemies":"3 Sentries","floor":8,"turns":8}],"seed_played":"8023164044501810902","potions_obtained":[{"floor":1,"key":"Energy Potion"},{"floor":4,"key":"GamblersBrew"},{"floor":6,"key":"PowerPotion"}],"is_trial":false,"path_per_floor":["M","M","?","M","M","E","R","E","T"],"character_chosen":"IRONCLAD","items_purchased":[],"campfire_rested":1,"item_purchase_floors":[],"current_hp_per_floor":[80,80,72,71,57,38,62,46,46],"gold":199,"neow_bonus":"ONE_RARE_RELIC","is_prod":false,"is_daily":false,"chose_seed":false,"campfire_upgraded":0,"win_rate":0,"timestamp":1565679354,"path_taken":["M","?","?","?","M","E","R","E","T"],"build_version":"2019-07-17","purchased_purges":0,"victory":false,"max_hp_per_floor":[80,80,80,80,80,80,80,80,80],"card_choices":[{"not_picked":["Twin Strike","Sever Soul"],"picked":"Carnage","floor":1},{"not_picked":["Flex","Cleave"],"picked":"Seeing Red","floor":2},{"not_picked":["Reckless Charge","Sword Boomerang"],"picked":"Armaments","floor":4},{"not_picked":["Brutality","Rage"],"picked":"Pommel Strike","floor":5},{"not_picked":["Infernal Blade","Clash"],"picked":"Evolve","floor":6},{"not_picked":["Ghostly Armor","Feel No Pain"],"picked":"Corruption","floor":8}],"player_experience":76225,"relics_obtained":[{"floor":6,"key":"Dodecahedron"},{"floor":8,"key":"Meat on the Bone"},{"floor":9,"key":"Bottled Flame"}],"event_choices":[{"damage_healed":0,"gold_gain":75,"player_choice":"Touch","damage_taken":8,"max_hp_gain":0,"max_hp_loss":0,"event_name":"FaceTrader","floor":3,"gold_loss":0}],"is_beta":false,"boss_relics":[],"items_purged_floors":[],"is_endless":false,"potions_floor_spawned":[1,4,6],"ascension_level":2}