{"gold_per_floor":[115,115,7,7,24,24,55,55,55,55,68,68],"floor_reached":12,"playtime":749,"items_purged":[],"score":152,"play_id":"e5eb6dd5-d226-43b9-b3eb-05ee00cb595d","local_time":"20190805021654","is_ascension_mode":true,"campfire_choices":[{"data":"Streamline","floor":6,"key":"SMITH"},{"data":"Genetic Algorithm","floor":8,"key":"SMITH"}],"neow_cost":"NONE","seed_source_timestamp":254282441577211,"circlet_count":0,"master_deck":["AscendersBane","Strike_B","Strike_B","Strike_B","Strike_B+1","Defend_B","Defend_B+1","Defend_B","Defend_B","Zap","Dualcast","Streamline+1","Deep Breath","Gash","Genetic Algorithm+1","Leap"],"special_seed":0,"relics":["Cracked Core","Art of War","Du-Vu Doll","Golden Idol"],"potions_floor_usage":[],"damage_taken":[{"damage":2,"enemies":"Cultist","floor":1,"turns":4},{"damage":0,"enemies":"Small Slimes","floor":5,"turns":2},{"damage":40,"enemies":"Gremlin Nob","floor":7,"turns":4},{"damage":1,"enemies":"Jaw Worm","floor":11,"turns":3},{"damage":7,"enemies":"3 Sentries","floor":12,"turns":2}],"seed_played":"5010303267817605643","potions_obtained":[{"floor":11,"key":"Poison Potion"}],"is_trial":false,"path_per_floor":["M","$","$","?","M","R","E","R","T","?","M","E"],"character_chosen":"DEFECT","items_purchased":["Deep Breath"],"campfire_rested":0,"item_purchase_floors":[3],"current_hp_per_floor":[69,69,69,46,46,46,6,6,6,6,5,0],"gold":68,"neow_bonus":"TEN_PERCENT_HP_BONUS","is_prod":false,"is_daily":false,"chose_seed":false,"campfire_upgraded":2,"win_rate":0,"timestamp":1564996614,"path_taken":["M","?","$","?","M","R","E","R","T","?","M","E"],"build_version":"2019-07-18","purchased_purges":0,"victory":false,"max_hp_per_floor":[78,78,78,78,78,78,78,78,78,71,71,71],"card_choices":[{"not_picked":["Compile Driver","Sweeping Beam"],"picked":"Streamline","floor":1},{"not_picked":["Undo","Sweeping Beam"],"picked":"Gash","floor":5},{"not_picked":["Turbo","Capacitor"],"picked":"Genetic Algorithm","floor":7},{"not_picked":["Barrage","Go for the Eyes"],"picked":"Leap","floor":11}],"player_experience":2870406,"relics_obtained":[{"floor":7,"key":"Art of War"},{"floor":9,"key":"Du-Vu Doll"}],"event_choices":[{"damage_healed":0,"gold_gain":0,"player_choice":"Entered Light","damage_taken":23,"max_hp_gain":0,"max_hp_loss":0,"event_name":"Shining Light","floor":4,"gold_loss":0,"cards_upgraded":["Defend_B","Strike_B"]},{"damage_healed":0,"gold_gain":0,"player_choice":"Lose Max HP","damage_taken":0,"relics_obtained":["Golden Idol"],"max_hp_gain":0,"max_hp_loss":7,"event_name":"Golden Idol","floor":10,"gold_loss":0}],"is_beta":true,"boss_relics":[],"items_purged_floors":[],"is_endless":false,"potions_floor_spawned":[11],"killed_by":"3 Sentries","ascension_level":20}