{"gold_per_floor":[116,135,135,153,165,165,165,165,234,297,322,322,5,34,34,113,113,131,38,51,69,69,69,129,54,54,66,66,91,104,21,21,100,100,111,111,10,10,27,27,38,38,85,85,100,118,136,155,155,155,155],"floor_reached":52,"playtime":4091,"items_purged":["Strike_B"],"score":1714,"play_id":"33d8de1d-c783-48aa-a09a-2132b83f76fc","local_time":"20181014230932","is_ascension_mode":true,"campfire_choices":[{"data":"Zap","floor":6.0,"key":"SMITH"},{"data":"Leap","floor":8.0,"key":"SMITH"},{"data":"Compile Driver","floor":12.0,"key":"SMITH"},{"data":"Dualcast","floor":15.0,"key":"SMITH"},{"floor":23.0,"key":"REST"},{"data":"Buffer","floor":28.0,"key":"SMITH"},{"floor":32,"key":"REST"},{"data":"White Noise","floor":40,"key":"SMITH"},{"data":"Biased Cognition","floor":42,"key":"SMITH"},{"data":"Defragment","floor":49,"key":"SMITH"}],"neow_cost":"PERCENT_DAMAGE","seed_source_timestamp":365983561612718,"circlet_count":0,"master_deck":["Strike_B","Strike_B","Defend_B","Defend_B+1","Defend_B","Defend_B","Zap+1","Dualcast+1","AscendersBane","Compile Driver+1","Genetic Algorithm","Ball Lightning+1","Leap+1","Dark Shackles","Master of Strategy","Coolheaded","Buffer+1","Steam","White Noise+1","Sweeping Beam+1","Coolheaded+1","Stack","Loop+1","FTL","Cold Snap+1","Glacier+1","Biased Cognition+1","Force Field","Stack","Cold Snap","Cold Snap+1","Reinforced Body+1","Capacitor","Hologram","Glacier","Defragment+1","Capacitor+1"],"special_seed":0,"relics":["Cracked Core","Pantograph","Omamori","Odd Mushroom","Runic Pyramid","Enchiridion","Tiny Chest","Meat on the Bone","Vajra","Cursed Key","Prayer Wheel","War Paint"],"potions_floor_usage":[30,51],"damage_taken":[{"damage":9.0,"enemies":"Small Slimes","floor":1.0,"turns":4.0},{"damage":4.0,"enemies":"2 Louse","floor":2.0,"turns":3.0},{"damage":6.0,"enemies":"Cultist","floor":4.0,"turns":4.0},{"damage":2.0,"enemies":"Exordium Wildlife","floor":5.0,"turns":3.0},{"damage":17.0,"enemies":"The Mushroom Lair","floor":14.0,"turns":5.0},{"damage":6.0,"enemies":"The Guardian","floor":16.0,"turns":12.0},{"damage":8.0,"enemies":"2 Thieves","floor":18.0,"turns":5.0},{"damage":1.0,"enemies":"Chosen","floor":20.0,"turns":6.0},{"damage":12.0,"enemies":"3 Cultists","floor":21.0,"turns":4.0},{"damage":15.0,"enemies":"Gremlin Leader","floor":24.0,"turns":8.0},{"damage":6.0,"enemies":"Centurion and Healer","floor":27.0,"turns":12.0},{"damage":51,"enemies":"Slavers","floor":29,"turns":8},{"damage":0,"enemies":"Cultist and Chosen","floor":30,"turns":6},{"damage":79,"enemies":"Automaton","floor":33,"turns":16},{"damage":0,"enemies":"Orb Walker","floor":35,"turns":5},{"damage":0,"enemies":"3 Darklings","floor":39,"turns":7},{"damage":0,"enemies":"Transient","floor":41,"turns":6},{"damage":0,"enemies":"Sphere and 2 Shapes","floor":45,"turns":6},{"damage":0,"enemies":"Jaw Worm Horde","floor":46,"turns":8},{"damage":1,"enemies":"Transient","floor":47,"turns":6},{"damage":0,"enemies":"Spire Growth","floor":48,"turns":9},{"damage":8,"enemies":"Time Eater","floor":50,"turns":21},{"damage":20,"enemies":"Donu and Deca","floor":51,"turns":14}],"seed_played":"-4830772936562110557","potions_obtained":[{"floor":2.0,"key":"Ancient Potion"},{"floor":4.0,"key":"Ancient Potion"},{"floor":16.0,"key":"Strength Potion"},{"floor":21.0,"key":"Ancient Potion"},{"floor":33,"key":"Ancient Potion"},{"floor":39,"key":"Energy Potion"},{"floor":41,"key":"SpeedPotion"}],"is_trial":false,"path_per_floor":["M","M","?","M","M","R","?","R","T","?","T","R","$","?","R","B",null,"M","$","M","M","?","R","E","?","T","M","R","E","M","$","R","B",null,"M","?","$","T","M","R","M","R","T","?","M","M","M","M","R","B","B"],"character_chosen":"DEFECT","items_purchased":["Dark Shackles","Master of Strategy","White Noise","Glacier","Stack"],"campfire_rested":2,"item_purchase_floors":[13,13,19,31,37],"current_hp_per_floor":[51,47,52,46,44,44,44,44,44,44,44,44,44,27,27,46,79,71,71,70,58,37,64,49,49,49,55,55,16,28,28,55,13,71,71,71,71,71,71,71,71,71,71,71,71,71,70,70,70,82,70],"gold":155,"neow_bonus":"TWENTY_PERCENT_HP_BONUS","is_prod":false,"is_daily":false,"chose_seed":false,"campfire_upgraded":8,"win_rate":0,"timestamp":1539583772,"path_taken":["M","M","?","?","M","R","?","R","T","?","?","R","$","?","R","BOSS","M","$","M","M","?","R","E","?","T","M","R","E","?","$","R","BOSS","M","?","$","?","?","R","M","R","T","?","M","?","M","M","R","BOSS","BOSS"],"build_version":"2018-10-11","purchased_purges":1,"victory":true,"max_hp_per_floor":[85,85,90,90,90,90,90,90,90,90,90,90,90,90,90,90,90,90,90,90,90,90,90,90,90,90,90,90,90,90,90,90,90,90,90,90,90,90,90,90,90,90,90,90,90,90,90,90,90,90,90],"card_choices":[{"not_picked":["Rebound","Barrage"],"picked":"Compile Driver","floor":1.0},{"not_picked":["Rebound","Tempest"],"picked":"Genetic Algorithm","floor":2.0},{"not_picked":["Consume","Barrage"],"picked":"Ball Lightning","floor":4.0},{"not_picked":["Turbo","Melter"],"picked":"Leap","floor":5.0},{"not_picked":["Meteor Strike","Leap"],"picked":"Coolheaded","floor":14.0},{"not_picked":["Creative AI","Machine Learning"],"picked":"Buffer","floor":16.0},{"not_picked":["Sweeping Beam","Tempest"],"picked":"Steam","floor":18.0},{"not_picked":["Aggregate","Steam+1"],"picked":"Sweeping Beam+1","floor":20.0},{"not_picked":["Rebound","Leap"],"picked":"Coolheaded+1","floor":21.0},{"not_picked":["Conserve Battery","Leap"],"picked":"Stack","floor":24.0},{"not_picked":["Storm+1","Gash"],"picked":"Loop+1","floor":27.0},{"not_picked":["Scrape","Streamline"],"picked":"FTL","floor":29},{"not_picked":["Gash","Reinforced Body"],"picked":"Cold Snap+1","floor":30},{"not_picked":["Amplify","Fission"],"picked":"Biased Cognition","floor":33},{"not_picked":["Go for the Eyes","Ball Lightning"],"picked":"Force Field","floor":35},{"not_picked":["Sweeping Beam+1","Rebound+1"],"picked":"Cold Snap","floor":39},{"not_picked":["Undo","Gash","Compile Driver"],"picked":"SKIP","floor":39},{"not_picked":["Beam Cell","Undo"],"picked":"Cold Snap+1","floor":41},{"not_picked":["Barrage+1","Ball Lightning"],"picked":"Reinforced Body+1","floor":41},{"not_picked":["Amplify","Compile Driver"],"picked":"Capacitor","floor":45},{"not_picked":["Rebound","Beam Cell+1"],"picked":"Hologram","floor":45},{"not_picked":["Steam","Beam Cell"],"picked":"Glacier","floor":46},{"not_picked":["Ball Lightning+1","FTL+1"],"picked":"Defragment","floor":46},{"not_picked":["Streamline","Melter","Barrage"],"picked":"SKIP","floor":47},{"not_picked":["Sweeping Beam","Turbo","Barrage"],"picked":"SKIP","floor":47},{"not_picked":["Turbo+1","Gash"],"picked":"Capacitor+1","floor":48},{"not_picked":["Fusion","Cold Snap","Ball Lightning"],"picked":"SKIP","floor":48}],"player_experience":2540577,"relics_obtained":[{"floor":9.0,"key":"Pantograph"},{"floor":11.0,"key":"Omamori"},{"floor":14.0,"key":"Odd Mushroom"},{"floor":22.0,"key":"Enchiridion"},{"floor":24.0,"key":"Tiny Chest"},{"floor":26.0,"key":"Meat on the Bone"},{"floor":29,"key":"Vajra"},{"floor":38,"key":"Prayer Wheel"},{"floor":43,"key":"War Paint"}],"event_choices":[{"event_name":"Big Fish","player_choice":"Donut","floor":3.0,"damage_taken":0.0},{"event_name":"Living Wall","player_choice":"Grow","floor":7.0,"damage_taken":0.0},{"event_name":"Golden Wing","player_choice":"Gained Gold","floor":10.0,"damage_taken":0.0},{"event_name":"Mushrooms","player_choice":"Fought Mushrooms","floor":14.0,"damage_taken":0.0},{"event_name":"Cursed Tome","player_choice":"Obtained Book","floor":22.0,"damage_taken":0.0},{"event_name":"Beggar","player_choice":"Gave Gold","floor":25.0,"damage_taken":0.0},{"event_name":"Tomb of Lord Red Mask","player_choice":"Ignored","floor":36,"damage_taken":0},{"event_name":"Mysterious Sphere","player_choice":"Ignore","floor":44,"damage_taken":0}],"is_beta":true,"boss_relics":[{"not_picked":["Orrery","Snecko Eye"],"picked":"Runic Pyramid"},{"not_picked":["Astrolabe","White Beast Statue"],"picked":"Cursed Key"}],"items_purged_floors":[37],"is_endless":false,"potions_floor_spawned":[2,4,14,16,18,21,33,39,41],"ascension_level":20}