{"gold_per_floor":[116,46,57,67,67,98,108,138,161,173,173,205,223,248,248,349,349,364,4,14,14],"floor_reached":21,"playtime":706,"items_purged":[],"score":317,"play_id":"002437af-6b5b-4d01-893f-3542642fa195","local_time":"20190301134647","is_ascension_mode":true,"campfire_choices":[{"floor":15,"key":"REST"}],"neow_cost":"TEN_PERCENT_HP_LOSS","seed_source_timestamp":898372041981664,"circlet_count":0,"master_deck":["AscendersBane","Strike_B+1","Strike_B","Strike_B+1","Strike_B","Defend_B","Defend_B","Defend_B","Defend_B","Zap","Dualcast","Melter","Chill","Biased Cognition+1","Coolheaded","Ball Lightning","Heatsinks","Glacier","Streamline","Static Discharge","Amplify","Redo+1","Capacitor","Panache","Coolheaded+1"],"relics":["Cracked Core","Gambling Chip","Potion Belt","Juzu Bracelet","Orichalcum","Regal Pillow","Strawberry","Philosopher\u0027s Stone","Whetstone"],"potions_floor_usage":[14,16],"damage_taken":[{"damage":0,"enemies":"Small Slimes","floor":1,"turns":2},{"damage":1,"enemies":"Cultist","floor":3,"turns":3},{"damage":0,"enemies":"2 Louse","floor":4,"turns":3},{"damage":19,"enemies":"Gremlin Nob","floor":6,"turns":4},{"damage":6,"enemies":"Blue Slaver","floor":7,"turns":2},{"damage":16,"enemies":"3 Sentries","floor":8,"turns":8},{"damage":2,"enemies":"Red Slaver","floor":10,"turns":3},{"damage":3,"enemies":"Lagavulin","floor":12,"turns":5},{"damage":4,"enemies":"2 Fungi Beasts","floor":13,"turns":4},{"damage":12,"enemies":"Gremlin Nob","floor":14,"turns":4},{"damage":22,"enemies":"Slime Boss","floor":16,"turns":13},{"damage":7,"enemies":"Chosen","floor":18,"turns":5},{"damage":38,"enemies":"2 Thieves","floor":20,"turns":4},{"damage":24,"enemies":"Colosseum Slavers","floor":21,"turns":1}],"seed_played":"6174196097390732857","potions_obtained":[{"floor":6,"key":"Ancient Potion"},{"floor":7,"key":"SteroidPotion"},{"floor":10,"key":"EssenceOfSteel"},{"floor":14,"key":"SpeedPotion"}],"is_trial":false,"path_per_floor":["M","$","M","M","?","E","M","E","T","M","?","E","M","E","R","B",null,"M","$","M","?"],"character_chosen":"DEFECT","items_purchased":["Melter","Capacitor","Panache","Whetstone"],"campfire_rested":1,"item_purchase_floors":[2,19,19,19],"current_hp_per_floor":[68,68,67,67,67,48,42,26,26,24,24,21,17,12,49,27,63,56,56,18,0],"gold":14,"neow_bonus":"ONE_RARE_RELIC","is_prod":false,"is_daily":false,"chose_seed":false,"campfire_upgraded":0,"win_rate":0,"timestamp":1551466007,"path_taken":["M","$","M","M","?","E","M","E","T","M","?","E","M","E","R","BOSS","M","$","M","?"],"build_version":"2019-01-23","purchased_purges":0,"victory":false,"max_hp_per_floor":[68,68,68,68,68,68,68,68,68,68,68,68,68,75,75,75,75,75,75,75,75],"card_choices":[{"not_picked":["Stack","Hologram","Skim"],"picked":"SKIP","floor":1},{"not_picked":["Hello World","Coolheaded"],"picked":"Chill","floor":3},{"not_picked":["Conserve Battery","Stack"],"picked":"Biased Cognition","floor":4},{"not_picked":["Rainbow","Redo"],"picked":"Coolheaded","floor":6},{"not_picked":["Redo","Turbo","Streamline"],"picked":"SKIP","floor":7},{"not_picked":["Beam Cell","Stack"],"picked":"Ball Lightning","floor":8},{"not_picked":["Creative AI","Rebound"],"picked":"Heatsinks","floor":10},{"not_picked":["Thunder Strike","Barrage"],"picked":"Glacier","floor":12},{"not_picked":["Redo","Steam"],"picked":"Streamline","floor":13},{"not_picked":["Go for the Eyes","Darkness"],"picked":"Static Discharge","floor":14},{"not_picked":["Biased Cognition","Creative AI"],"picked":"Amplify","floor":16},{"not_picked":["Hologram","Doom and Gloom"],"picked":"Redo+1","floor":18},{"not_picked":["Steam","Sweeping Beam+1"],"picked":"Coolheaded+1","floor":20}],"player_experience":161359,"relics_obtained":[{"floor":6,"key":"Potion Belt"},{"floor":8,"key":"Juzu Bracelet"},{"floor":9,"key":"Orichalcum"},{"floor":12,"key":"Regal Pillow"},{"floor":14,"key":"Strawberry"}],"event_choices":[{"damage_healed":0,"gold_gain":0,"player_choice":"Upgraded","damage_taken":0,"max_hp_gain":0,"max_hp_loss":0,"event_name":"Upgrade Shrine","floor":5,"gold_loss":0,"cards_upgraded":["Biased Cognition"]},{"damage_healed":0,"gold_gain":0,"player_choice":"Ignored","damage_taken":0,"max_hp_gain":0,"max_hp_loss":0,"event_name":"Liars Game","floor":11,"gold_loss":0},{"damage_healed":0,"gold_gain":0,"player_choice":"Fight","damage_taken":0,"max_hp_gain":0,"max_hp_loss":0,"event_name":"Colosseum","floor":21,"gold_loss":0}],"is_beta":false,"boss_relics":[{"not_picked":["Black Star","Empty Cage"],"picked":"Philosopher\u0027s Stone"}],"items_purged_floors":[],"is_endless":false,"potions_floor_spawned":[6,7,10,14],"killed_by":"Colosseum Slavers","ascension_level":10}