{"gold_per_floor":[360,373,548,190,190,190,190,207,261,261,286,286,319,319,319,417,417,434,434,434,434,75,104,104,122,122,122],"floor_reached":27,"playtime":649,"items_purged":["Doubt","Decay"],"score":364,"play_id":"3778de5d-f2a0-4028-a0d2-cd286bbe939d","local_time":"20190312134801","is_ascension_mode":true,"campfire_choices":[{"floor":6,"key":"REST"},{"data":"Ball Lightning","floor":10,"key":"SMITH"},{"floor":12,"key":"REST"},{"data":"Biased Cognition","floor":15,"key":"SMITH"},{"floor":24,"key":"REST"}],"neow_cost":"PERCENT_DAMAGE","seed_source_timestamp":1845395490579497,"circlet_count":0,"master_deck":["AscendersBane","Strike_B","Strike_B","Strike_B","Defend_B","Defend_B","Defend_B","Defend_B","Zap+1","Dualcast","Glacier","Conserve Battery","Glacier","Ball Lightning+1","Cold Snap","Biased Cognition+1","Ball Lightning","Self Repair","Normality"],"relics":["Cracked Core","Strange Spoon","Tiny Chest","Boot","Sundial","Blue Candle","Cursed Key","Nilry\u0027s Codex","Singing Bowl","Cables","Turnip","Happy Flower"],"potions_floor_usage":[13,16],"damage_taken":[{"damage":8,"enemies":"Jaw Worm","floor":1,"turns":4},{"damage":18,"enemies":"Small Slimes","floor":2,"turns":4},{"damage":0,"enemies":"2 Louse","floor":8,"turns":4},{"damage":7,"enemies":"3 Sentries","floor":11,"turns":9},{"damage":15,"enemies":"Gremlin Nob","floor":13,"turns":4},{"damage":33,"enemies":"The Guardian","floor":16,"turns":15},{"damage":0,"enemies":"Chosen","floor":18,"turns":4},{"damage":11,"enemies":"Colosseum Slavers","floor":19,"turns":4},{"damage":26,"enemies":"Book of Stabbing","floor":23,"turns":8},{"damage":11,"enemies":"Shell Parasite","floor":25,"turns":3},{"damage":18,"enemies":"Cultist and Chosen","floor":27,"turns":4}],"seed_played":"5852572681217901230","potions_obtained":[{"floor":2,"key":"Strength Potion"},{"floor":8,"key":"Dexterity Potion"},{"floor":23,"key":"EssenceOfSteel"}],"is_trial":false,"path_per_floor":["M","M","?","$","?","R","?","M","T","R","E","R","E","T","R","B",null,"M","?","?","T","$","E","R","M","T","M"],"character_chosen":"DEFECT","items_purchased":["Strange Spoon","Glacier","Cables"],"campfire_rested":3,"item_purchase_floors":[4,4,22],"current_hp_per_floor":[42,24,24,24,17,39,39,39,39,39,32,54,39,39,39,6,58,58,47,31,31,31,5,27,18,18,0],"gold":122,"neow_bonus":"TWO_FIFTY_GOLD","is_prod":false,"is_daily":false,"chose_seed":false,"campfire_upgraded":2,"win_rate":0,"timestamp":1552412881,"path_taken":["M","M","?","?","?","R","?","?","T","R","E","R","E","?","R","BOSS","M","?","?","?","$","E","R","?","T","M"],"build_version":"2019-01-23","purchased_purges":2,"victory":false,"max_hp_per_floor":[75,75,75,75,75,75,75,75,75,75,75,75,75,75,75,75,75,75,75,75,75,75,75,75,77,77,77],"card_choices":[{"not_picked":["Go for the Eyes","Gash"],"picked":"Glacier","floor":1},{"not_picked":["Compile Driver","Cold Snap"],"picked":"Conserve Battery","floor":2},{"not_picked":["Cold Snap","Hello World"],"picked":"Ball Lightning","floor":8},{"not_picked":["Gash","Steam Power"],"picked":"Cold Snap","floor":11},{"not_picked":["BootSequence","Go for the Eyes"],"picked":"Biased Cognition","floor":13},{"not_picked":["Stack","Coolheaded"],"picked":"Ball Lightning","floor":18},{"not_picked":["Reprogram","BootSequence"],"picked":"Self Repair","floor":23},{"not_picked":["Turbo","Stack","Rebound+1"],"picked":"Singing Bowl","floor":25}],"player_experience":186422,"relics_obtained":[{"floor":9,"key":"Tiny Chest"},{"floor":11,"key":"Boot"},{"floor":13,"key":"Sundial"},{"floor":14,"key":"Blue Candle"},{"floor":20,"key":"Nilry\u0027s Codex"},{"floor":21,"key":"Singing Bowl"},{"floor":23,"key":"Turnip"},{"floor":26,"key":"Happy Flower"}],"event_choices":[{"damage_healed":0,"gold_gain":175,"player_choice":"AGREE","damage_taken":0,"max_hp_gain":0,"max_hp_loss":0,"event_name":"Liars Game","floor":3,"gold_loss":0,"cards_obtained":["Doubt"]},{"cards_removed":["Strike_B"],"damage_healed":0,"gold_gain":0,"player_choice":"Card Removal","damage_taken":7,"max_hp_gain":0,"max_hp_loss":0,"event_name":"Golden Wing","floor":5,"gold_loss":0},{"damage_healed":0,"gold_gain":0,"player_choice":"Grow","damage_taken":0,"max_hp_gain":0,"max_hp_loss":0,"event_name":"Living Wall","floor":7,"gold_loss":0,"cards_upgraded":["Zap"]},{"damage_healed":0,"gold_gain":0,"player_choice":"Fight","damage_taken":0,"max_hp_gain":0,"max_hp_loss":0,"event_name":"Colosseum","floor":19,"gold_loss":0},{"damage_healed":0,"gold_gain":0,"player_choice":"Fled From Nobs","damage_taken":0,"max_hp_gain":0,"max_hp_loss":0,"event_name":"Colosseum","floor":19,"gold_loss":0},{"damage_healed":0,"gold_gain":0,"player_choice":"Obtained Book","damage_taken":16,"max_hp_gain":0,"max_hp_loss":0,"event_name":"Cursed Tome","floor":20,"gold_loss":0}],"is_beta":false,"boss_relics":[{"not_picked":["Coffee Dripper","White Beast Statue"],"picked":"Cursed Key"}],"items_purged_floors":[4,22],"is_endless":false,"potions_floor_spawned":[2,8,19,23],"killed_by":"Cultist and Chosen","ascension_level":11}