{"gold_per_floor":[111,111,111,131,146,181,181,208,208,208,221,221,241,3,3,3],"floor_reached":16,"playtime":378,"items_purged":["Strike_G"],"score":220,"play_id":"2722c08e-727c-4b8f-919f-12c234604184","local_time":"20190902023024","is_ascension_mode":true,"campfire_choices":[{"data":"Poisoned Stab","floor":7.0,"key":"SMITH"},{"floor":10,"key":"REST"},{"data":"Well Laid Plans","floor":15,"key":"SMITH"}],"neow_cost":"NONE","seed_source_timestamp":1398034080469970,"circlet_count":0,"master_deck":["AscendersBane","Strike_G","Strike_G","Strike_G","Strike_G","Defend_G","Defend_G","Defend_G","Defend_G","Defend_G","Survivor","Neutralize+1","Poisoned Stab+1","Sucker Punch+1","Backstab+1","Dagger Spray+1","Skewer+1","Glass Knife+1","Backstab+1","Well Laid Plans+1"],"special_seed":0,"relics":["Ring of the Snake","NeowsBlessing","Molten Egg 2","Sundial","Question Card","Gremlin Horn"],"potions_floor_usage":[8],"damage_taken":[{"damage":0.0,"enemies":"Cultist","floor":1.0,"turns":1.0},{"damage":0.0,"enemies":"2 Louse","floor":4.0,"turns":1.0},{"damage":0.0,"enemies":"Jaw Worm","floor":5.0,"turns":1.0},{"damage":27.0,"enemies":"3 Sentries","floor":6.0,"turns":13.0},{"damage":31,"enemies":"Lagavulin","floor":8,"turns":8},{"damage":0,"enemies":"Looter","floor":11,"turns":2},{"damage":0,"enemies":"Exordium Wildlife","floor":13,"turns":1},{"damage":7,"enemies":"Hexaghost","floor":16,"turns":9}],"seed_played":"2115121075112706564","potions_obtained":[{"floor":4.0,"key":"LiquidBronze"},{"floor":11,"key":"Ancient Potion"},{"floor":13,"key":"Fire Potion"}],"is_trial":false,"path_per_floor":["M","T","?","M","M","E","R","E","T","R","M","$","M","$","R","B"],"character_chosen":"THE_SILENT","items_purchased":["Backstab+1","Well Laid Plans"],"campfire_rested":1,"item_purchase_floors":[14,14],"current_hp_per_floor":[59,59,59,59,59,32,32,1,1,20,20,20,20,20,20,13],"gold":3,"neow_bonus":"THREE_ENEMY_KILL","is_prod":false,"is_daily":false,"chose_seed":false,"campfire_upgraded":2,"win_rate":0,"timestamp":1567405824,"path_taken":["M","?","?","M","M","E","R","E","T","R","M","$","M","$","R","BOSS"],"build_version":"2019-07-17","purchased_purges":1,"victory":false,"max_hp_per_floor":[66,66,66,66,66,66,66,66,66,66,66,66,66,66,66,66],"card_choices":[{"not_picked":["Outmaneuver","Prepared"],"picked":"Poisoned Stab","floor":1.0},{"not_picked":["Riddle With Holes+1","Reflex"],"picked":"Sucker Punch+1","floor":4.0},{"not_picked":["Flying Knee+1","Dodge and Roll"],"picked":"Backstab+1","floor":5.0},{"not_picked":["Deadly Poison","Deflect"],"picked":"Dagger Spray+1","floor":6.0},{"not_picked":["Masterful Stab+1","Underhanded Strike+1","Acrobatics"],"picked":"SKIP","floor":8},{"not_picked":["Flechettes+1","Underhanded Strike+1","Choke+1"],"picked":"Skewer+1","floor":11},{"not_picked":["Underhanded Strike+1","Dagger Spray+1","Deadly Poison"],"picked":"Glass Knife+1","floor":13}],"player_experience":623327,"relics_obtained":[{"floor":2.0,"key":"Molten Egg 2"},{"floor":6.0,"key":"Sundial"},{"floor":8,"key":"Question Card"},{"floor":9,"key":"Gremlin Horn"}],"event_choices":[{"damage_healed":0.0,"max_hp_gain":0.0,"max_hp_loss":0.0,"gold_gain":0.0,"event_name":"Living Wall","player_choice":"Grow","floor":3.0,"gold_loss":0.0,"damage_taken":0.0,"cards_upgraded":["Neutralize"]}],"is_beta":false,"boss_relics":[],"items_purged_floors":[14],"is_endless":false,"potions_floor_spawned":[4,11,13],"killed_by":"Hexaghost","ascension_level":20}