{"gold_per_floor":[109,124,142,142,153,153,184,184,184,213,224,224,257,269,269,269],"floor_reached":16,"playtime":1437,"items_purged":[],"score":171,"play_id":"fddc9eb0-5737-4ac5-b114-7a9fb3555db2","local_time":"20190724000915","is_ascension_mode":true,"campfire_choices":[{"data":"True Grit","floor":6.0,"key":"SMITH"},{"data":"Whirlwind","floor":8.0,"key":"SMITH"},{"data":"True Grit","floor":12.0,"key":"SMITH"},{"floor":15.0,"key":"REST"}],"neow_cost":"NONE","seed_source_timestamp":444033456195284,"circlet_count":0,"master_deck":["Strike_R","Strike_R","Strike_R","Strike_R","Strike_R","Defend_R","Defend_R","Defend_R","Bash","True Grit+1","True Grit+1","Whirlwind+1","Twin Strike","Dropkick","Clothesline"],"special_seed":0,"relics":["Burning Blood","Strawberry","Boot","Singing Bowl","Ginger","Omamori"],"potions_floor_usage":[],"damage_taken":[{"damage":0.0,"enemies":"Small Slimes","floor":1.0,"turns":3.0},{"damage":4.0,"enemies":"Cultist","floor":2.0,"turns":4.0},{"damage":4.0,"enemies":"Jaw Worm","floor":3.0,"turns":7.0},{"damage":8.0,"enemies":"Looter","floor":5.0,"turns":4.0},{"damage":44.0,"enemies":"Gremlin Nob","floor":7.0,"turns":5.0},{"damage":16.0,"enemies":"3 Sentries","floor":10.0,"turns":3.0},{"damage":0.0,"enemies":"Red Slaver","floor":11.0,"turns":5.0},{"damage":26.0,"enemies":"Lagavulin","floor":13.0,"turns":7.0},{"damage":12.0,"enemies":"Exordium Wildlife","floor":14.0,"turns":8.0},{"damage":47,"enemies":"Hexaghost","floor":16,"turns":11}],"seed_played":"798623694076556135","potions_obtained":[{"floor":7.0,"key":"Fire Potion"},{"floor":10.0,"key":"Ancient Potion"},{"floor":13.0,"key":"Weak Potion"}],"is_trial":false,"path_per_floor":["M","M","M","?","M","R","E","R","T","E","M","R","E","M","R","B"],"character_chosen":"IRONCLAD","items_purchased":[],"campfire_rested":1,"item_purchase_floors":[],"current_hp_per_floor":[85,87,87,87,85,85,47,47,47,37,43,43,25,19,45,0],"gold":269,"neow_bonus":"RANDOM_COMMON_RELIC","is_prod":false,"is_daily":false,"chose_seed":false,"campfire_upgraded":3,"win_rate":0,"timestamp":1563952155,"path_taken":["M","M","M","?","M","R","E","R","T","E","M","R","E","?","R","BOSS"],"build_version":"2019-07-17","purchased_purges":0,"victory":false,"max_hp_per_floor":[87,87,87,87,87,87,87,87,87,87,87,87,89,89,89,89],"card_choices":[{"not_picked":["Wild Strike","Reckless Charge"],"picked":"True Grit","floor":1.0},{"not_picked":["Anger","Sever Soul"],"picked":"True Grit","floor":2.0},{"not_picked":["Wild Strike","Fire Breathing","Perfected Strike"],"picked":"SKIP","floor":3.0},{"not_picked":["Blood for Blood","Wild Strike","Havoc"],"picked":"SKIP","floor":5.0},{"not_picked":["Fire Breathing","Shrug It Off"],"picked":"Whirlwind","floor":7.0},{"not_picked":["Anger","Searing Blow"],"picked":"Twin Strike","floor":10.0},{"not_picked":["Seeing Red","Rupture"],"picked":"Dropkick","floor":11.0},{"not_picked":["Warcry","Exhume","Heavy Blade"],"picked":"Singing Bowl","floor":13.0},{"not_picked":["Clash","Reckless Charge"],"picked":"Clothesline","floor":14.0}],"player_experience":411918,"relics_obtained":[{"floor":7.0,"key":"Boot"},{"floor":9.0,"key":"Singing Bowl"},{"floor":10.0,"key":"Ginger"},{"floor":13.0,"key":"Omamori"}],"event_choices":[{"cards_removed":["Defend_R"],"damage_healed":0.0,"max_hp_gain":0.0,"max_hp_loss":0.0,"gold_gain":0.0,"event_name":"Bonfire Elementals","player_choice":"Offered Basic","floor":4.0,"gold_loss":0.0,"damage_taken":0.0}],"is_beta":false,"boss_relics":[],"items_purged_floors":[],"is_endless":false,"potions_floor_spawned":[7,10,13],"killed_by":"Hexaghost","ascension_level":8}