{"gold_per_floor":[115,290,290,13,13,27,27,100,125,136,136,4,14,14,14,144,144,159,159,180,180,196,196,236,236,236,259,15,38,38,62,62,193,193,218,218,283,47,63,63,63,63,63,94,18,18,49,64,64,64],"floor_reached":51,"playtime":3406,"items_purged":[],"score":733,"play_id":"bb3199e8-c940-4046-b8cd-e6ca4d5a60ec","local_time":"20180923021149","is_ascension_mode":false,"campfire_choices":[{"data":"Streamline","floor":7.0,"key":"SMITH"},{"data":"Zap","floor":11.0,"key":"SMITH"},{"data":"Dualcast","floor":15.0,"key":"SMITH"},{"data":"Buffer","floor":23.0,"key":"SMITH"},{"data":"Self Repair","floor":25.0,"key":"SMITH"},{"data":"Defragment","floor":30.0,"key":"SMITH"},{"data":"Heatsinks","floor":32.0,"key":"SMITH"},{"data":"Defend_B","floor":40.0,"key":"SMITH"},{"data":"Defend_B","floor":42.0,"key":"SMITH"},{"data":"Defend_B","floor":46.0,"key":"SMITH"},{"data":"Defend_B","floor":49.0,"key":"SMITH"}],"neow_cost":"","seed_source_timestamp":817373742758926,"circlet_count":0,"master_deck":["Strike_B","Strike_B","Strike_B","Strike_B","Defend_B+1","Defend_B+1","Defend_B+1","Defend_B+1","Zap+1","Dualcast+1","Streamline+1","Doubt","Hologram+1","Coolheaded+1","White Noise+1","Jack Of All Trades+1","Darkness+1","Chill+1","Buffer+1","Compile Driver+1","Self Repair+1","Heatsinks+1","Leap+1","Defragment+1","Coolheaded+1","Cold Snap+1","Biased Cognition+1","Force Field+1","Heatsinks+1","Defragment+1","Cold Snap+1","Shame","Coolheaded+1","Defragment+1","Leap+1","Amplify+1","Ball Lightning+1"],"special_seed":0,"relics":["Cracked Core","Mummified Hand","Toxic Egg 2","Blood Vial","Golden Idol","Lizard Tail","Bag of Marbles","Happy Flower","Question Card","Frozen Egg 2","Cursed Key","Torii","DataDisk","MawBank","Orichalcum"],"potions_floor_usage":[50],"damage_taken":[{"damage":5.0,"enemies":"Small Slimes","floor":1.0,"turns":4.0},{"damage":0.0,"enemies":"2 Louse","floor":6.0,"turns":2.0},{"damage":4.0,"enemies":"Jaw Worm","floor":10.0,"turns":5.0},{"damage":0.0,"enemies":"Exordium Wildlife","floor":13.0,"turns":2.0},{"damage":6.0,"enemies":"Slime Boss","floor":16.0,"turns":7.0},{"damage":4.0,"enemies":"Shell Parasite","floor":18.0,"turns":6.0},{"damage":7.0,"enemies":"Chosen","floor":20.0,"turns":5.0},{"damage":11.0,"enemies":"3 Cultists","floor":22.0,"turns":5.0},{"damage":24.0,"enemies":"Book of Stabbing","floor":24.0,"turns":5.0},{"damage":7.0,"enemies":"Chosen and Byrds","floor":27.0,"turns":7.0},{"damage":2.0,"enemies":"Centurion and Healer","floor":29.0,"turns":8.0},{"damage":10.0,"enemies":"Snake Plant","floor":31.0,"turns":5.0},{"damage":38.0,"enemies":"Champ","floor":33.0,"turns":14.0},{"damage":0.0,"enemies":"3 Shapes","floor":35.0,"turns":6.0},{"damage":5.0,"enemies":"Mysterious Sphere","floor":37.0,"turns":5.0},{"damage":0.0,"enemies":"3 Darklings","floor":39.0,"turns":4.0},{"damage":12.0,"enemies":"Maw","floor":44.0,"turns":10.0},{"damage":1.0,"enemies":"Nemesis","floor":47.0,"turns":10.0},{"damage":0.0,"enemies":"Jaw Worm Horde","floor":48.0,"turns":7.0},{"damage":0,"enemies":"Donu and Deca","floor":50,"turns":11}],"seed_played":"-7125653115000663347","potions_obtained":[{"floor":1.0,"key":"Energy Potion"},{"floor":16.0,"key":"EssenceOfSteel"},{"floor":22.0,"key":"GamblersBrew"},{"floor":27.0,"key":"Dexterity Potion"},{"floor":31.0,"key":"Fruit Juice"},{"floor":37.0,"key":"FearPotion"},{"floor":47.0,"key":"Ancient Potion"},{"floor":48.0,"key":"Weak Potion"}],"is_trial":false,"path_per_floor":["M","?","T","$","?","M","R","?","T","M","R","$","M","?","R","B",null,"M","?","M","T","M","R","E","R","T","M","$","M","R","M","R","B",null,"M","?","?","$","M","R","$","R","T","M","$","R","E","M","R","B"],"character_chosen":"DEFECT","items_purchased":["Toxic Egg 2","Hologram+1","Jack Of All Trades+1","Darkness+1","Frozen Egg 2","Defragment+1","DataDisk","Defragment+1","Leap+1"],"campfire_rested":0,"item_purchase_floors":[4,4,12,12,28,38,38,45,45],"current_hp_per_floor":[70,70,70,70,75,75,75,75,75,73,73,73,75,55,55,51,80,76,76,71,71,69,69,54,54,54,59,59,69,69,76,76,50,85,85,85,85,85,85,85,85,85,85,83,83,83,85,85,85,85],"gold":64,"neow_bonus":"","is_prod":false,"is_daily":false,"chose_seed":false,"campfire_upgraded":11,"win_rate":0,"timestamp":1537693909,"path_taken":["M","?","?","$","?","?","R","?","T","M","R","$","M","?","R","BOSS","M","?","M","?","M","R","E","R","T","M","?","?","R","M","R","BOSS","M","?","?","$","M","R","$","R","T","M","?","R","E","M","R","BOSS"],"build_version":"2018-09-20","purchased_purges":0,"victory":true,"max_hp_per_floor":[75,75,75,75,80,80,80,80,80,80,80,80,80,80,80,80,80,80,80,80,80,80,80,80,80,80,80,80,80,80,85,85,85,85,85,85,85,85,85,85,85,85,85,85,85,85,85,85,85,85],"card_choices":[{"not_picked":["Darkness","Heatsinks"],"picked":"Streamline","floor":1.0},{"not_picked":["Barrage","Conserve Battery+1"],"picked":"Coolheaded+1","floor":6.0},{"not_picked":["Electrodynamics","Barrage"],"picked":"White Noise+1","floor":10.0},{"not_picked":["Lockon","Streamline"],"picked":"Chill+1","floor":13.0},{"not_picked":["Biased Cognition","Hyperbeam"],"picked":"Buffer","floor":16.0},{"not_picked":["Cold Snap","Beam Cell"],"picked":"Compile Driver+1","floor":18.0},{"not_picked":["Sweeping Beam","Consume+1"],"picked":"Self Repair","floor":20.0},{"not_picked":["Sweeping Beam","Streamline"],"picked":"Heatsinks","floor":22.0},{"not_picked":["Compile Driver","BootSequence+1"],"picked":"Leap+1","floor":24.0},{"not_picked":["Go for the Eyes+1","Barrage","Chill+1"],"picked":"Defragment","floor":27.0},{"not_picked":["Undo+1","Beam Cell+1","Turbo+1"],"picked":"Coolheaded+1","floor":29.0},{"not_picked":["Conserve Battery+1","Darkness+1","Barrage"],"picked":"Cold Snap+1","floor":31.0},{"not_picked":["Reboot+1","Rainbow+1","Fission+1"],"picked":"Biased Cognition+1","floor":33.0},{"not_picked":["Turbo+1","Steam Power+1","Gash"],"picked":"Force Field+1","floor":35.0},{"not_picked":["Auto Shields+1","Chill+1","Rebound+1"],"picked":"Heatsinks+1","floor":37.0},{"not_picked":["Beam Cell","Heatsinks+1","Auto Shields+1"],"picked":"Cold Snap+1","floor":39.0},{"not_picked":["Steam+1","Streamline+1","Rebound+1"],"picked":"Coolheaded+1","floor":44.0},{"not_picked":["Sunder","Recycle+1","Genetic Algorithm+1"],"picked":"Amplify+1","floor":47.0},{"not_picked":["Aggregate+1","FTL+1","Conserve Battery+1"],"picked":"Ball Lightning+1","floor":48.0}],"player_experience":2376627,"relics_obtained":[{"floor":3.0,"key":"Mummified Hand"},{"floor":9.0,"key":"Blood Vial"},{"floor":21.0,"key":"Bag of Marbles"},{"floor":24.0,"key":"Happy Flower"},{"floor":26.0,"key":"Question Card"},{"floor":37.0,"key":"Torii"},{"floor":43.0,"key":"MawBank"},{"floor":47.0,"key":"Orichalcum"}],"event_choices":[{"event_name":"Liars Game","player_choice":"agreed","floor":2.0,"damage_taken":0.0},{"event_name":"Big Fish","player_choice":"Donut","floor":5.0,"damage_taken":0.0},{"event_name":"Golden Wing","player_choice":"Gained Gold","floor":8.0,"damage_taken":0.0},{"event_name":"Golden Idol","player_choice":"Take Damage","floor":14.0,"damage_taken":0.0},{"event_name":"N\u0027loth","player_choice":"Ignored","floor":19.0,"damage_taken":0.0},{"event_name":"Tomb of Lord Red Mask","player_choice":"Ignored","floor":36.0,"damage_taken":0.0},{"event_name":"Mysterious Sphere","player_choice":"Fight","floor":37.0,"damage_taken":0.0}],"is_beta":true,"boss_relics":[{"not_picked":["White Beast Statue","Eternal Feather"],"picked":"Lizard Tail"},{"not_picked":["Velvet Choker","Black Star"],"picked":"Cursed Key"}],"items_purged_floors":[],"is_endless":false,"potions_floor_spawned":[1,16,22,27,31,37,47,48],"ascension_level":0}