{"gold_per_floor":[113,113,133,152,18,18,30,47,47,47,81,81,113,28,28,28],"floor_reached":16,"playtime":490,"items_purged":[],"score":215,"play_id":"075cb82c-b81b-4daa-b771-6c51e83c2364","local_time":"20190528143053","is_ascension_mode":true,"campfire_choices":[{"data":"Noxious Fumes","floor":6.0,"key":"SMITH"},{"data":"Neutralize","floor":10.0,"key":"SMITH"},{"floor":12.0,"key":"REST"},{"floor":15,"key":"REST"}],"neow_cost":"TEN_PERCENT_HP_LOSS","seed_source_timestamp":1538438458317807,"circlet_count":0,"master_deck":["AscendersBane","Defend_G","Defend_G","Defend_G","Defend_G","Defend_G","Strike_G","Strike_G","Strike_G","Survivor","Neutralize+1","Cloak And Dagger+1","Flying Knee","Noxious Fumes+1","Deadly Poison","Flying Knee","Tools of the Trade","Well Laid Plans"],"special_seed":0,"relics":["Ring of the Snake","Peace Pipe","Shovel","Thread and Needle"],"potions_floor_usage":[13],"damage_taken":[{"damage":10.0,"enemies":"Jaw Worm","floor":1.0,"turns":13.0},{"damage":3.0,"enemies":"Cultist","floor":3.0,"turns":5.0},{"damage":0.0,"enemies":"2 Louse","floor":4.0,"turns":4.0},{"damage":11.0,"enemies":"Exordium Thugs","floor":7.0,"turns":5.0},{"damage":8.0,"enemies":"Blue Slaver","floor":8.0,"turns":4.0},{"damage":12.0,"enemies":"Lagavulin","floor":11.0,"turns":7.0},{"damage":28,"enemies":"Gremlin Nob","floor":13,"turns":4},{"damage":41,"enemies":"Slime Boss","floor":16,"turns":6}],"seed_played":"-9050557041365105521","potions_obtained":[{"floor":3.0,"key":"Strength Potion"}],"is_trial":false,"path_per_floor":["M","?","M","M","$","R","M","M","T","R","E","R","E","$","R","B"],"character_chosen":"THE_SILENT","items_purchased":["Regen Potion","Deadly Poison","Well Laid Plans"],"campfire_rested":2,"item_purchase_floors":[5,5,14],"current_hp_per_floor":[49,49,46,46,46,46,35,41,41,41,29,47,19,19,37,0],"gold":28,"neow_bonus":"REMOVE_TWO","is_prod":false,"is_daily":false,"chose_seed":false,"campfire_upgraded":2,"win_rate":0,"timestamp":1559068253,"path_taken":["M","?","M","?","?","R","M","M","T","R","E","R","E","$","R","BOSS"],"build_version":"2019-01-23","purchased_purges":0,"victory":false,"max_hp_per_floor":[60,60,60,60,60,60,60,60,60,60,60,60,60,60,60,60],"card_choices":[{"not_picked":["Backflip","Terror"],"picked":"Cloak And Dagger","floor":1.0},{"not_picked":["All Out Attack","Outmaneuver"],"picked":"Flying Knee","floor":3.0},{"not_picked":["Blur","Quick Slash"],"picked":"Noxious Fumes","floor":4.0},{"not_picked":["Outmaneuver","Acrobatics"],"picked":"Flying Knee","floor":7.0},{"not_picked":["Deflect","Deadly Poison","Terror"],"picked":"SKIP","floor":8.0},{"not_picked":["Deflect","Cloak And Dagger"],"picked":"Tools of the Trade","floor":11.0},{"not_picked":["Deadly Poison","Riddle With Holes","Dagger Throw"],"picked":"SKIP","floor":13}],"player_experience":412980,"relics_obtained":[{"floor":9.0,"key":"Peace Pipe"},{"floor":11.0,"key":"Shovel"},{"floor":13,"key":"Thread and Needle"}],"event_choices":[{"damage_healed":0.0,"max_hp_gain":0.0,"max_hp_loss":0.0,"gold_gain":0.0,"event_name":"Upgrade Shrine","player_choice":"Upgraded","floor":2.0,"gold_loss":0.0,"damage_taken":0.0,"cards_upgraded":["Cloak And Dagger"]}],"is_beta":false,"boss_relics":[],"items_purged_floors":[],"is_endless":false,"potions_floor_spawned":[3,7],"killed_by":"Slime Boss","ascension_level":19}