{"gold_per_floor":[118,193,193,211,211,211,241,254,254,271,285,74,74,90,90,164,164,174,224,239,249,259,259,279,292,318,332,332,357,357,368,368,368],"floor_reached":33,"playtime":2157,"items_purged":[],"score":596,"play_id":"15c3abc8-22ea-4c3c-922f-d41699fa6e45","local_time":"20190819234218","is_ascension_mode":true,"campfire_choices":[{"data":"Ball Lightning","floor":6.0,"key":"SMITH"},{"data":"Rainbow","floor":13,"key":"SMITH"},{"data":"Sweeping Beam","floor":15,"key":"SMITH"},{"data":"Stack","floor":23,"key":"SMITH"},{"floor":28,"key":"REST"},{"data":"Streamline","floor":30,"key":"SMITH"},{"floor":32,"key":"REST"}],"neow_cost":"NONE","seed_source_timestamp":376213218384808,"circlet_count":0,"master_deck":["AscendersBane","Strike_B","Strike_B","Strike_B+1","Strike_B","Defend_B+1","Defend_B","Defend_B","Defend_B","Zap+1","Dualcast","Sweeping Beam+1","Ball Lightning+1","Chill","Self Repair","Rainbow+1","Leap","Cold Snap","Electrodynamics","Coolheaded","Stack+1","Leap","Compile Driver","Streamline+1","Undo","Hologram"],"special_seed":0,"relics":["Cracked Core","NeowsBlessing","The Courier","Vajra","Kunai","Busted Crown","Dream Catcher"],"potions_floor_usage":[10,18,20,29,33],"damage_taken":[{"damage":0.0,"enemies":"2 Louse","floor":1.0,"turns":1.0},{"damage":0.0,"enemies":"Jaw Worm","floor":4.0,"turns":1.0},{"damage":0,"enemies":"Lagavulin","floor":7,"turns":1},{"damage":0,"enemies":"Cultist","floor":8,"turns":3},{"damage":7,"enemies":"Blue Slaver","floor":10,"turns":2},{"damage":9,"enemies":"Looter","floor":11,"turns":3},{"damage":0,"enemies":"Lots of Slimes","floor":14,"turns":4},{"damage":23,"enemies":"The Guardian","floor":16,"turns":10},{"damage":7,"enemies":"Shell Parasite","floor":18,"turns":4},{"damage":10,"enemies":"2 Thieves","floor":20,"turns":3},{"damage":28,"enemies":"Snake Plant","floor":21,"turns":4},{"damage":8,"enemies":"Centurion and Healer","floor":22,"turns":7},{"damage":6,"enemies":"Sentry and Sphere","floor":24,"turns":5},{"damage":16,"enemies":"Snecko","floor":25,"turns":6},{"damage":7,"enemies":"3 Cultists","floor":27,"turns":5},{"damage":11,"enemies":"Slavers","floor":29,"turns":3},{"damage":17,"enemies":"Snake Plant","floor":31,"turns":3},{"damage":47,"enemies":"Automaton","floor":33,"turns":6}],"seed_played":"-1631890859790163981","potions_obtained":[{"floor":1.0,"key":"FearPotion"},{"floor":4.0,"key":"Weak Potion"},{"floor":16,"key":"PowerPotion"},{"floor":18,"key":"PowerPotion"},{"floor":22,"key":"SkillPotion"},{"floor":31,"key":"Dexterity Potion"}],"is_trial":false,"path_per_floor":["M","?","?","M","?","R","E","M","T","M","M","$","R","M","R","B",null,"M","?","M","M","M","R","M","M","T","M","R","E","R","M","R","B"],"character_chosen":"DEFECT","items_purchased":["Kunai"],"campfire_rested":2,"item_purchase_floors":[12],"current_hp_per_floor":[64,53,32,32,32,32,32,32,32,32,30,30,30,37,37,21,59,66,66,56,35,34,34,35,26,26,19,40,29,29,12,33,0],"gold":368,"neow_bonus":"THREE_ENEMY_KILL","is_prod":false,"is_daily":false,"chose_seed":false,"campfire_upgraded":5,"win_rate":0,"timestamp":1566283338,"path_taken":["M","?","?","M","?","R","E","M","T","?","M","$","R","M","R","BOSS","M","?","M","M","M","R","M","M","T","?","R","E","R","M","R","BOSS"],"build_version":"2019-08-15","purchased_purges":0,"victory":false,"max_hp_per_floor":[71,71,71,71,71,71,71,71,71,71,71,71,71,71,71,71,71,71,71,71,71,71,71,71,71,71,71,71,71,71,71,71,71],"card_choices":[{"not_picked":["Undo","Rebound"],"picked":"Sweeping Beam","floor":1.0},{"not_picked":["Turbo","Sweeping Beam"],"picked":"Ball Lightning","floor":4.0},{"not_picked":["Rip and Tear","Ball Lightning"],"picked":"Chill","floor":7},{"not_picked":["Stack","Redo"],"picked":"Self Repair","floor":8},{"not_picked":["Reprogram","Hologram"],"picked":"Rainbow","floor":10},{"not_picked":["Compile Driver","FTL"],"picked":"Leap","floor":11},{"not_picked":["Go for the Eyes","Compile Driver"],"picked":"Cold Snap","floor":14},{"not_picked":["Biased Cognition","Multi-Cast"],"picked":"Electrodynamics","floor":16},{"not_picked":[],"picked":"Coolheaded","floor":18},{"not_picked":["Heatsinks"],"picked":"SKIP","floor":20},{"not_picked":[],"picked":"Stack","floor":21},{"not_picked":[],"picked":"Leap","floor":22},{"not_picked":[],"picked":"Compile Driver","floor":24},{"not_picked":[],"picked":"Streamline","floor":25},{"not_picked":["Streamline"],"picked":"SKIP","floor":27},{"not_picked":[],"picked":"Undo","floor":29},{"not_picked":[],"picked":"Hologram","floor":31}],"player_experience":3008928,"relics_obtained":[{"floor":7,"key":"The Courier"},{"floor":9,"key":"Vajra"},{"floor":29,"key":"Dream Catcher"}],"event_choices":[{"damage_healed":0.0,"max_hp_gain":0.0,"max_hp_loss":0.0,"gold_gain":75.0,"event_name":"World of Goop","player_choice":"Gather Gold","floor":2.0,"gold_loss":0.0,"damage_taken":11.0},{"damage_healed":0.0,"max_hp_gain":0.0,"max_hp_loss":0.0,"gold_gain":0.0,"event_name":"Shining Light","player_choice":"Entered Light","floor":3.0,"gold_loss":0.0,"damage_taken":21.0,"cards_upgraded":["Strike_B","Defend_B"]},{"damage_healed":0.0,"max_hp_gain":0.0,"max_hp_loss":0.0,"gold_gain":0.0,"event_name":"Living Wall","player_choice":"Grow","floor":5.0,"gold_loss":0.0,"damage_taken":0.0,"cards_upgraded":["Zap"]},{"damage_healed":0,"gold_gain":100,"player_choice":"Bet on Murderer","damage_taken":0,"max_hp_gain":0,"max_hp_loss":0,"event_name":"The Joust","floor":19,"gold_loss":50}],"is_beta":true,"boss_relics":[{"not_picked":["Fusion Hammer","White Beast Statue"],"picked":"Busted Crown"}],"items_purged_floors":[],"is_endless":false,"potions_floor_spawned":[1,4,8,16,18,22,24,31],"killed_by":"Automaton","ascension_level":20}