{"gold_per_floor":[112,112,112,136,160,160,201,201,252,265,78,78,78,91,91,210,210,223,237,237,152,152,192,40,40,40,56,70,88,88],"floor_reached":30,"playtime":1189,"items_purged":["Strike_G"],"score":313,"play_id":"923e22be-2b6d-4faa-af49-c71bf1b5af1d","local_time":"20190819214607","is_ascension_mode":true,"campfire_choices":[{"data":"Neutralize","floor":6,"key":"SMITH"},{"floor":13,"key":"REST"},{"data":"Noxious Fumes","floor":15,"key":"SMITH"},{"data":"Burst","floor":25,"key":"SMITH"}],"neow_cost":"NONE","seed_source_timestamp":13286514680958,"circlet_count":0,"master_deck":["Strike_G+1","Strike_G+1","Strike_G+1","Strike_G+1","Defend_G+1","Defend_G+1","Defend_G+1","Defend_G+1","Defend_G+1","Survivor","Neutralize+1","Dagger Throw","Blade Dance","Infinite Blades","Dash","Deflect","Noxious Fumes+1","Catalyst","PiercingWail","Burst+1","Backflip","Tactician","Acrobatics","Bane+1","Cloak And Dagger+1"],"relics":["Ring of the Snake","Dream Catcher","Golden Idol","Happy Flower","Oddly Smooth Stone","Paper Crane","WristBlade","Boot","Strawberry","Snake Skull","Calipers"],"potions_floor_usage":[14,19,19,23],"damage_taken":[{"damage":2,"enemies":"2 Louse","floor":1,"turns":4},{"damage":2,"enemies":"Jaw Worm","floor":4,"turns":5},{"damage":1,"enemies":"Cultist","floor":5,"turns":3},{"damage":48,"enemies":"Gremlin Nob","floor":7,"turns":5},{"damage":0,"enemies":"Blue Slaver","floor":10,"turns":4},{"damage":6,"enemies":"2 Fungi Beasts","floor":14,"turns":5},{"damage":26,"enemies":"Slime Boss","floor":16,"turns":8},{"damage":1,"enemies":"Shell Parasite","floor":18,"turns":6},{"damage":0,"enemies":"Spheric Guardian","floor":19,"turns":4},{"damage":18,"enemies":"Slavers","floor":23,"turns":7},{"damage":12,"enemies":"Snake Plant","floor":27,"turns":5},{"damage":6,"enemies":"Chosen and Byrds","floor":28,"turns":6},{"damage":16,"enemies":"Snecko","floor":29,"turns":5},{"damage":12,"enemies":"Snake Plant","floor":30,"turns":2}],"seed_played":"-1076222503530670491","potions_obtained":[{"floor":4,"key":"GamblersBrew"},{"floor":7,"key":"Ancient Potion"},{"floor":8,"key":"FearPotion"},{"floor":8,"key":"Dexterity Potion"},{"floor":8,"key":"Regen Potion"},{"floor":14,"key":"Block Potion"},{"floor":16,"key":"Block Potion"},{"floor":19,"key":"Explosive Potion"},{"floor":27,"key":"Ancient Potion"}],"is_trial":false,"path_per_floor":["M","?","?","M","M","R","E","?","T","M","$","?","R","M","R","B",null,"M","M","?","?","?","E","$","R","T","M","M","M","M"],"character_chosen":"THE_SILENT","items_purchased":["Noxious Fumes","Catalyst","Snake Skull"],"campfire_rested":1,"item_purchase_floors":[11,11,24],"current_hp_per_floor":[68,73,55,53,52,52,4,4,4,4,4,4,26,32,32,6,58,57,57,57,57,57,46,46,46,46,34,28,12,0],"gold":88,"neow_bonus":"RANDOM_COMMON_RELIC","is_prod":false,"is_daily":false,"chose_seed":false,"campfire_upgraded":3,"win_rate":0,"timestamp":1566218767,"path_taken":["M","?","?","M","M","R","E","?","T","?","$","?","R","M","R","BOSS","M","M","?","?","?","E","$","R","T","M","?","M","M"],"build_version":"2019-07-17","purchased_purges":1,"victory":false,"max_hp_per_floor":[70,75,75,75,75,75,75,75,75,75,75,75,75,75,75,75,75,75,75,75,75,75,82,82,82,82,82,82,82,82],"card_choices":[{"not_picked":["Prepared","Outmaneuver"],"picked":"Dagger Throw","floor":1},{"not_picked":["Deflect","Acrobatics"],"picked":"Blade Dance","floor":4},{"not_picked":["Masterful Stab","Skewer"],"picked":"Infinite Blades","floor":5},{"not_picked":["Poisoned Stab","Wraith Form v2"],"picked":"Dash","floor":7},{"not_picked":["Flying Knee","Riddle With Holes"],"picked":"Deflect","floor":10},{"not_picked":["Underhanded Strike","Finisher"],"picked":"PiercingWail","floor":13},{"not_picked":["Distraction","Quick Slash","Skewer"],"picked":"SKIP","floor":14},{"not_picked":["Malaise","Venomology"],"picked":"Burst","floor":16},{"not_picked":["Distraction","Outmaneuver"],"picked":"Backflip","floor":18},{"not_picked":["Catalyst","Reflex"],"picked":"Tactician","floor":19},{"not_picked":["Prepared","Slice"],"picked":"Acrobatics","floor":23},{"not_picked":["Sucker Punch","Flying Knee"],"picked":"Bane+1","floor":27},{"not_picked":["Skewer","Caltrops+1"],"picked":"Cloak And Dagger+1","floor":28},{"not_picked":["Underhanded Strike+1","Reflex","Quick Slash+1"],"picked":"SKIP","floor":29}],"player_experience":199481,"relics_obtained":[{"floor":7,"key":"Happy Flower"},{"floor":9,"key":"Oddly Smooth Stone"},{"floor":23,"key":"Strawberry"},{"floor":26,"key":"Calipers"}],"event_choices":[{"damage_healed":0,"gold_gain":0,"player_choice":"Donut","damage_taken":0,"max_hp_gain":5,"max_hp_loss":0,"event_name":"Big Fish","floor":2,"gold_loss":0},{"damage_healed":0,"gold_gain":0,"player_choice":"Take Damage","damage_taken":18,"relics_obtained":["Golden Idol"],"max_hp_gain":0,"max_hp_loss":0,"event_name":"Golden Idol","floor":3,"gold_loss":0},{"damage_healed":0,"gold_gain":0,"player_choice":"Got Potions","damage_taken":0,"max_hp_gain":0,"max_hp_loss":0,"event_name":"Lab","floor":8,"gold_loss":0},{"damage_healed":0,"gold_gain":0,"player_choice":"Searched \u00271\u0027 times","damage_taken":0,"relics_obtained":["Paper Crane"],"max_hp_gain":0,"max_hp_loss":0,"event_name":"Dead Adventurer","floor":12,"gold_loss":0},{"damage_healed":0,"gold_gain":0,"player_choice":"Simplicity","damage_taken":0,"max_hp_gain":0,"max_hp_loss":0,"event_name":"Back to Basics","floor":20,"gold_loss":0,"cards_upgraded":["Strike_G","Strike_G","Strike_G","Strike_G","Defend_G","Defend_G","Defend_G","Defend_G","Defend_G"]},{"damage_healed":0,"gold_gain":0,"player_choice":"Obtained Relic","damage_taken":0,"relics_obtained":["Boot"],"max_hp_gain":0,"max_hp_loss":0,"event_name":"Addict","floor":21,"gold_loss":85},{"damage_healed":0,"gold_gain":0,"player_choice":"Ignored","damage_taken":0,"max_hp_gain":0,"max_hp_loss":0,"event_name":"The Mausoleum","floor":22,"gold_loss":0}],"is_beta":false,"boss_relics":[{"not_picked":["Pandora\u0027s Box","Coffee Dripper"],"picked":"WristBlade"}],"items_purged_floors":[11],"is_endless":false,"potions_floor_spawned":[4,7,14,16,18,19,27],"killed_by":"Snake Plant","ascension_level":5}