{"gold_per_floor":[115,133,51,51,64,104,104,50,50,50,50,50,84,97,97,190,190,211,136,51,0,0],"floor_reached":22,"playtime":889,"items_purged":[],"score":323,"play_id":"a0ac2b0a-2016-4238-b959-af71574f23f3","local_time":"20190409122000","is_ascension_mode":true,"campfire_choices":[{"floor":7.0,"key":"REST"},{"data":"Footwork","floor":11.0,"key":"SMITH"},{"data":"Sucker Punch","floor":15.0,"key":"SMITH"}],"neow_cost":"NONE","seed_source_timestamp":0,"circlet_count":0,"master_deck":["AscendersBane","Defend_G","Defend_G","Defend_G","Defend_G","Defend_G","Strike_G","Strike_G+1","Strike_G+1","Survivor","Neutralize","Dagger Spray","Footwork+1","Backflip","Slice","Deadly Poison","Sucker Punch+1","Footwork","Malaise","Blur+1"],"special_seed":0,"relics":["Ring of the Snake","Whetstone","Golden Idol","Torii","Meat on the Bone","Gremlin Horn","Empty Cage","Shuriken"],"potions_floor_usage":[],"damage_taken":[{"damage":3.0,"enemies":"Small Slimes","floor":1.0,"turns":4.0},{"damage":0.0,"enemies":"Jaw Worm","floor":2.0,"turns":4.0},{"damage":0.0,"enemies":"2 Louse","floor":5.0,"turns":2.0},{"damage":38.0,"enemies":"Gremlin Nob","floor":6.0,"turns":5.0},{"damage":4.0,"enemies":"3 Sentries","floor":13.0,"turns":10.0},{"damage":0.0,"enemies":"Red Slaver","floor":14.0,"turns":6.0},{"damage":46.0,"enemies":"Slime Boss","floor":16.0,"turns":14.0},{"damage":8,"enemies":"Shell Parasite","floor":18,"turns":11},{"damage":32,"enemies":"2 Thieves","floor":19,"turns":5},{"damage":32,"enemies":"Colosseum Slavers","floor":22,"turns":6}],"seed_played":"-409856045137849844","potions_obtained":[{"floor":2.0,"key":"Energy Potion"},{"floor":6.0,"key":"FearPotion"},{"floor":14.0,"key":"EssenceOfSteel"}],"is_trial":false,"path_per_floor":["M","M","$","?","M","E","R","$","T","$","R","?","E","M","R","B",null,"M","M","?","?","?"],"character_chosen":"THE_SILENT","items_purchased":["Footwork","Backflip","Deadly Poison"],"campfire_rested":1,"item_purchase_floors":[3,3,8],"current_hp_per_floor":[56,56,56,40,40,2,21,21,21,21,21,66,62,62,62,28,57,49,29,29,29,0],"gold":0,"neow_bonus":"RANDOM_COMMON_RELIC","is_prod":false,"is_daily":false,"chose_seed":false,"campfire_upgraded":2,"win_rate":0,"timestamp":1554826800,"path_taken":["M","M","$","?","M","E","R","?","T","?","R","?","E","?","R","BOSS","M","M","?","?","?"],"build_version":"2019-01-23","purchased_purges":0,"victory":false,"max_hp_per_floor":[66,66,66,66,66,66,66,66,66,66,66,66,66,66,66,66,66,66,66,66,66,66],"card_choices":[{"not_picked":["Underhanded Strike","All Out Attack"],"picked":"Dagger Spray","floor":1.0},{"not_picked":["Finisher","Expertise"],"picked":"Bouncing Flask","floor":2.0},{"not_picked":["Outmaneuver","Distraction","Quick Slash"],"picked":"SKIP","floor":5.0},{"not_picked":["Quick Slash","Reflex"],"picked":"Slice","floor":6.0},{"not_picked":["Underhanded Strike","Deadly Poison"],"picked":"Sucker Punch","floor":13.0},{"not_picked":["Underhanded Strike","Well Laid Plans"],"picked":"Footwork","floor":14.0},{"not_picked":["Envenom","Phantasmal Killer"],"picked":"Malaise","floor":16.0},{"not_picked":["Sucker Punch","Underhanded Strike"],"picked":"Blur+1","floor":18},{"not_picked":["Backflip","Accuracy","Quick Slash"],"picked":"SKIP","floor":19}],"player_experience":245115,"relics_obtained":[{"floor":6.0,"key":"Torii"},{"floor":9.0,"key":"Meat on the Bone"},{"floor":13.0,"key":"Gremlin Horn"}],"event_choices":[{"damage_healed":0.0,"max_hp_gain":0.0,"max_hp_loss":0.0,"gold_gain":0.0,"event_name":"Golden Idol","player_choice":"Take Damage","floor":4.0,"gold_loss":0.0,"damage_taken":16.0,"relics_obtained":["Golden Idol"]},{"cards_removed":["Bouncing Flask"],"damage_healed":45.0,"max_hp_gain":0.0,"max_hp_loss":0.0,"gold_gain":0.0,"event_name":"Bonfire Elementals","player_choice":"Offered Uncommon","floor":12.0,"gold_loss":0.0,"damage_taken":0.0},{"damage_healed":0,"gold_gain":0,"player_choice":"Obtained Relic","damage_taken":0,"relics_obtained":["Shuriken"],"max_hp_gain":0,"max_hp_loss":0,"event_name":"Addict","floor":20,"gold_loss":85},{"damage_healed":0,"gold_gain":0,"player_choice":"Paid Fearfully","damage_taken":0,"max_hp_gain":0,"max_hp_loss":0,"event_name":"Masked Bandits","floor":21,"gold_loss":51},{"damage_healed":0,"gold_gain":0,"player_choice":"Fight","damage_taken":0,"max_hp_gain":0,"max_hp_loss":0,"event_name":"Colosseum","floor":22,"gold_loss":0}],"is_beta":false,"boss_relics":[{"not_picked":["Eternal Feather","Calling Bell"],"picked":"Empty Cage"}],"items_purged_floors":[],"is_endless":false,"potions_floor_spawned":[2,6,14],"killed_by":"Colosseum Slavers","ascension_level":14}