{"gold_per_floor":[116,116,132,156,173,173,186,201,201,201,216,228,61,76,76,149,149,168,168,168],"floor_reached":20,"playtime":770,"items_purged":[],"score":336,"play_id":"fe659b80-0627-4c5f-8056-53f29c6dd5f9","local_time":"20190719215041","is_ascension_mode":true,"campfire_choices":[{"data":"Zap","floor":6,"key":"SMITH"},{"data":"Zap","floor":10,"key":"SMITH"},{"data":"Defragment","floor":15,"key":"SMITH"}],"neow_cost":"TEN_PERCENT_HP_LOSS","seed_source_timestamp":565648433641286,"circlet_count":0,"master_deck":["AscendersBane","Strike_B","Strike_B","Strike_B","Strike_B","Defend_B","Defend_B","Defend_B","Defend_B","Zap+1","Dualcast","Conserve Battery","Rip and Tear","Zap+1","Ball Lightning","Leap","Compile Driver","Loop","Coolheaded","Thunder Strike","Defragment+1","Panacea","Hologram","Machine Learning","Defragment","Zap"],"relics":["Cracked Core","Ice Cream","Anchor","Gremlin Horn","Eternal Feather"],"potions_floor_usage":[16,16],"damage_taken":[{"damage":2,"enemies":"Jaw Worm","floor":1,"turns":4},{"damage":0,"enemies":"Cultist","floor":3,"turns":3},{"damage":0,"enemies":"Small Slimes","floor":5,"turns":2},{"damage":2,"enemies":"Exordium Wildlife","floor":7,"turns":4},{"damage":0,"enemies":"Looter","floor":8,"turns":2},{"damage":0,"enemies":"Large Slime","floor":11,"turns":4},{"damage":2,"enemies":"Red Slaver","floor":12,"turns":3},{"damage":4,"enemies":"2 Fungi Beasts","floor":14,"turns":3},{"damage":33,"enemies":"Slime Boss","floor":16,"turns":7},{"damage":28,"enemies":"2 Thieves","floor":18,"turns":5},{"damage":35,"enemies":"Shell Parasite","floor":20,"turns":4}],"seed_played":"6492014863381651564","potions_obtained":[{"floor":5,"key":"Fire Potion"},{"floor":8,"key":"Dexterity Potion"},{"floor":14,"key":"PowerPotion"},{"floor":16,"key":"Strength Potion"}],"is_trial":false,"path_per_floor":["M","?","M","T","M","R","M","M","T","R","M","M","$","M","R","B",null,"M","?","M"],"character_chosen":"DEFECT","items_purchased":["Defragment","Panacea"],"campfire_rested":0,"item_purchase_floors":[13,13],"current_hp_per_floor":[62,62,62,62,62,62,60,60,60,60,60,58,58,54,54,21,53,25,25,0],"gold":168,"neow_bonus":"ONE_RARE_RELIC","is_prod":false,"is_daily":false,"chose_seed":false,"campfire_upgraded":3,"win_rate":0,"timestamp":1563598241,"path_taken":["M","?","?","?","M","R","M","M","T","R","M","?","$","M","R","BOSS","M","?","?"],"build_version":"2019-07-18","purchased_purges":0,"victory":false,"max_hp_per_floor":[64,64,64,64,64,64,64,64,64,64,64,64,64,64,64,64,64,64,64,64],"card_choices":[{"not_picked":["Rebound","Turbo"],"picked":"Conserve Battery","floor":1},{"not_picked":["Rip and Tear","Auto Shields"],"picked":"Ball Lightning","floor":3},{"not_picked":["Chaos","Darkness"],"picked":"Leap","floor":5},{"not_picked":["Stack","Sweeping Beam"],"picked":"Compile Driver","floor":7},{"not_picked":["Consume","Blizzard"],"picked":"Loop","floor":8},{"not_picked":["Reprogram","Fusion"],"picked":"Coolheaded","floor":11},{"not_picked":["Steam","Conserve Battery"],"picked":"Thunder Strike","floor":12},{"not_picked":["Steam","Melter"],"picked":"Hologram","floor":14},{"not_picked":["Seek","Creative AI"],"picked":"Machine Learning","floor":16},{"not_picked":["Rebound","BootSequence"],"picked":"Defragment","floor":18}],"player_experience":2829733,"relics_obtained":[{"floor":4,"key":"Anchor"},{"floor":9,"key":"Gremlin Horn"}],"event_choices":[{"damage_healed":0,"gold_gain":0,"player_choice":"2 cards matched","damage_taken":0,"max_hp_gain":0,"max_hp_loss":0,"event_name":"Match and Keep!","floor":2,"gold_loss":0,"cards_obtained":["Rip and Tear","Zap"]},{"damage_healed":0,"gold_gain":0,"player_choice":"1 cards matched","damage_taken":0,"max_hp_gain":0,"max_hp_loss":0,"event_name":"Match and Keep!","floor":19,"gold_loss":0,"cards_obtained":["Zap"]}],"is_beta":true,"boss_relics":[{"not_picked":["Coffee Dripper","Empty Cage"],"picked":"Eternal Feather"}],"items_purged_floors":[],"is_endless":false,"potions_floor_spawned":[5,8,12,14,16],"killed_by":"Shell Parasite","ascension_level":20}