{"gold_per_floor":[20,20,20,35,52,52,2,28,28,28,54,73,73,25,25,101,101,121,139,154,34,45,45,74,74,125,125,135,147,147,147,147,147],"floor_reached":33,"playtime":854,"items_purged":[],"score":468,"play_id":"aeb2d1bc-cc16-4f54-be97-ab82cd517deb","local_time":"20190329185202","is_ascension_mode":true,"campfire_choices":[{"data":"Perfected Strike","floor":6,"key":"SMITH"},{"data":"Perfected Strike","floor":10,"key":"SMITH"},{"data":"Dual Wield","floor":15,"key":"SMITH"},{"data":"Dual Wield","floor":23,"key":"SMITH"},{"floor":25,"key":"REST"},{"floor":27,"key":"REST"},{"floor":32,"key":"REST"}],"neow_cost":"NO_GOLD","seed_source_timestamp":1385662994833355,"circlet_count":0,"master_deck":["AscendersBane","Strike_R+1","Strike_R+1","Strike_R+1","Strike_R+1","Defend_R+1","Defend_R+1","Defend_R+1","Bash+1","Metallicize+1","Perfected Strike+1","Dual Wield+1","Perfected Strike+1","Wild Strike","Pommel Strike","Demon Form","Perfected Strike","Clash","Inflame","Blind","Dual Wield+1","Uppercut+1","Seeing Red","Sentinel"],"relics":["Burning Blood","Matryoshka","Lantern","Oddly Smooth Stone","Ancient Tea Set","Runic Cube","Incense Burner","Juzu Bracelet","Centennial Puzzle"],"potions_floor_usage":[4,8,16,24,29,33],"damage_taken":[{"damage":2,"enemies":"2 Louse","floor":1,"turns":3},{"damage":6,"enemies":"Jaw Worm","floor":4,"turns":6},{"damage":0,"enemies":"Cultist","floor":5,"turns":3},{"damage":27,"enemies":"Lagavulin","floor":8,"turns":5},{"damage":26,"enemies":"3 Sentries","floor":11,"turns":5},{"damage":10,"enemies":"Gremlin Gang","floor":12,"turns":5},{"damage":18,"enemies":"Hexaghost","floor":16,"turns":7},{"damage":12,"enemies":"Chosen","floor":18,"turns":3},{"damage":7,"enemies":"Spheric Guardian","floor":19,"turns":3},{"damage":8,"enemies":"Centurion and Healer","floor":20,"turns":5},{"damage":25,"enemies":"Sentry and Sphere","floor":22,"turns":4},{"damage":28,"enemies":"Gremlin Leader","floor":24,"turns":10},{"damage":47,"enemies":"Shelled Parasite and Fungi","floor":28,"turns":4},{"damage":12,"enemies":"Snake Plant","floor":29,"turns":2},{"damage":31,"enemies":"Automaton","floor":33,"turns":8}],"seed_played":"-3625341023369109473","potions_obtained":[{"floor":1,"key":"EssenceOfSteel"},{"floor":4,"key":"BloodPotion"},{"floor":18,"key":"Block Potion"},{"floor":28,"key":"PowerPotion"},{"floor":29,"key":"Strength Potion"}],"is_trial":false,"path_per_floor":["M","$","?","M","M","R","$","E","T","R","E","M","?","$","R","B",null,"M","M","M","$","M","R","E","R","T","R","M","M","?","?","R","B"],"character_chosen":"IRONCLAD","items_purchased":["Perfected Strike","AttackPotion","Inflame","Blind"],"campfire_rested":3,"item_purchase_floors":[7,14,21,21],"current_hp_per_floor":[72,72,57,57,63,63,63,49,49,49,29,25,25,25,25,13,60,54,53,51,51,32,32,10,32,32,54,13,7,7,7,29,0],"gold":147,"neow_bonus":"REMOVE_TWO","is_prod":false,"is_daily":false,"chose_seed":false,"campfire_upgraded":4,"win_rate":0,"timestamp":1553899922,"path_taken":["M","$","?","M","M","R","?","E","T","R","E","M","?","$","R","BOSS","M","?","M","$","?","R","E","R","T","R","M","M","?","?","R","BOSS"],"build_version":"2019-01-23","purchased_purges":0,"victory":false,"max_hp_per_floor":[75,75,75,75,75,75,75,75,75,75,75,75,75,75,75,75,75,75,75,75,75,75,75,75,75,75,75,75,75,75,75,75,75],"card_choices":[{"not_picked":["Dropkick","Pommel Strike"],"picked":"Metallicize","floor":1},{"not_picked":["Heavy Blade","Cleave"],"picked":"Perfected Strike","floor":4},{"not_picked":["Clothesline","Iron Wave"],"picked":"Dual Wield","floor":5},{"not_picked":["Second Wind","Shrug It Off"],"picked":"Wild Strike","floor":8},{"not_picked":["Second Wind","Thunderclap"],"picked":"Pommel Strike","floor":11},{"not_picked":["Clash","Second Wind"],"picked":"Anger","floor":12},{"not_picked":["Dark Embrace","Juggernaut"],"picked":"Demon Form","floor":16},{"not_picked":["Thunderclap","Heavy Blade"],"picked":"Perfected Strike","floor":18},{"not_picked":["Sword Boomerang","Reckless Charge"],"picked":"Evolve","floor":19},{"not_picked":["Heavy Blade","Sentinel"],"picked":"Clash","floor":20},{"not_picked":["Heavy Blade","Shockwave+1"],"picked":"Dual Wield","floor":22},{"not_picked":["Second Wind","Rupture"],"picked":"Uppercut+1","floor":24},{"not_picked":["Armaments","Perfected Strike"],"picked":"Seeing Red","floor":28},{"not_picked":["Shockwave","Dual Wield","Armaments"],"picked":"SKIP","floor":29}],"player_experience":227131,"relics_obtained":[{"floor":8,"key":"Matryoshka"},{"floor":9,"key":"Lantern"},{"floor":9,"key":"Oddly Smooth Stone"},{"floor":11,"key":"Ancient Tea Set"},{"floor":24,"key":"Incense Burner"},{"floor":26,"key":"Juzu Bracelet"},{"floor":26,"key":"Centennial Puzzle"}],"event_choices":[{"damage_healed":0,"gold_gain":0,"player_choice":"Entered Light","damage_taken":15,"max_hp_gain":0,"max_hp_loss":0,"event_name":"Shining Light","floor":3,"gold_loss":0,"cards_upgraded":["Metallicize","Bash"]},{"cards_removed":["Anger"],"damage_healed":0,"gold_gain":0,"player_choice":"Card Removal","damage_taken":0,"max_hp_gain":0,"max_hp_loss":0,"event_name":"Wheel of Change","floor":13,"gold_loss":0},{"damage_healed":0,"gold_gain":0,"player_choice":"Simplicity","damage_taken":0,"max_hp_gain":0,"max_hp_loss":0,"event_name":"Back to Basics","floor":30,"gold_loss":0,"cards_upgraded":["Strike_R","Strike_R","Strike_R","Strike_R","Defend_R","Defend_R","Defend_R"]},{"damage_healed":0,"gold_gain":0,"cards_transformed":["Evolve"],"player_choice":"Transformed","damage_taken":0,"max_hp_gain":0,"max_hp_loss":0,"event_name":"Transmorgrifier","floor":31,"gold_loss":0,"cards_obtained":["Sentinel"]}],"is_beta":false,"boss_relics":[{"not_picked":["Black Star","Mark of Pain"],"picked":"Runic Cube"}],"items_purged_floors":[],"is_endless":false,"potions_floor_spawned":[1,4,18,28,29],"killed_by":"Automaton","ascension_level":14}