{"gold_per_floor":[110,110,110,110,33,33,61,61,108,108,141,141,161,175,175,248,248,260,260,271,271,290,290,303,338,362,362,375,16,16,33,33,109,109,124,124,224,224,242,242,242,242,242,259,259],"floor_reached":45,"playtime":2666,"items_purged":["Writhe"],"score":978,"play_id":"d30c61bb-c4c3-4165-a632-c617b86b439c","local_time":"20190730035348","is_ascension_mode":true,"campfire_choices":[{"data":"Loop","floor":6,"key":"SMITH"},{"data":"Zap","floor":8,"key":"SMITH"},{"data":"Coolheaded","floor":10,"key":"SMITH"},{"floor":12,"key":"RECALL"},{"data":"Conserve Battery","floor":15,"key":"SMITH"},{"data":"Buffer","floor":23,"key":"SMITH"},{"floor":27,"key":"REST"},{"floor":32,"key":"REST"},{"data":"Panache","floor":40,"key":"SMITH"},{"data":"Thinking Ahead","floor":42,"key":"SMITH"}],"neow_cost":"NONE","seed_source_timestamp":288777726256270,"circlet_count":0,"master_deck":["AscendersBane","Strike_B+1","Strike_B","Strike_B","Defend_B","Defend_B","Defend_B","Defend_B","Zap+1","Dualcast+1","Coolheaded+1","Loop+1","Compile Driver+1","Go for the Eyes+1","Streamline+1","Buffer+1","Go for the Eyes+1","Cold Snap+1","Hologram+1","Force Field","Reboot","Glacier","Conserve Battery","Echo Form","Aggregate","White Noise","Panache+1","Mind Blast+1","Thinking Ahead+1","Madness","Madness","Stack+1"],"relics":["Cracked Core","NeowsBlessing","Molten Egg 2","Juzu Bracelet","Blood Vial","Sozu","GremlinMask","Kunai","Pen Nib","Boot","Shuriken","Vajra","Inserter","Bird Faced Urn","Toxic Egg 2"],"potions_floor_usage":[16,25],"damage_taken":[{"damage":0,"enemies":"2 Louse","floor":1,"turns":1},{"damage":0,"enemies":"3 Sentries","floor":7,"turns":1},{"damage":0,"enemies":"Lagavulin","floor":11,"turns":1},{"damage":0,"enemies":"Jaw Worm","floor":13,"turns":4},{"damage":0,"enemies":"Cultist","floor":14,"turns":3},{"damage":13,"enemies":"Hexaghost","floor":16,"turns":10},{"damage":5,"enemies":"3 Byrds","floor":18,"turns":6},{"damage":20,"enemies":"Spheric Guardian","floor":20,"turns":4},{"damage":6,"enemies":"Cultist and Chosen","floor":22,"turns":8},{"damage":28,"enemies":"Chosen and Byrds","floor":24,"turns":7},{"damage":6,"enemies":"Book of Stabbing","floor":25,"turns":6},{"damage":4,"enemies":"Shelled Parasite and Fungi","floor":28,"turns":4},{"damage":6,"enemies":"Snake Plant","floor":31,"turns":4},{"damage":29,"enemies":"Collector","floor":33,"turns":14},{"damage":4,"enemies":"3 Shapes","floor":35,"turns":8},{"damage":0,"enemies":"Mind Bloom Boss Battle","floor":37,"turns":7},{"damage":11,"enemies":"Orb Walker","floor":39,"turns":4},{"damage":31,"enemies":"Maw","floor":44,"turns":9},{"damage":31,"enemies":"3 Darklings","floor":45,"turns":2}],"seed_played":"1254837267388115360","potions_obtained":[{"floor":11,"key":"Block Potion"},{"floor":14,"key":"SkillPotion"}],"is_trial":false,"path_per_floor":["M","?","?","?","$","R","E","R","T","R","E","R","M","M","R","B",null,"M","?","M","?","M","R","M","E","T","R","M","$","?","M","R","B",null,"M","?","?","?","M","R","?","R","T","M","M"],"character_chosen":"DEFECT","items_purchased":["Loop","Shuriken"],"campfire_rested":2,"item_purchase_floors":[5,29],"current_hp_per_floor":[64,57,36,31,31,31,31,31,31,31,31,31,33,35,35,24,59,56,56,38,38,34,34,8,4,4,25,23,23,23,19,40,13,57,55,55,57,47,52,52,39,39,39,22,0],"gold":259,"neow_bonus":"THREE_ENEMY_KILL","is_prod":false,"is_daily":false,"chose_seed":false,"campfire_upgraded":7,"win_rate":0,"timestamp":1564484028,"path_taken":["M","?","?","?","?","R","E","R","T","R","E","R","M","M","R","BOSS","M","?","M","?","M","R","M","E","T","R","M","$","?","M","R","BOSS","M","?","?","?","M","R","?","R","T","M","M"],"build_version":"2019-07-18","purchased_purges":1,"victory":false,"max_hp_per_floor":[71,71,71,71,71,71,71,71,71,71,71,71,71,71,71,71,71,71,71,71,71,71,71,71,71,71,71,71,71,71,71,71,71,71,71,71,71,71,71,71,71,71,71,71,71],"card_choices":[{"not_picked":["Beam Cell","Redo"],"picked":"Coolheaded","floor":1},{"not_picked":["Turbo","Redo"],"picked":"Compile Driver+1","floor":7},{"not_picked":["Tempest","Amplify"],"picked":"Conserve Battery","floor":11},{"not_picked":["Chaos","Self Repair"],"picked":"Go for the Eyes+1","floor":13},{"not_picked":["Steam Power","Turbo"],"picked":"Streamline+1","floor":14},{"not_picked":["Fission","Hyperbeam+1"],"picked":"Buffer","floor":16},{"not_picked":["Conserve Battery","Fusion"],"picked":"Go for the Eyes+1","floor":18},{"not_picked":["Redo","Sweeping Beam+1"],"picked":"Cold Snap+1","floor":20},{"not_picked":["Turbo","Coolheaded"],"picked":"Hologram+1","floor":22},{"not_picked":["Auto Shields","Steam"],"picked":"Force Field","floor":24},{"not_picked":["Heatsinks+1","Consume+1"],"picked":"Reboot","floor":25},{"not_picked":["Capacitor","Steam"],"picked":"Glacier","floor":28},{"not_picked":["Consume","Storm"],"picked":"Conserve Battery","floor":31},{"not_picked":["Meteor Strike+1","Amplify"],"picked":"Echo Form","floor":33},{"not_picked":["Auto Shields","Redo"],"picked":"Aggregate","floor":35},{"not_picked":["Go for the Eyes+1","Rebound+1"],"picked":"White Noise","floor":37},{"not_picked":["Swift Strike+1","Forethought"],"picked":"Panache","floor":38},{"not_picked":["Good Instincts","Secret Technique"],"picked":"Mind Blast+1","floor":38},{"not_picked":["Mind Blast+1","Panacea"],"picked":"Thinking Ahead","floor":38},{"not_picked":["Leap","Steam Power","Melter+1"],"picked":"SKIP","floor":39},{"not_picked":["Storm","Turbo+1"],"picked":"Stack+1","floor":44}],"player_experience":2848907,"relics_obtained":[{"floor":7,"key":"Juzu Bracelet"},{"floor":11,"key":"Blood Vial"},{"floor":25,"key":"Pen Nib"},{"floor":26,"key":"Boot"},{"floor":37,"key":"Bird Faced Urn"},{"floor":43,"key":"Toxic Egg 2"}],"event_choices":[{"cards_removed":["Strike_B"],"damage_healed":0,"gold_gain":0,"player_choice":"Card Removal","damage_taken":7,"max_hp_gain":0,"max_hp_loss":0,"event_name":"Golden Wing","floor":2,"gold_loss":0},{"damage_healed":0,"gold_gain":0,"player_choice":"Entered Light","damage_taken":21,"max_hp_gain":0,"max_hp_loss":0,"event_name":"Shining Light","floor":3,"gold_loss":0,"cards_upgraded":["Strike_B","Dualcast"]},{"damage_healed":0,"gold_gain":0,"player_choice":"Success","damage_taken":5,"relics_obtained":["Molten Egg 2"],"max_hp_gain":0,"max_hp_loss":0,"event_name":"Scrap Ooze","floor":4,"gold_loss":0},{"damage_healed":0,"gold_gain":0,"player_choice":"Trade","damage_taken":0,"relics_obtained":["GremlinMask"],"max_hp_gain":0,"max_hp_loss":0,"event_name":"FaceTrader","floor":19,"gold_loss":0},{"damage_healed":0,"gold_gain":0,"player_choice":"Opened","damage_taken":0,"relics_obtained":["Kunai"],"max_hp_gain":0,"max_hp_loss":0,"event_name":"The Mausoleum","floor":21,"gold_loss":0,"cards_obtained":["Writhe"]},{"cards_removed":["Conserve Battery"],"damage_healed":0,"gold_gain":0,"player_choice":"Gave Card","damage_taken":0,"relics_obtained":["Vajra"],"max_hp_gain":0,"max_hp_loss":0,"event_name":"WeMeetAgain","floor":30,"gold_loss":0},{"damage_healed":0,"gold_gain":0,"player_choice":"Ignored","damage_taken":0,"max_hp_gain":0,"max_hp_loss":0,"event_name":"Mysterious Sphere","floor":36,"gold_loss":0},{"damage_healed":0,"gold_gain":0,"player_choice":"Fight","damage_taken":0,"max_hp_gain":0,"max_hp_loss":0,"event_name":"MindBloom","floor":37,"gold_loss":0},{"damage_healed":0,"gold_gain":0,"player_choice":"Memory 3","damage_taken":10,"max_hp_gain":0,"max_hp_loss":0,"event_name":"SensoryStone","floor":38,"gold_loss":0},{"damage_healed":0,"gold_gain":0,"player_choice":"Embrace Madness","damage_taken":13,"max_hp_gain":0,"max_hp_loss":0,"event_name":"Winding Halls","floor":41,"gold_loss":0,"cards_obtained":["Madness","Madness"]}],"is_beta":true,"boss_relics":[{"not_picked":["Runic Dome","Snecko Eye"],"picked":"Sozu"},{"not_picked":["Pandora\u0027s Box","Black Star"],"picked":"Inserter"}],"items_purged_floors":[29],"is_endless":false,"potions_floor_spawned":[11,14,18,20,28,31,37,39],"killed_by":"3 Darklings","ascension_level":20}