{"gold_per_floor":[114,133,103,113,127,127,138,169,169,169,119,134,146,70,70,167,167,180,279,279,279,291,302,320,340,390,390,22,22,22,35,35,135,135,150,150,150,36,55,55,3,30,54,54,70,98,98,117,117,117],"floor_reached":51,"playtime":1984,"items_purged":["Strike_B"],"score":940,"play_id":"96b49a92-9d6a-4825-9b1c-b0a1559de279","local_time":"20190222125128","is_ascension_mode":true,"campfire_choices":[{"data":"Hologram","floor":6,"key":"SMITH"},{"floor":10,"key":"REST"},{"data":"Consume","floor":15,"key":"SMITH"},{"floor":29,"key":"REST"},{"floor":30,"key":"REST"},{"floor":32,"key":"REST"},{"data":"Apotheosis","floor":40,"key":"SMITH"},{"floor":44,"key":"REST"},{"floor":47,"key":"REST"},{"floor":49,"key":"REST"}],"neow_cost":"PERCENT_DAMAGE","seed_source_timestamp":288923578992101,"circlet_count":0,"master_deck":["Strike_B+1","Strike_B+1","Defend_B","Defend_B","Defend_B","Defend_B","Zap","Dualcast","Electrodynamics","Conserve Battery","Chill","Hologram+1","Coolheaded","Gash","Cold Snap","Consume+1","Biased Cognition","Ball Lightning","Gash+1","Echo Form","Apotheosis+1","Amplify","Blizzard+1","Steam+1","Reboot","Chill+1","Glacier","Chill+1","Conserve Battery","Reinforced Body+1","Regret","White Noise+1"],"relics":["Cracked Core","Whetstone","Torii","Inserter","Molten Egg 2","WingedGreaves","Oddly Smooth Stone","Cursed Key","GremlinMask","DataDisk","Vajra","Gremlin Horn"],"potions_floor_usage":[8,16,16,16,25,25,33,45,50,50],"damage_taken":[{"damage":9,"enemies":"2 Louse","floor":1,"turns":2},{"damage":0,"enemies":"Cultist","floor":2,"turns":3},{"damage":2,"enemies":"Jaw Worm","floor":4,"turns":4},{"damage":2,"enemies":"3 Louse","floor":5,"turns":2},{"damage":0,"enemies":"Large Slime","floor":7,"turns":4},{"damage":17,"enemies":"Lagavulin","floor":8,"turns":7},{"damage":1,"enemies":"Exordium Thugs","floor":12,"turns":4},{"damage":0,"enemies":"Exordium Wildlife","floor":13,"turns":2},{"damage":7,"enemies":"Hexaghost","floor":16,"turns":11},{"damage":3,"enemies":"Spheric Guardian","floor":18,"turns":6},{"damage":24,"enemies":"Shell Parasite","floor":22,"turns":6},{"damage":9,"enemies":"Snake Plant","floor":23,"turns":4},{"damage":8,"enemies":"Centurion and Healer","floor":24,"turns":8},{"damage":13,"enemies":"Chosen and Byrds","floor":25,"turns":6},{"damage":2,"enemies":"Colosseum Slavers","floor":27,"turns":3},{"damage":7,"enemies":"Sentry and Sphere","floor":31,"turns":6},{"damage":1,"enemies":"Champ","floor":33,"turns":12},{"damage":37,"enemies":"3 Darklings","floor":35,"turns":5},{"damage":6,"enemies":"3 Shapes","floor":39,"turns":5},{"damage":24,"enemies":"Nemesis","floor":42,"turns":13},{"damage":12,"enemies":"Transient","floor":45,"turns":5},{"damage":35,"enemies":"Reptomancer","floor":46,"turns":6},{"damage":1,"enemies":"4 Shapes","floor":48,"turns":4},{"damage":20,"enemies":"Donu and Deca","floor":50,"turns":10}],"seed_played":"-6798761760394465399","potions_obtained":[{"floor":3,"key":"Energy Potion"},{"floor":3,"key":"Strength Potion"},{"floor":4,"key":"PowerPotion"},{"floor":5,"key":"FocusPotion"},{"floor":8,"key":"Energy Potion"},{"floor":13,"key":"AttackPotion"},{"floor":18,"key":"Dexterity Potion"},{"floor":22,"key":"SkillPotion"},{"floor":23,"key":"Weak Potion"},{"floor":31,"key":"PowerPotion"},{"floor":42,"key":"Swift Potion"},{"floor":46,"key":"AttackPotion"},{"floor":48,"key":"SmokeBomb"}],"is_trial":false,"path_per_floor":["M","M","?","M","M","R","M","E","T","R","?","M","M","$","R","B",null,"M","?","?","?","M","M","M","M","T","?","$","R","R","M","R","B",null,"M","?","?","$","M","R","$","E","T","R","M","E","R","M","R","B",null],"character_chosen":"DEFECT","items_purchased":["Consume","Apotheosis","Amplify","Blizzard+1","Dexterity Potion","Glacier","Conserve Battery"],"campfire_rested":7,"item_purchase_floors":[14,28,28,28,28,38,41],"current_hp_per_floor":[41,41,41,39,37,37,37,20,20,42,42,41,41,41,41,34,65,62,62,62,62,38,29,21,8,8,6,6,28,50,43,65,64,72,35,66,66,66,60,60,60,36,36,55,43,8,27,26,45,25],"gold":117,"neow_bonus":"THREE_RARE_CARDS","is_prod":false,"is_daily":false,"chose_seed":false,"campfire_upgraded":3,"win_rate":0,"timestamp":1550857888,"path_taken":["M","M","?","?","M","R","M","E","T","R","?","M","M","?","R","BOSS","M","?","?","?","M","M","M","?","T","?","$","R","R","M","R","BOSS","M","?","?","$","?","R","$","E","T","R","M","E","R","M","R","BOSS"],"build_version":"2019-01-23","purchased_purges":1,"victory":true,"max_hp_per_floor":[75,75,75,75,75,75,75,75,75,75,75,75,75,75,75,75,75,75,75,75,75,75,75,75,75,75,75,75,75,75,75,75,75,75,75,66,66,66,66,66,66,66,66,66,66,66,66,66,66,66],"card_choices":[{"not_picked":["Biased Cognition","All For One"],"picked":"Electrodynamics","floor":0},{"not_picked":["Rebound","Cold Snap"],"picked":"Conserve Battery","floor":1},{"not_picked":["Rip and Tear","Leap","Skim"],"picked":"SKIP","floor":2},{"not_picked":["Scrape","Lockon"],"picked":"Chill","floor":4},{"not_picked":["Compile Driver","Go for the Eyes"],"picked":"Hologram","floor":5},{"not_picked":["Stack","Hologram"],"picked":"Coolheaded","floor":7},{"not_picked":["Coolheaded","Streamline","Storm"],"picked":"SKIP","floor":8},{"not_picked":["Steam","Sweeping Beam"],"picked":"Gash","floor":12},{"not_picked":["Leap","Barrage"],"picked":"Cold Snap","floor":13},{"not_picked":["Amplify","Core Surge"],"picked":"Biased Cognition","floor":16},{"not_picked":["Fusion","Compile Driver"],"picked":"Ball Lightning","floor":18},{"not_picked":["Rip and Tear+1","Scrape+1","Leap"],"picked":"SKIP","floor":22},{"not_picked":["Barrage+1","Redo","Ball Lightning+1"],"picked":"SKIP","floor":23},{"not_picked":["Doom and Gloom+1","Turbo"],"picked":"Gash+1","floor":24},{"not_picked":["Beam Cell+1","Hello World"],"picked":"Echo Form","floor":25},{"not_picked":["Sweeping Beam+1","Undo"],"picked":"Steam+1","floor":31},{"not_picked":["Creative AI","Electrodynamics"],"picked":"Reboot","floor":33},{"not_picked":["Aggregate","Streamline+1"],"picked":"Chill+1","floor":35},{"not_picked":["Doom and Gloom+1","Stack"],"picked":"Chill+1","floor":39},{"not_picked":["Scrape+1","Cold Snap+1"],"picked":"Reinforced Body+1","floor":42},{"not_picked":["Aggregate+1","Lockon+1","Sweeping Beam+1"],"picked":"SKIP","floor":45},{"not_picked":["Auto Shields+1","Fission"],"picked":"White Noise+1","floor":46},{"not_picked":["Leap","Reprogram+1","Ball Lightning+1"],"picked":"SKIP","floor":48}],"player_experience":122893,"relics_obtained":[{"floor":8,"key":"Whetstone"},{"floor":9,"key":"Torii"},{"floor":26,"key":"Oddly Smooth Stone"},{"floor":42,"key":"DataDisk"},{"floor":43,"key":"Vajra"},{"floor":46,"key":"Gremlin Horn"}],"event_choices":[{"damage_healed":0,"gold_gain":0,"player_choice":"Bought 2 Potions","damage_taken":0,"max_hp_gain":0,"max_hp_loss":0,"event_name":"The Woman in Blue","floor":3,"gold_loss":0},{"cards_removed":["Strike_B"],"damage_healed":0,"gold_gain":0,"player_choice":"Card Removal","damage_taken":0,"max_hp_gain":0,"max_hp_loss":0,"event_name":"The Cleric","floor":11,"gold_loss":50},{"damage_healed":0,"gold_gain":99,"player_choice":"Stole From Cult","damage_taken":0,"max_hp_gain":0,"max_hp_loss":0,"event_name":"Nest","floor":19,"gold_loss":0},{"damage_healed":0,"gold_gain":0,"player_choice":"Opened","damage_taken":0,"relics_obtained":["Molten Egg 2"],"max_hp_gain":0,"max_hp_loss":0,"event_name":"The Mausoleum","floor":20,"gold_loss":0},{"damage_healed":0,"gold_gain":0,"player_choice":"Gave Potion","damage_taken":0,"relics_obtained":["WingedGreaves"],"max_hp_gain":0,"max_hp_loss":0,"event_name":"WeMeetAgain","floor":21,"gold_loss":0},{"damage_healed":0,"gold_gain":0,"player_choice":"Fight","damage_taken":0,"max_hp_gain":0,"max_hp_loss":0,"event_name":"Colosseum","floor":27,"gold_loss":0},{"damage_healed":0,"gold_gain":0,"player_choice":"Fled From Nobs","damage_taken":0,"max_hp_gain":0,"max_hp_loss":0,"event_name":"Colosseum","floor":27,"gold_loss":0},{"damage_healed":66,"gold_gain":0,"player_choice":"Heal","damage_taken":0,"max_hp_gain":0,"max_hp_loss":9,"event_name":"The Moai Head","floor":36,"gold_loss":0},{"damage_healed":0,"gold_gain":0,"player_choice":"Trade","damage_taken":0,"relics_obtained":["GremlinMask"],"max_hp_gain":0,"max_hp_loss":0,"event_name":"FaceTrader","floor":37,"gold_loss":0}],"is_beta":false,"boss_relics":[{"not_picked":["Orrery","Black Star"],"picked":"Inserter"},{"not_picked":["FrozenCore","Nuclear Battery"],"picked":"Cursed Key"}],"items_purged_floors":[38],"is_endless":false,"potions_floor_spawned":[4,5,8,12,13,18,22,23,31,42,46,48],"ascension_level":7}