{"gold_per_floor":[119,132,132,147,97,123,48,77,77,108,108,133,162,175,175,249,249,260,279,6,6,23,23,50,50,50,62,72,99,99,99,99,174,174,194,194,214,232,251,251,286,386,386,386,3,34,34,54,54,54],"floor_reached":50,"playtime":1958,"items_purged":["Strike_B"],"score":1111,"play_id":"5dddf715-788c-45f7-9d84-bddebb3f095f","local_time":"20190328215731","is_ascension_mode":true,"campfire_choices":[{"floor":11,"key":"REST"},{"data":"Buffer","floor":15,"key":"SMITH"},{"data":"Biased Cognition","floor":23,"key":"SMITH"},{"floor":25,"key":"REST"},{"data":"Seek","floor":30,"key":"SMITH"},{"floor":32,"key":"REST"},{"data":"Amplify","floor":40,"key":"SMITH"},{"data":"Buffer","floor":44,"key":"SMITH"},{"data":"Capacitor","floor":49,"key":"SMITH"}],"neow_cost":"NONE","seed_source_timestamp":1309285127134611,"circlet_count":0,"master_deck":["AscendersBane","Strike_B+1","Defend_B","Defend_B","Defend_B","Defend_B","Zap","Dualcast","Ball Lightning","Sunder+1","Seek+1","White Noise","Conserve Battery","Buffer+1","Coolheaded","Cold Snap","Biased Cognition+1","Fusion","FTL","Reinforced Body","Compile Driver","RitualDagger","Darkness","Ball Lightning","Electrodynamics","Go for the Eyes+1","Conserve Battery+1","FTL","Chill","Buffer+1","Amplify+1","Defragment+1","Consume","Sunder+1","Parasite","Turbo+1","Defragment+1","Loop+1","Creative AI","Capacitor+1"],"relics":["Cracked Core","Prayer Wheel","Odd Mushroom","Letter Opener","Regal Pillow","Pen Nib","Whetstone","Sozu","Matryoshka","Lantern","Dream Catcher","Symbiotic Virus","Emotion Chip","Runic Pyramid","Gremlin Horn","Strawberry","Torii","Dead Branch","Bottled Flame","Bird Faced Urn","Centennial Puzzle"],"potions_floor_usage":[6,10,10],"damage_taken":[{"damage":0,"enemies":"Cultist","floor":1,"turns":3},{"damage":0,"enemies":"Jaw Worm","floor":2,"turns":3},{"damage":0,"enemies":"Small Slimes","floor":4,"turns":3},{"damage":16,"enemies":"Lagavulin","floor":6,"turns":5},{"damage":32,"enemies":"The Mushroom Lair","floor":8,"turns":4},{"damage":12,"enemies":"Gremlin Nob","floor":10,"turns":4},{"damage":10,"enemies":"3 Sentries","floor":13,"turns":5},{"damage":0,"enemies":"Looter","floor":14,"turns":3},{"damage":6,"enemies":"The Guardian","floor":16,"turns":13},{"damage":0,"enemies":"3 Byrds","floor":18,"turns":4},{"damage":0,"enemies":"Shell Parasite","floor":19,"turns":5},{"damage":3,"enemies":"Snecko","floor":22,"turns":4},{"damage":51,"enemies":"Book of Stabbing","floor":24,"turns":6},{"damage":0,"enemies":"Shelled Parasite and Fungi","floor":27,"turns":4},{"damage":4,"enemies":"Sentry and Sphere","floor":28,"turns":4},{"damage":0,"enemies":"Slavers","floor":29,"turns":4},{"damage":6,"enemies":"Colosseum Slavers","floor":31,"turns":3},{"damage":14,"enemies":"Automaton","floor":33,"turns":10},{"damage":5,"enemies":"3 Darklings","floor":35,"turns":4},{"damage":0,"enemies":"3 Shapes","floor":37,"turns":1},{"damage":0,"enemies":"Writhing Mass","floor":38,"turns":6},{"damage":0,"enemies":"Maw","floor":39,"turns":7},{"damage":0,"enemies":"Nemesis","floor":41,"turns":5},{"damage":0,"enemies":"Mind Bloom Boss Battle","floor":42,"turns":5},{"damage":0,"enemies":"Giant Head","floor":46,"turns":8},{"damage":0,"enemies":"Spire Growth","floor":48,"turns":6},{"damage":108,"enemies":"Awakened One","floor":50,"turns":5}],"seed_played":"-7617241469282150052","potions_obtained":[{"floor":2,"key":"EssenceOfSteel"},{"floor":4,"key":"PowerPotion"},{"floor":8,"key":"Fire Potion"}],"is_trial":false,"path_per_floor":["M","M","?","M","?","E","$","?","T","E","R","T","E","M","R","B",null,"M","M","$","?","M","R","E","R","T","M","M","E","R","?","R","B",null,"M","?","M","M","M","R","E","?","T","R","$","E","?","M","R","B"],"character_chosen":"DEFECT","items_purchased":["White Noise","Matryoshka","Compile Driver","Bird Faced Urn"],"campfire_rested":3,"item_purchase_floors":[7,20,20,45],"current_hp_per_floor":[68,68,61,61,61,45,45,13,13,1,38,38,28,28,28,22,62,62,62,62,56,53,53,2,39,39,39,35,35,35,29,66,52,69,64,64,64,64,64,64,71,71,71,71,71,82,82,82,82,0],"gold":54,"neow_bonus":"THREE_CARDS","is_prod":false,"is_daily":false,"chose_seed":false,"campfire_upgraded":6,"win_rate":0,"timestamp":1553824651,"path_taken":["M","?","?","M","?","E","$","?","T","E","R","?","E","M","R","BOSS","M","M","$","?","M","R","E","R","T","M","M","E","R","?","R","BOSS","M","?","?","M","M","R","E","?","T","R","$","E","?","?","R","BOSS"],"build_version":"2019-01-23","purchased_purges":1,"victory":false,"max_hp_per_floor":[75,75,75,75,75,75,75,75,75,75,75,75,75,75,75,75,75,75,75,75,75,75,75,75,75,75,75,75,75,75,75,75,75,75,75,75,75,75,75,75,82,82,82,82,82,82,82,82,82,82],"card_choices":[{"not_picked":["Tempest","Redo"],"picked":"Ball Lightning","floor":0},{"not_picked":["Redo","BootSequence"],"picked":"Conserve Battery","floor":1},{"not_picked":["FTL","Barrage"],"picked":"Sunder","floor":2},{"not_picked":["Steam Power","Beam Cell"],"picked":"Seek","floor":4},{"not_picked":["Go for the Eyes","Beam Cell","Hologram"],"picked":"SKIP","floor":6},{"not_picked":["Streamline","Barrage"],"picked":"Conserve Battery","floor":8},{"not_picked":["White Noise","Leap"],"picked":"Buffer","floor":10},{"not_picked":["Tempest","Steam Power"],"picked":"Coolheaded","floor":13},{"not_picked":["Ball Lightning","Rebound"],"picked":"Cold Snap","floor":14},{"not_picked":["Scrape","Melter","Tempest"],"picked":"SKIP","floor":14},{"not_picked":["Buffer","Multi-Cast"],"picked":"Biased Cognition","floor":16},{"not_picked":["Stack","Steam+1"],"picked":"Fusion","floor":18},{"not_picked":["Conserve Battery","Barrage"],"picked":"FTL","floor":18},{"not_picked":["Compile Driver","Redo"],"picked":"Reinforced Body","floor":19},{"not_picked":["Rebound","Conserve Battery","Steam"],"picked":"SKIP","floor":19},{"not_picked":["Go for the Eyes","Compile Driver"],"picked":"Darkness","floor":22},{"not_picked":["Conserve Battery","Stack"],"picked":"Ball Lightning","floor":22},{"not_picked":["Darkness","Barrage"],"picked":"Electrodynamics","floor":24},{"not_picked":["Aggregate","Sweeping Beam"],"picked":"Go for the Eyes+1","floor":27},{"not_picked":["Darkness","Barrage"],"picked":"Conserve Battery+1","floor":27},{"not_picked":["Stack","Barrage"],"picked":"FTL","floor":28},{"not_picked":["Rebound","Stack"],"picked":"Chill","floor":28},{"not_picked":["Chill","Undo"],"picked":"Buffer","floor":29},{"not_picked":["Creative AI","Buffer"],"picked":"Amplify","floor":33},{"not_picked":["Rebound","Storm+1"],"picked":"Defragment+1","floor":35},{"not_picked":["Beam Cell","Compile Driver","Multi-Cast"],"picked":"SKIP","floor":35},{"not_picked":["Leap","Ball Lightning"],"picked":"Consume","floor":37},{"not_picked":["Coolheaded","Compile Driver+1"],"picked":"Sunder+1","floor":37},{"not_picked":["Turbo","Rip and Tear+1","Ball Lightning"],"picked":"SKIP","floor":38},{"not_picked":["Conserve Battery","Streamline","Leap"],"picked":"SKIP","floor":38},{"not_picked":["Reprogram","Melter"],"picked":"Turbo+1","floor":39},{"not_picked":["Redo","Chill"],"picked":"Defragment+1","floor":39},{"not_picked":["Sweeping Beam","Auto Shields"],"picked":"Loop+1","floor":41},{"not_picked":["Undo","Conserve Battery"],"picked":"Creative AI","floor":46},{"not_picked":["Barrage+1","Genetic Algorithm"],"picked":"Capacitor","floor":48},{"not_picked":["Steam","Streamline+1","Tempest"],"picked":"SKIP","floor":48}],"player_experience":221629,"relics_obtained":[{"floor":6,"key":"Prayer Wheel"},{"floor":8,"key":"Odd Mushroom"},{"floor":9,"key":"Letter Opener"},{"floor":10,"key":"Regal Pillow"},{"floor":12,"key":"Pen Nib"},{"floor":13,"key":"Whetstone"},{"floor":24,"key":"Lantern"},{"floor":26,"key":"Dream Catcher"},{"floor":26,"key":"Symbiotic Virus"},{"floor":29,"key":"Emotion Chip"},{"floor":41,"key":"Strawberry"},{"floor":42,"key":"Torii"},{"floor":43,"key":"Dead Branch"},{"floor":43,"key":"Bottled Flame"},{"floor":46,"key":"Centennial Puzzle"}],"event_choices":[{"cards_removed":["Strike_B"],"damage_healed":0,"gold_gain":0,"player_choice":"Card Removal","damage_taken":7,"max_hp_gain":0,"max_hp_loss":0,"event_name":"Golden Wing","floor":3,"gold_loss":0},{"cards_removed":["Strike_B"],"damage_healed":0,"gold_gain":0,"player_choice":"Card Removal","damage_taken":0,"max_hp_gain":0,"max_hp_loss":0,"event_name":"The Cleric","floor":5,"gold_loss":50},{"damage_healed":0,"gold_gain":0,"player_choice":"Fought Mushrooms","damage_taken":0,"max_hp_gain":0,"max_hp_loss":0,"event_name":"Mushrooms","floor":8,"gold_loss":0},{"damage_healed":0,"gold_gain":0,"player_choice":"Joined the Cult","damage_taken":6,"max_hp_gain":0,"max_hp_loss":0,"event_name":"Nest","floor":21,"gold_loss":0,"cards_obtained":["RitualDagger"]},{"damage_healed":0,"gold_gain":0,"player_choice":"Fight","damage_taken":0,"max_hp_gain":0,"max_hp_loss":0,"event_name":"Colosseum","floor":31,"gold_loss":0},{"damage_healed":0,"gold_gain":0,"player_choice":"Fled From Nobs","damage_taken":0,"max_hp_gain":0,"max_hp_loss":0,"event_name":"Colosseum","floor":31,"gold_loss":0},{"cards_removed":["Conserve Battery"],"damage_healed":0,"gold_gain":0,"player_choice":"Gave Card","damage_taken":0,"relics_obtained":["Gremlin Horn"],"max_hp_gain":0,"max_hp_loss":0,"event_name":"WeMeetAgain","floor":36,"gold_loss":0},{"damage_healed":0,"gold_gain":0,"player_choice":"Fight","damage_taken":0,"max_hp_gain":0,"max_hp_loss":0,"event_name":"MindBloom","floor":42,"gold_loss":0},{"damage_healed":0,"gold_gain":0,"player_choice":"Full Heal","damage_taken":0,"max_hp_gain":0,"max_hp_loss":0,"event_name":"Wheel of Change","floor":47,"gold_loss":0}],"is_beta":false,"boss_relics":[{"not_picked":["Ectoplasm","Calling Bell"],"picked":"Sozu"},{"not_picked":["White Beast Statue","Busted Crown"],"picked":"Runic Pyramid"}],"items_purged_floors":[45],"is_endless":false,"potions_floor_spawned":[2,4,8,22,27,31,33,35,37,38,39,42],"killed_by":"Awakened One","ascension_level":13}