{"gold_per_floor":[118,135,152,165,179,214,214,247,294,326,326,351,351,371,371,468,468,488,499,513,513,195,195,206,206,232,243,254,354,354,373,373,373],"floor_reached":33,"playtime":1843,"items_purged":["Clash"],"score":404,"play_id":"59b0ca55-9b52-4173-aeef-595d649599b6","local_time":"20190902005512","is_ascension_mode":true,"campfire_choices":[{"data":"Bash","floor":7,"key":"SMITH"},{"floor":11,"key":"REST"},{"data":"Armaments","floor":15,"key":"SMITH"},{"data":"Entrench","floor":23,"key":"SMITH"},{"data":"Spot Weakness","floor":25,"key":"SMITH"},{"data":"Seeing Red","floor":30,"key":"SMITH"},{"data":"Battle Trance","floor":32,"key":"SMITH"}],"neow_cost":"TEN_PERCENT_HP_LOSS","seed_source_timestamp":523368282519122,"circlet_count":0,"master_deck":["Defend_R","Defend_R","Defend_R","Bash+1","Evolve","Headbutt","Thunderclap","Pommel Strike","Battle Trance+1","Entrench+1","Seeing Red+1","Spot Weakness+1","Armaments+1","Impervious","Bite","Bite","Bite","Bite","Bite"],"special_seed":0,"relics":["Burning Blood","Pear","Strawberry","Dream Catcher","Meat on the Bone","PreservedInsect","Busted Crown","Bottled Flame","Red Skull"],"potions_floor_usage":[6,6,8,16,16,20,33],"damage_taken":[{"damage":4.0,"enemies":"Small Slimes","floor":1.0,"turns":3.0},{"damage":3.0,"enemies":"Jaw Worm","floor":2.0,"turns":4.0},{"damage":6.0,"enemies":"Cultist","floor":3.0,"turns":3.0},{"damage":2.0,"enemies":"3 Louse","floor":4.0,"turns":3.0},{"damage":2,"enemies":"Large Slime","floor":5,"turns":5},{"damage":12,"enemies":"Gremlin Nob","floor":6,"turns":3},{"damage":50,"enemies":"3 Sentries","floor":8,"turns":7},{"damage":36,"enemies":"Lagavulin","floor":10,"turns":6},{"damage":25,"enemies":"3 Sentries","floor":12,"turns":8},{"damage":5,"enemies":"2 Fungi Beasts","floor":14,"turns":4},{"damage":37,"enemies":"The Guardian","floor":16,"turns":10},{"damage":17,"enemies":"2 Thieves","floor":18,"turns":4},{"damage":2,"enemies":"Chosen","floor":19,"turns":5},{"damage":38,"enemies":"3 Cultists","floor":20,"turns":7},{"damage":51,"enemies":"Centurion and Healer","floor":24,"turns":7},{"damage":24,"enemies":"Snake Plant","floor":27,"turns":2},{"damage":10,"enemies":"Snecko","floor":28,"turns":3},{"damage":30,"enemies":"Sentry and Sphere","floor":31,"turns":7},{"damage":70,"enemies":"Collector","floor":33,"turns":5}],"seed_played":"-1908929287520614498","potions_obtained":[{"floor":1.0,"key":"Poison Potion"},{"floor":2.0,"key":"SteroidPotion"},{"floor":4.0,"key":"Weak Potion"},{"floor":10,"key":"SneckoOil"},{"floor":12,"key":"Dexterity Potion"},{"floor":18,"key":"PowerPotion"},{"floor":19,"key":"GamblersBrew"},{"floor":27,"key":"Ancient Potion"}],"is_trial":false,"path_per_floor":["M","M","M","M","M","E","R","E","T","E","R","E","?","M","R","B",null,"M","M","M","?","$","R","M","R","T","M","M","?","R","M","R","B"],"character_chosen":"IRONCLAD","items_purchased":["Bottled Flame"],"campfire_rested":1,"item_purchase_floors":[22],"current_hp_per_floor":[72,72,72,72,72,76,76,39,39,9,35,28,28,41,41,22,72,61,65,45,45,45,45,32,32,32,34,38,38,38,39,39,0],"gold":373,"neow_bonus":"TRANSFORM_TWO_CARDS","is_prod":false,"is_daily":false,"chose_seed":false,"campfire_upgraded":6,"win_rate":0,"timestamp":1567378512,"path_taken":["M","M","M","M","M","E","R","E","T","E","R","E","?","M","R","BOSS","M","M","M","?","$","R","M","R","T","M","M","?","R","?","R","BOSS"],"build_version":"2019-07-17","purchased_purges":1,"victory":false,"max_hp_per_floor":[72,72,72,72,72,82,82,89,89,89,89,89,89,89,89,89,89,89,89,89,62,62,62,62,62,62,62,62,62,62,62,62,62],"card_choices":[{"not_picked":["Power Through","Feel No Pain"],"picked":"Headbutt","floor":1.0},{"not_picked":["Flex","Wild Strike"],"picked":"Thunderclap","floor":2.0},{"not_picked":["Sever Soul","Power Through","Corruption"],"picked":"SKIP","floor":3.0},{"not_picked":["Intimidate","Thunderclap"],"picked":"Pommel Strike","floor":4.0},{"not_picked":["Sword Boomerang","Power Through"],"picked":"Battle Trance","floor":5},{"not_picked":["Thunderclap","Iron Wave","Perfected Strike"],"picked":"SKIP","floor":6},{"not_picked":["Dual Wield","Offering","Thunderclap"],"picked":"SKIP","floor":8},{"not_picked":["Heavy Blade","Pommel Strike"],"picked":"Entrench","floor":10},{"not_picked":["Power Through","Searing Blow"],"picked":"Seeing Red","floor":11},{"not_picked":["Cleave","Bloodletting"],"picked":"Spot Weakness","floor":12},{"not_picked":["Seeing Red","Wild Strike","Havoc"],"picked":"SKIP","floor":14},{"not_picked":["Exhume","Feed"],"picked":"Impervious","floor":16},{"not_picked":["Intimidate"],"picked":"SKIP","floor":18},{"not_picked":["Dropkick+1"],"picked":"SKIP","floor":19},{"not_picked":["True Grit"],"picked":"SKIP","floor":20},{"not_picked":["Clothesline"],"picked":"SKIP","floor":24},{"not_picked":["Evolve"],"picked":"SKIP","floor":27},{"not_picked":["Twin Strike+1"],"picked":"SKIP","floor":28},{"not_picked":["Combust"],"picked":"SKIP","floor":31}],"player_experience":156676,"relics_obtained":[{"floor":6,"key":"Pear"},{"floor":8,"key":"Strawberry"},{"floor":9,"key":"Dream Catcher"},{"floor":10,"key":"Meat on the Bone"},{"floor":12,"key":"PreservedInsect"},{"floor":26,"key":"Red Skull"}],"event_choices":[{"damage_healed":0,"gold_gain":0,"cards_transformed":["Strike_R"],"player_choice":"Change","damage_taken":0,"max_hp_gain":0,"max_hp_loss":0,"event_name":"Living Wall","floor":13,"gold_loss":0,"cards_obtained":["Armaments"]},{"damage_healed":0,"gold_gain":0,"player_choice":"Became a vampire","damage_taken":0,"max_hp_gain":0,"max_hp_loss":27,"event_name":"Vampires","floor":21,"gold_loss":0,"cards_obtained":["Bite","Bite","Bite","Bite","Bite"]},{"damage_healed":0,"gold_gain":100,"player_choice":"Pray","damage_taken":0,"max_hp_gain":0,"max_hp_loss":0,"event_name":"Golden Shrine","floor":29,"gold_loss":0}],"is_beta":false,"boss_relics":[{"not_picked":["Empty Cage","Velvet Choker"],"picked":"Busted Crown"}],"items_purged_floors":[22],"is_endless":false,"potions_floor_spawned":[1,2,4,10,12,18,19,27],"killed_by":"Collector","ascension_level":7}