{"gold_per_floor":[114,114,138,156,331,362,378,405,432,432,432,432,74,87,87,186,186,198,198,123,123,26,59,158,158,158,258,42,76,87,49,49,49],"floor_reached":33,"playtime":1658,"items_purged":["Doubt"],"score":328,"play_id":"620b7ac9-00f4-4178-b28f-0b58f836496e","local_time":"20190811133123","is_ascension_mode":true,"campfire_choices":[{"floor":10,"key":"REST"},{"data":"Infernal Blade","floor":12,"key":"SMITH"},{"data":"Bloodletting","floor":15,"key":"SMITH"},{"data":"Double Tap","floor":25,"key":"SMITH"},{"data":"Seeing Red","floor":32,"key":"SMITH"}],"neow_cost":"NONE","seed_source_timestamp":10516298918667,"circlet_count":0,"master_deck":["Defend_R","Defend_R","Defend_R","Bash","Infernal Blade+1","Burning Pact","Shockwave","Bloodletting+1","Body Slam","Pommel Strike","Uppercut+1","Double Tap+1","Dual Wield","Armaments","Uppercut+1","Spot Weakness","Flex","Battle Trance","Impervious","Body Slam+1","Secret Technique","Pommel Strike+1","Feed+1","Pommel Strike+1","Seeing Red+1"],"relics":["Burning Blood","NeowsBlessing","Anchor","Letter Opener","Singing Bowl","Pen Nib","Molten Egg 2","Empty Cage","Mummified Hand","Bottled Lightning","Pocketwatch","Kunai","Boot"],"potions_floor_usage":[8,16,23,33],"damage_taken":[{"damage":0,"enemies":"2 Louse","floor":1,"turns":1},{"damage":0,"enemies":"Jaw Worm","floor":4,"turns":1},{"damage":0,"enemies":"Lagavulin","floor":6,"turns":1},{"damage":2,"enemies":"Small Slimes","floor":7,"turns":4},{"damage":48,"enemies":"Gremlin Nob","floor":8,"turns":5},{"damage":6,"enemies":"Exordium Wildlife","floor":14,"turns":3},{"damage":55,"enemies":"The Guardian","floor":16,"turns":10},{"damage":3,"enemies":"Chosen","floor":18,"turns":3},{"damage":15,"enemies":"Book of Stabbing","floor":23,"turns":5},{"damage":4,"enemies":"Colosseum Slavers","floor":27,"turns":3},{"damage":37,"enemies":"Colosseum Nobs","floor":27,"turns":4},{"damage":14,"enemies":"Gremlin Leader","floor":29,"turns":4},{"damage":3,"enemies":"Shell Parasite","floor":30,"turns":2},{"damage":51,"enemies":"Automaton","floor":33,"turns":8}],"seed_played":"-9182110285538014075","potions_obtained":[{"floor":1,"key":"Explosive Potion"},{"floor":14,"key":"Fruit Juice"},{"floor":18,"key":"Block Potion"},{"floor":30,"key":"LiquidBronze"}],"is_trial":false,"path_per_floor":["M","?","T","M","?","E","M","E","T","R","?","R","$","M","R","B",null,"M","?","?","?","$","E","?","R","T","?","$","E","M","$","R","B"],"character_chosen":"IRONCLAD","items_purchased":["Pommel Strike","Molten Egg 2","Flex","Battle Trance","Secret Technique","Pommel Strike+1","Seeing Red"],"campfire_rested":1,"item_purchase_floors":[13,13,22,22,28,28,31],"current_hp_per_floor":[80,73,73,79,79,80,80,38,38,62,67,67,67,67,67,23,90,90,90,90,90,90,81,81,81,81,52,52,44,47,47,47,0],"gold":49,"neow_bonus":"THREE_ENEMY_KILL","is_prod":false,"is_daily":false,"chose_seed":false,"campfire_upgraded":4,"win_rate":0,"timestamp":1565497883,"path_taken":["M","?","?","M","?","E","?","E","T","R","?","R","$","M","R","BOSS","M","?","?","?","?","E","?","R","T","?","?","E","?","$","R","BOSS"],"build_version":"2019-07-17","purchased_purges":1,"victory":false,"max_hp_per_floor":[80,80,80,80,80,80,80,80,80,80,85,85,85,85,85,90,90,90,90,90,90,90,90,90,90,90,90,90,90,90,90,90,90],"card_choices":[{"not_picked":["Armaments","Wild Strike"],"picked":"Infernal Blade","floor":1},{"not_picked":["Combust","Clash"],"picked":"Burning Pact","floor":4},{"not_picked":["Armaments","Clothesline"],"picked":"Shockwave","floor":6},{"not_picked":["Ghostly Armor","Havoc"],"picked":"Bloodletting","floor":7},{"not_picked":["Havoc","Twin Strike"],"picked":"Body Slam","floor":8},{"not_picked":["Burning Pact","Headbutt+1"],"picked":"Uppercut+1","floor":14},{"not_picked":["Immolate+1","Juggernaut"],"picked":"Double Tap","floor":16},{"not_picked":["Burning Pact","Perfected Strike+1"],"picked":"Dual Wield","floor":18},{"not_picked":["Shrug It Off","Rampage+1"],"picked":"Impervious","floor":23},{"not_picked":["Iron Wave+1","Shockwave"],"picked":"Body Slam+1","floor":27},{"not_picked":["Body Slam+1","True Grit"],"picked":"Feed+1","floor":29},{"not_picked":["Reckless Charge+1","Ghostly Armor"],"picked":"Pommel Strike+1","floor":30}],"player_experience":52948,"relics_obtained":[{"floor":3,"key":"Anchor"},{"floor":6,"key":"Letter Opener"},{"floor":8,"key":"Singing Bowl"},{"floor":9,"key":"Pen Nib"},{"floor":23,"key":"Mummified Hand"},{"floor":26,"key":"Bottled Lightning"},{"floor":27,"key":"Pocketwatch"},{"floor":27,"key":"Kunai"},{"floor":29,"key":"Boot"}],"event_choices":[{"cards_removed":["Strike_R"],"damage_healed":0,"gold_gain":0,"player_choice":"Card Removal","damage_taken":7,"max_hp_gain":0,"max_hp_loss":0,"event_name":"Golden Wing","floor":2,"gold_loss":0},{"damage_healed":0,"gold_gain":175,"player_choice":"AGREE","damage_taken":0,"max_hp_gain":0,"max_hp_loss":0,"event_name":"Liars Game","floor":5,"gold_loss":0,"cards_obtained":["Doubt"]},{"damage_healed":0,"gold_gain":0,"player_choice":"Donut","damage_taken":0,"max_hp_gain":5,"max_hp_loss":0,"event_name":"Big Fish","floor":11,"gold_loss":0},{"damage_healed":0,"gold_gain":0,"cards_transformed":["Strike_R","Strike_R"],"player_choice":"Became Test Subject","damage_taken":0,"max_hp_gain":0,"max_hp_loss":0,"event_name":"Drug Dealer","floor":19,"gold_loss":0,"cards_obtained":["Armaments","Uppercut"]},{"cards_removed":["Defend_R"],"damage_healed":0,"gold_gain":0,"player_choice":"Gave Gold","damage_taken":0,"max_hp_gain":0,"max_hp_loss":0,"event_name":"Beggar","floor":20,"gold_loss":75},{"damage_healed":0,"gold_gain":0,"player_choice":"Read","damage_taken":0,"max_hp_gain":0,"max_hp_loss":0,"event_name":"The Library","floor":21,"gold_loss":0,"cards_obtained":["Spot Weakness"]},{"damage_healed":0,"gold_gain":99,"player_choice":"Stole From Cult","damage_taken":0,"max_hp_gain":0,"max_hp_loss":0,"event_name":"Nest","floor":24,"gold_loss":0},{"damage_healed":0,"gold_gain":0,"player_choice":"Fight","damage_taken":0,"max_hp_gain":0,"max_hp_loss":0,"event_name":"Colosseum","floor":27,"gold_loss":0},{"damage_healed":0,"gold_gain":0,"player_choice":"Fought Nobs","damage_taken":0,"max_hp_gain":0,"max_hp_loss":0,"event_name":"Colosseum","floor":27,"gold_loss":0}],"is_beta":false,"boss_relics":[{"not_picked":["Sozu","Runic Cube"],"picked":"Empty Cage"}],"items_purged_floors":[13],"is_endless":false,"potions_floor_spawned":[1,14,18,27,30],"killed_by":"Automaton","ascension_level":1}