{"gold_per_floor":[111,111,129,144,144,144,161,161,161,172,187,187,207,187,187,259,259,274,15,30,50,66,66,78,97,172,172,172,172,172],"floor_reached":30,"playtime":1235,"items_purged":[],"score":552,"play_id":"a68a77e7-ba3f-4912-bf98-ffa39098155d","local_time":"20190812232807","is_ascension_mode":true,"campfire_choices":[{"data":"Double Energy","floor":6.0,"key":"SMITH"},{"data":"Fusion","floor":8.0,"key":"SMITH"},{"data":"Zap","floor":12.0,"key":"SMITH"},{"data":"Sweeping Beam","floor":15.0,"key":"SMITH"},{"data":"Thunder Strike","floor":23,"key":"SMITH"}],"neow_cost":"NONE","seed_source_timestamp":934894422049380,"circlet_count":0,"master_deck":["AscendersBane","Strike_B+1","Strike_B","Defend_B","Defend_B","Defend_B+1","Defend_B","Zap+1","Dualcast","Compile Driver","Skim","Double Energy+1","Hello World","Fusion+1","Ball Lightning","Glacier","Sweeping Beam+1","Thunder Strike+1","Coolheaded","Capacitor","Sweeping Beam","Beam Cell+1","Self Repair","Conserve Battery","Rebound+1","Shame"],"special_seed":0,"relics":["Cracked Core","Cursed Key","Membership Card","Tiny Chest","Bottled Tornado"],"potions_floor_usage":[16,16,18,22,25,28],"damage_taken":[{"damage":4.0,"enemies":"Jaw Worm","floor":1.0,"turns":4.0},{"damage":0.0,"enemies":"2 Louse","floor":3.0,"turns":3.0},{"damage":1.0,"enemies":"Cultist","floor":4.0,"turns":3.0},{"damage":7.0,"enemies":"3 Louse","floor":7.0,"turns":3.0},{"damage":12.0,"enemies":"Lots of Slimes","floor":10.0,"turns":5.0},{"damage":0.0,"enemies":"Large Slime","floor":11.0,"turns":4.0},{"damage":10.0,"enemies":"3 Louse","floor":13.0,"turns":3.0},{"damage":0,"enemies":"Hexaghost","floor":16,"turns":8},{"damage":11,"enemies":"2 Thieves","floor":18,"turns":2},{"damage":6,"enemies":"Spheric Guardian","floor":20,"turns":4},{"damage":0,"enemies":"Snecko","floor":21,"turns":7},{"damage":2,"enemies":"Snake Plant","floor":22,"turns":5},{"damage":4,"enemies":"Centurion and Healer","floor":24,"turns":5},{"damage":21,"enemies":"Chosen and Byrds","floor":25,"turns":8},{"damage":24,"enemies":"Colosseum Slavers","floor":28,"turns":3},{"damage":21,"enemies":"Shelled Parasite and Fungi","floor":30,"turns":1}],"seed_played":"-8999890306530567428","potions_obtained":[{"floor":1.0,"key":"FocusPotion"},{"floor":3.0,"key":"Dexterity Potion"},{"floor":14.0,"key":"AttackPotion"},{"floor":16,"key":"Fire Potion"},{"floor":20,"key":"Weak Potion"},{"floor":21,"key":"Weak Potion"},{"floor":25,"key":"Fire Potion"}],"is_trial":false,"path_per_floor":["M","?","M","M","?","R","M","R","T","M","M","R","M","?","R","B",null,"M","$","M","M","M","R","M","M","T","?","?","T","M"],"character_chosen":"DEFECT","items_purchased":["Membership Card","Capacitor"],"campfire_rested":0,"item_purchase_floors":[19,19],"current_hp_per_floor":[60,39,39,38,38,38,31,31,31,19,19,19,9,9,9,9,56,45,45,39,39,37,37,40,26,26,26,2,2,0],"gold":172,"neow_bonus":"TRANSFORM_CARD","is_prod":false,"is_daily":false,"chose_seed":false,"campfire_upgraded":5,"win_rate":0,"timestamp":1565677687,"path_taken":["M","?","M","M","?","R","M","R","T","M","M","R","?","?","R","BOSS","M","$","M","M","?","R","M","M","T","?","?","?","?"],"build_version":"2019-07-18","purchased_purges":0,"victory":false,"max_hp_per_floor":[71,71,71,71,71,71,71,71,71,71,71,71,71,71,71,71,71,71,71,71,71,71,71,71,71,71,71,71,71,71],"card_choices":[{"not_picked":["Sweeping Beam","Beam Cell"],"picked":"Skim","floor":1.0},{"not_picked":["Force Field","Consume"],"picked":"Double Energy","floor":3.0},{"not_picked":["Rebound","Recycle"],"picked":"Hello World","floor":4.0},{"not_picked":["Force Field","Compile Driver"],"picked":"Fusion","floor":7.0},{"not_picked":["Tempest","Consume"],"picked":"Ball Lightning","floor":10.0},{"not_picked":["Coolheaded","Storm"],"picked":"Glacier","floor":11.0},{"not_picked":["Redo","Streamline"],"picked":"Sweeping Beam","floor":13.0},{"not_picked":["Rainbow","Multi-Cast"],"picked":"Thunder Strike","floor":16},{"not_picked":["Compile Driver","Conserve Battery"],"picked":"Coolheaded","floor":18},{"not_picked":["Darkness","Redo"],"picked":"Sweeping Beam","floor":20},{"not_picked":["Steam","Reinforced Body"],"picked":"Beam Cell+1","floor":21},{"not_picked":["Gash","Tempest"],"picked":"Self Repair","floor":22},{"not_picked":["Gash","Storm"],"picked":"Conserve Battery","floor":24},{"not_picked":["Steam","Lockon"],"picked":"Rebound+1","floor":25}],"player_experience":2922256,"relics_obtained":[{"floor":26,"key":"Tiny Chest"},{"floor":29,"key":"Bottled Tornado"}],"event_choices":[{"damage_healed":0.0,"max_hp_gain":0.0,"max_hp_loss":0.0,"gold_gain":0.0,"event_name":"Shining Light","player_choice":"Entered Light","floor":2.0,"gold_loss":0.0,"damage_taken":21.0,"cards_upgraded":["Defend_B","Strike_B"]},{"cards_removed":["Strike_B"],"damage_healed":0.0,"max_hp_gain":0.0,"max_hp_loss":0.0,"gold_gain":0.0,"event_name":"Wheel of Change","player_choice":"Card Removal","floor":5.0,"gold_loss":0.0,"damage_taken":0.0},{"damage_healed":0.0,"max_hp_gain":0.0,"max_hp_loss":0.0,"gold_gain":0.0,"event_name":"The Woman in Blue","player_choice":"Bought 1 Potion","floor":14.0,"gold_loss":0.0,"damage_taken":0.0},{"cards_removed":["Shame"],"damage_healed":0,"gold_gain":0,"player_choice":"Elegance","damage_taken":0,"max_hp_gain":0,"max_hp_loss":0,"event_name":"Back to Basics","floor":27,"gold_loss":0},{"damage_healed":0,"gold_gain":0,"player_choice":"Fight","damage_taken":0,"max_hp_gain":0,"max_hp_loss":0,"event_name":"Colosseum","floor":28,"gold_loss":0},{"damage_healed":0,"gold_gain":0,"player_choice":"Fled From Nobs","damage_taken":0,"max_hp_gain":0,"max_hp_loss":0,"event_name":"Colosseum","floor":28,"gold_loss":0}],"is_beta":true,"boss_relics":[{"not_picked":["Eternal Feather","Runic Pyramid"],"picked":"Cursed Key"}],"items_purged_floors":[],"is_endless":false,"potions_floor_spawned":[1,3,4,11,16,20,21,25],"killed_by":"Shelled Parasite and Fungi","ascension_level":20}