{"gold_per_floor":[116,132,57,16,16,41,41,51,76,76,111,131,56,75,75,152,152,165,182,182,182,32,60,60,60,109,121,144,170,69,103,103,103],"floor_reached":33,"playtime":882,"items_purged":["Strike_G","Writhe"],"score":736,"play_id":"1e6948de-1794-46dc-834b-6a3fda8d3aea","local_time":"20190823222135","is_ascension_mode":true,"campfire_choices":[{"data":"Skewer","floor":7,"key":"SMITH"},{"data":"Neutralize","floor":10,"key":"SMITH"},{"data":"Noxious Fumes","floor":15,"key":"SMITH"},{"floor":25,"key":"REST"},{"floor":32,"key":"REST"}],"neow_cost":"NONE","seed_source_timestamp":604988429618997,"circlet_count":0,"master_deck":["AscendersBane","Strike_G+1","Defend_G+1","Defend_G","Defend_G","Defend_G","Defend_G","Survivor","Neutralize+1","Skewer+1","PiercingWail","Backstab","Dagger Spray","Dodge and Roll","Glass Knife","Caltrops","Noxious Fumes+1","Adrenaline","Cloak And Dagger","PiercingWail","PiercingWail","Footwork","Corpse Explosion","Slice+1","Escape Plan","Setup","Leg Sweep","Well Laid Plans","Backstab"],"relics":["Ring of the Snake","NeowsBlessing","Regal Pillow","Ancient Tea Set","Dream Catcher","Fusion Hammer","The Courier","MawBank","Singing Bowl","Shuriken"],"potions_floor_usage":[11,16,16,31],"damage_taken":[{"damage":0,"enemies":"2 Louse","floor":1,"turns":1},{"damage":0,"enemies":"Jaw Worm","floor":2,"turns":1},{"damage":0,"enemies":"Lagavulin","floor":6,"turns":1},{"damage":0,"enemies":"Cultist","floor":8,"turns":3},{"damage":9,"enemies":"3 Sentries","floor":11,"turns":9},{"damage":1,"enemies":"Exordium Wildlife","floor":12,"turns":4},{"damage":0,"enemies":"Large Slime","floor":14,"turns":6},{"damage":2,"enemies":"The Guardian","floor":16,"turns":12},{"damage":12,"enemies":"Chosen","floor":18,"turns":4},{"damage":7,"enemies":"3 Byrds","floor":19,"turns":3},{"damage":0,"enemies":"Gremlin Leader","floor":23,"turns":7},{"damage":4,"enemies":"Centurion and Healer","floor":28,"turns":5},{"damage":13,"enemies":"3 Cultists","floor":29,"turns":4},{"damage":6,"enemies":"Slavers","floor":31,"turns":3},{"damage":51,"enemies":"Champ","floor":33,"turns":14}],"seed_played":"-9210013200697170967","potions_obtained":[{"floor":2,"key":"GhostInAJar"},{"floor":6,"key":"Poison Potion"},{"floor":11,"key":"PowerPotion"},{"floor":28,"key":"Block Potion"}],"is_trial":false,"path_per_floor":["M","M","?","$","?","E","R","M","T","R","E","M","$","M","R","B",null,"M","M","?","?","$","E","?","R","T","?","M","M","$","E","R","B"],"character_chosen":"THE_SILENT","items_purchased":["Backstab","Footwork","Corpse Explosion","Well Laid Plans"],"campfire_rested":2,"item_purchase_floors":[4,22,22,30],"current_hp_per_floor":[59,59,59,59,39,39,39,39,39,39,30,29,29,29,29,27,56,44,37,37,37,37,37,37,66,66,66,64,51,51,45,70,19],"gold":103,"neow_bonus":"THREE_ENEMY_KILL","is_prod":false,"is_daily":false,"chose_seed":false,"campfire_upgraded":3,"win_rate":0,"timestamp":1566613295,"path_taken":["M","M","?","$","?","E","R","M","T","R","E","M","?","?","R","BOSS","M","M","?","?","$","E","?","R","T","?","M","?","?","E","R","BOSS"],"build_version":"2019-07-17","purchased_purges":2,"victory":false,"max_hp_per_floor":[66,66,66,66,66,66,66,66,66,66,66,66,66,66,66,66,66,66,66,66,66,66,66,66,66,66,66,68,68,68,68,70,70],"card_choices":[{"not_picked":["Dagger Throw","Blade Dance"],"picked":"Skewer","floor":1},{"not_picked":["Outmaneuver","Slice"],"picked":"PiercingWail","floor":2},{"not_picked":["Doppelganger","Outmaneuver"],"picked":"Dagger Spray","floor":6},{"not_picked":["Prepared","Catalyst"],"picked":"Dodge and Roll","floor":8},{"not_picked":["Prepared","Underhanded Strike"],"picked":"Glass Knife","floor":11},{"not_picked":["Slice","Outmaneuver"],"picked":"Caltrops","floor":12},{"not_picked":["Prepared","Finisher"],"picked":"Noxious Fumes","floor":14},{"not_picked":["Storm of Steel","Phantasmal Killer"],"picked":"Adrenaline","floor":16},{"not_picked":["Sucker Punch+1","Quick Slash"],"picked":"Cloak And Dagger","floor":18},{"not_picked":["Poisoned Stab","Flying Knee"],"picked":"PiercingWail","floor":19},{"not_picked":["Envenom","Setup"],"picked":"Slice+1","floor":23},{"not_picked":["Dagger Throw","Setup","Outmaneuver"],"picked":"Singing Bowl","floor":28},{"not_picked":["Distraction","Poisoned Stab"],"picked":"Leg Sweep","floor":29},{"not_picked":["Blade Dance","Dagger Throw"],"picked":"Backstab","floor":31},{"not_picked":["Bouncing Flask","Slice","Setup"],"picked":"Singing Bowl","floor":32}],"player_experience":592501,"relics_obtained":[{"floor":6,"key":"Regal Pillow"},{"floor":9,"key":"Ancient Tea Set"},{"floor":11,"key":"Dream Catcher"},{"floor":23,"key":"The Courier"},{"floor":26,"key":"MawBank"},{"floor":31,"key":"Shuriken"}],"event_choices":[{"cards_removed":["Strike_G"],"damage_healed":0,"gold_gain":0,"player_choice":"Card Removal","damage_taken":0,"max_hp_gain":0,"max_hp_loss":0,"event_name":"The Cleric","floor":3,"gold_loss":75},{"damage_healed":0,"gold_gain":0,"player_choice":"Entered Light","damage_taken":20,"max_hp_gain":0,"max_hp_loss":0,"event_name":"Shining Light","floor":5,"gold_loss":0,"cards_upgraded":["Defend_G","Strike_G"]},{"damage_healed":0,"gold_gain":0,"player_choice":"Read","damage_taken":0,"max_hp_gain":0,"max_hp_loss":0,"event_name":"The Library","floor":20,"gold_loss":0,"cards_obtained":["PiercingWail"]},{"damage_healed":0,"gold_gain":0,"player_choice":"Ignored","damage_taken":0,"max_hp_gain":0,"max_hp_loss":0,"event_name":"Vampires","floor":21,"gold_loss":0},{"damage_healed":0,"gold_gain":0,"cards_transformed":["Strike_G","Strike_G"],"player_choice":"Became Test Subject","damage_taken":0,"max_hp_gain":0,"max_hp_loss":0,"event_name":"Drug Dealer","floor":24,"gold_loss":0,"cards_obtained":["Escape Plan","Setup"]},{"damage_healed":0,"gold_gain":0,"player_choice":"Opened","damage_taken":0,"relics_obtained":["Singing Bowl"],"max_hp_gain":0,"max_hp_loss":0,"event_name":"The Mausoleum","floor":27,"gold_loss":0,"cards_obtained":["Writhe"]}],"is_beta":false,"boss_relics":[{"not_picked":["Runic Dome","Ring of the Serpent"],"picked":"Fusion Hammer"}],"items_purged_floors":[13,30],"is_endless":false,"potions_floor_spawned":[2,6,11,14,28],"killed_by":"Champ","ascension_level":20}