{"gold_per_floor":[110,110,127,142,159,159,171,171,240,309,335,347,347,347,347,426,426,346,65,65,65,11,11,11,11,11,11,11,11,11,11,11,11,11,11,11,11,11,11,11,11,11],"floor_reached":42,"playtime":3635,"items_purged":[],"score":942,"play_id":"4413b3c4-e595-4dea-bfe1-024b4bdf49a0","local_time":"20190818030823","is_ascension_mode":true,"campfire_choices":[{"data":"Chaos","floor":6,"key":"SMITH"},{"data":"Zap","floor":8,"key":"SMITH"},{"data":"Go for the Eyes","floor":15,"key":"SMITH"},{"data":"Turbo","floor":23,"key":"SMITH"},{"floor":27,"key":"REST"},{"floor":30,"key":"REST"},{"floor":32,"key":"REST"},{"floor":41,"key":"REST"}],"neow_cost":"NONE","seed_source_timestamp":214328438622785,"circlet_count":0,"master_deck":["AscendersBane","Strike_B","Strike_B","Strike_B","Strike_B","Defend_B","Defend_B","Defend_B","Defend_B","Zap+1","Dualcast+1","All For One","Beam Cell+1","Conserve Battery","Chaos+1","Cold Snap","Ball Lightning","Go for the Eyes+1","Turbo+1","Echo Form","Steam Power+1","Conserve Battery+1","Gash","Go for the Eyes+1","Leap","Beam Cell","Coolheaded","Echo Form","Hologram","Compile Driver","Hologram","All For One","Buffer"],"relics":["Cracked Core","Ginger","Matryoshka","Ectoplasm","Shuriken","DataDisk","Omamori","Sundial","Eternal Feather","Bird Faced Urn","Mercury Hourglass"],"potions_floor_usage":[5,11,18,24,25,33,36],"damage_taken":[{"damage":7,"enemies":"Jaw Worm","floor":1,"turns":3},{"damage":0,"enemies":"Small Slimes","floor":3,"turns":3},{"damage":0,"enemies":"Cultist","floor":4,"turns":2},{"damage":13,"enemies":"Gremlin Gang","floor":5,"turns":5},{"damage":9,"enemies":"Lots of Slimes","floor":7,"turns":4},{"damage":13,"enemies":"3 Sentries","floor":11,"turns":7},{"damage":6,"enemies":"3 Louse","floor":12,"turns":3},{"damage":12,"enemies":"Hexaghost","floor":16,"turns":9},{"damage":19,"enemies":"2 Thieves","floor":18,"turns":4},{"damage":6,"enemies":"Spheric Guardian","floor":21,"turns":3},{"damage":20,"enemies":"Centurion and Healer","floor":24,"turns":7},{"damage":14,"enemies":"Gremlin Leader","floor":25,"turns":6},{"damage":17,"enemies":"3 Cultists","floor":29,"turns":6},{"damage":19,"enemies":"Cultist and Chosen","floor":31,"turns":5},{"damage":34,"enemies":"Automaton","floor":33,"turns":9},{"damage":2,"enemies":"Orb Walker","floor":35,"turns":3},{"damage":49,"enemies":"3 Darklings","floor":36,"turns":6},{"damage":0,"enemies":"Mind Bloom Boss Battle","floor":38,"turns":4},{"damage":0,"enemies":"Nemesis","floor":40,"turns":7},{"damage":83,"enemies":"Reptomancer","floor":42,"turns":3}],"seed_played":"-1485411002042221623","potions_obtained":[{"floor":4,"key":"PowerPotion"},{"floor":7,"key":"Dexterity Potion"},{"floor":16,"key":"Poison Potion"},{"floor":18,"key":"Fruit Juice"},{"floor":21,"key":"Regen Potion"},{"floor":31,"key":"EssenceOfSteel"},{"floor":35,"key":"Block Potion"},{"floor":36,"key":"FearPotion"}],"is_trial":false,"path_per_floor":["M","?","M","M","M","R","M","R","T","?","E","M","T","?","R","B",null,"M","$","?","M","$","R","M","E","T","R","$","M","R","M","R","B",null,"M","M","$","?","?","E","R","E"],"character_chosen":"DEFECT","items_purchased":["Shuriken","Gash"],"campfire_rested":4,"item_purchase_floors":[19,22],"current_hp_per_floor":[57,62,62,62,49,49,40,40,40,40,27,21,21,21,21,9,59,45,45,45,39,39,39,34,20,20,44,44,27,51,32,56,22,66,64,15,15,15,15,17,59,0],"gold":11,"neow_bonus":"ONE_RANDOM_RARE_CARD","is_prod":false,"is_daily":false,"chose_seed":false,"campfire_upgraded":4,"win_rate":0,"timestamp":1566122903,"path_taken":["M","?","M","M","M","R","M","R","T","?","E","M","?","?","R","BOSS","M","$","?","M","?","R","M","E","T","R","$","?","R","M","R","BOSS","M","?","$","?","?","E","R","E"],"build_version":"2019-08-15","purchased_purges":0,"victory":false,"max_hp_per_floor":[71,76,76,76,76,76,76,76,76,76,76,76,76,76,76,76,76,81,81,81,81,81,81,81,81,81,81,81,81,81,81,81,81,81,81,81,81,81,81,81,81,81],"card_choices":[{"not_picked":["Sweeping Beam","Skim"],"picked":"Beam Cell","floor":1},{"not_picked":["Barrage","Sunder"],"picked":"Conserve Battery","floor":3},{"not_picked":["Blizzard","Stack"],"picked":"Chaos","floor":4},{"not_picked":["Barrage","Sunder"],"picked":"Cold Snap","floor":5},{"not_picked":["Stack","Steam"],"picked":"Ball Lightning","floor":7},{"not_picked":["Creative AI","Hologram"],"picked":"Go for the Eyes","floor":11},{"not_picked":["Leap","Sunder"],"picked":"Turbo","floor":12},{"not_picked":["Seek","Electrodynamics"],"picked":"Echo Form","floor":16},{"not_picked":["Conserve Battery","Fusion"],"picked":"Steam Power+1","floor":18},{"not_picked":["Cold Snap","Hologram"],"picked":"Conserve Battery+1","floor":21},{"not_picked":["Consume","Conserve Battery"],"picked":"Go for the Eyes+1","floor":24},{"not_picked":["Rebound","Aggregate"],"picked":"Leap","floor":25},{"not_picked":["Turbo","Stack"],"picked":"Beam Cell","floor":29},{"not_picked":["Ball Lightning","Steam Power"],"picked":"Coolheaded","floor":31},{"not_picked":["Meteor Strike","Reboot"],"picked":"Echo Form","floor":33},{"not_picked":["Coolheaded","Consume+1"],"picked":"Hologram","floor":35},{"not_picked":["Turbo","Streamline"],"picked":"Compile Driver","floor":36},{"not_picked":["Sweeping Beam","Leap"],"picked":"Hologram","floor":38},{"not_picked":["Heatsinks","Stack"],"picked":"Buffer","floor":40}],"player_experience":2982462,"relics_obtained":[{"floor":11,"key":"Ginger"},{"floor":13,"key":"Matryoshka"},{"floor":25,"key":"DataDisk"},{"floor":26,"key":"Omamori"},{"floor":26,"key":"Sundial"},{"floor":38,"key":"Bird Faced Urn"},{"floor":40,"key":"Mercury Hourglass"}],"event_choices":[{"damage_healed":0,"gold_gain":0,"player_choice":"Donut","damage_taken":0,"max_hp_gain":5,"max_hp_loss":0,"event_name":"Big Fish","floor":2,"gold_loss":0},{"damage_healed":0,"gold_gain":69,"player_choice":"Gained Gold","damage_taken":0,"max_hp_gain":0,"max_hp_loss":0,"event_name":"Golden Wing","floor":10,"gold_loss":0},{"damage_healed":0,"gold_gain":0,"player_choice":"Grow","damage_taken":0,"max_hp_gain":0,"max_hp_loss":0,"event_name":"Living Wall","floor":14,"gold_loss":0,"cards_upgraded":["Beam Cell"]},{"damage_healed":0,"gold_gain":0,"player_choice":"Upgraded","damage_taken":0,"max_hp_gain":0,"max_hp_loss":0,"event_name":"Upgrade Shrine","floor":20,"gold_loss":0,"cards_upgraded":["Dualcast"]},{"damage_healed":0,"gold_gain":0,"player_choice":"Fight","damage_taken":0,"max_hp_gain":0,"max_hp_loss":0,"event_name":"MindBloom","floor":38,"gold_loss":0},{"damage_healed":0,"gold_gain":0,"player_choice":"Copied","damage_taken":0,"max_hp_gain":0,"max_hp_loss":0,"event_name":"Duplicator","floor":39,"gold_loss":0,"cards_obtained":["All For One"]}],"is_beta":true,"boss_relics":[{"not_picked":["Runic Dome","Tiny House"],"picked":"Ectoplasm"},{"not_picked":["Pandora\u0027s Box","FrozenCore"],"picked":"Eternal Feather"}],"items_purged_floors":[],"is_endless":false,"potions_floor_spawned":[4,7,16,18,21,31,35,36],"killed_by":"Reptomancer","ascension_level":20}