{"gold_per_floor":[112,124,199,124,23,23,49,75,75,24,37,60,60,72,72,146,146,166,166,184,184,184,216,216,216],"floor_reached":25,"playtime":603,"items_purged":["Strike_G"],"score":509,"play_id":"78cb204f-8323-44d6-b8db-22df397116d1","local_time":"20190823214731","is_ascension_mode":true,"campfire_choices":[{"data":"Deadly Poison","floor":6.0,"key":"SMITH"},{"data":"Neutralize","floor":13.0,"key":"SMITH"},{"data":"Cloak And Dagger","floor":15.0,"key":"SMITH"},{"floor":24,"key":"REST"}],"neow_cost":"NONE","seed_source_timestamp":603149954995730,"circlet_count":0,"master_deck":["AscendersBane","Defend_G","Defend_G","Defend_G","Defend_G","Defend_G","Survivor","Neutralize+1","Predator","Dagger Spray","Deadly Poison+1","Dodge and Roll","Backflip","Cloak And Dagger+1","Bullet Time","Blade Dance","Cloak And Dagger","After Image","Blade Dance","Choke","Deflect+1","Bite","Bite","Bite","Bite","Bite","Endless Agony"],"special_seed":0,"relics":["Ring of the Snake","NeowsBlessing","Pantograph","Snake Skull","Kunai","Vajra","Orrery","Nilry\u0027s Codex","Ornamental Fan"],"potions_floor_usage":[23,23],"damage_taken":[{"damage":0.0,"enemies":"Jaw Worm","floor":1.0,"turns":1.0},{"damage":0.0,"enemies":"2 Louse","floor":2.0,"turns":1.0},{"damage":0.0,"enemies":"Lagavulin","floor":7.0,"turns":2.0},{"damage":0.0,"enemies":"Small Slimes","floor":11.0,"turns":2.0},{"damage":0.0,"enemies":"2 Fungi Beasts","floor":14.0,"turns":3.0},{"damage":10.0,"enemies":"Hexaghost","floor":16.0,"turns":8.0},{"damage":2.0,"enemies":"Shell Parasite","floor":18.0,"turns":7.0},{"damage":12.0,"enemies":"3 Byrds","floor":20.0,"turns":6.0},{"damage":7,"enemies":"Slavers","floor":23,"turns":6},{"damage":49,"enemies":"Gremlin Leader","floor":25,"turns":6}],"seed_played":"-8954849921907012535","potions_obtained":[{"floor":7.0,"key":"AttackPotion"},{"floor":14.0,"key":"FearPotion"},{"floor":16.0,"key":"PowerPotion"},{"floor":20.0,"key":"Energy Potion"}],"is_trial":false,"path_per_floor":["M","M","?","?","$","R","E","T","T","$","M","T","R","M","R","B",null,"M","?","M","?","?","E","R","E"],"character_chosen":"THE_SILENT","items_purchased":["Deadly Poison","Dodge and Roll"],"campfire_rested":1,"item_purchase_floors":[5,10],"current_hp_per_floor":[59,59,48,48,48,48,48,48,48,48,48,48,48,48,48,56,64,62,46,38,17,6,11,26,0],"gold":216,"neow_bonus":"THREE_ENEMY_KILL","is_prod":false,"is_daily":false,"chose_seed":false,"campfire_upgraded":3,"win_rate":0,"timestamp":1566611251,"path_taken":["M","M","?","?","?","R","E","?","T","?","M","?","R","?","R","BOSS","M","?","M","?","?","E","R","E"],"build_version":"2019-07-17","purchased_purges":1,"victory":false,"max_hp_per_floor":[66,66,66,66,66,66,66,66,66,66,66,66,66,66,66,66,66,66,46,46,46,51,51,51,51],"card_choices":[{"not_picked":["Sucker Punch","Eviscerate"],"picked":"Predator","floor":1.0},{"not_picked":["Finisher","Catalyst"],"picked":"Dagger Spray","floor":2.0},{"not_picked":["Setup","Blade Dance","Heel Hook"],"picked":"SKIP","floor":7.0},{"not_picked":["Dagger Throw","Deadly Poison"],"picked":"Backflip","floor":11.0},{"not_picked":["Flechettes","Quick Slash"],"picked":"Cloak And Dagger","floor":14.0},{"not_picked":["Venomology","Doppelganger"],"picked":"Bullet Time","floor":16.0},{"not_picked":["Acrobatics","Poisoned Stab"],"picked":"Blade Dance","floor":17.0},{"not_picked":["Dagger Throw","Acrobatics"],"picked":"Cloak And Dagger","floor":17.0},{"not_picked":["Infinite Blades","Dagger Spray"],"picked":"After Image","floor":17.0},{"not_picked":["Bane","Acrobatics"],"picked":"Blade Dance","floor":17.0},{"not_picked":["Quick Slash","Sucker Punch"],"picked":"Choke","floor":17.0},{"not_picked":["Heel Hook","Cloak And Dagger"],"picked":"Deflect+1","floor":18.0},{"not_picked":["Deadly Poison","Underhanded Strike"],"picked":"Endless Agony","floor":20.0},{"not_picked":["Prepared","Expertise","Riddle With Holes"],"picked":"SKIP","floor":23}],"player_experience":591223,"relics_obtained":[{"floor":7.0,"key":"Pantograph"},{"floor":8.0,"key":"Snake Skull"},{"floor":9.0,"key":"Kunai"},{"floor":12.0,"key":"Vajra"},{"floor":21.0,"key":"Nilry\u0027s Codex"},{"floor":23,"key":"Ornamental Fan"}],"event_choices":[{"damage_healed":0.0,"max_hp_gain":0.0,"max_hp_loss":0.0,"gold_gain":75.0,"event_name":"World of Goop","player_choice":"Gather Gold","floor":3.0,"gold_loss":0.0,"damage_taken":11.0},{"cards_removed":["Strike_G"],"damage_healed":0.0,"max_hp_gain":0.0,"max_hp_loss":0.0,"gold_gain":0.0,"event_name":"The Cleric","player_choice":"Card Removal","floor":4.0,"gold_loss":75.0,"damage_taken":0.0},{"damage_healed":0.0,"max_hp_gain":0.0,"max_hp_loss":20.0,"gold_gain":0.0,"event_name":"Vampires","player_choice":"Became a vampire","floor":19.0,"gold_loss":0.0,"damage_taken":0.0,"cards_obtained":["Bite","Bite","Bite","Bite","Bite"]},{"damage_healed":0.0,"max_hp_gain":0.0,"max_hp_loss":0.0,"gold_gain":0.0,"event_name":"Cursed Tome","player_choice":"Obtained Book","floor":21.0,"gold_loss":0.0,"damage_taken":21.0},{"damage_healed":0.0,"max_hp_gain":5.0,"max_hp_loss":0.0,"gold_gain":0.0,"event_name":"Forgotten Altar","player_choice":"Shed Blood","floor":22.0,"gold_loss":0.0,"damage_taken":16.0}],"is_beta":false,"boss_relics":[{"not_picked":["Busted Crown","Coffee Dripper"],"picked":"Orrery"}],"items_purged_floors":[5],"is_endless":false,"potions_floor_spawned":[7,14,16,20],"killed_by":"Gremlin Leader","ascension_level":20}