{"gold_per_floor":[363,374,299,8,8,8,28,28,53,68,68,101,117,130,130,130],"floor_reached":16,"playtime":300,"items_purged":["Strike_R"],"score":184,"play_id":"b6f55789-824d-4726-9d29-7b25944db54a","local_time":"20190415133819","is_ascension_mode":true,"campfire_choices":[{"data":"Combust","floor":6,"key":"SMITH"},{"data":"Bash","floor":8,"key":"SMITH"},{"floor":15,"key":"REST"}],"neow_cost":"CURSE","seed_source_timestamp":416831645746933,"circlet_count":0,"master_deck":["AscendersBane","Strike_R","Strike_R","Strike_R","Strike_R","Defend_R+1","Defend_R+1","Defend_R","Defend_R","Bash+1","Shrug It Off","Combust+1","Headbutt+1","Ghostly Armor","Shrug It Off","Infernal Blade","Armaments"],"relics":["Burning Blood","Anchor","Golden Idol","War Paint","Bird Faced Urn"],"potions_floor_usage":[12,12,16],"damage_taken":[{"damage":18,"enemies":"Jaw Worm","floor":1,"turns":4},{"damage":0,"enemies":"2 Louse","floor":2,"turns":4},{"damage":3,"enemies":"Cultist","floor":7,"turns":3},{"damage":11,"enemies":"Looter","floor":10,"turns":3},{"damage":25,"enemies":"Lagavulin","floor":12,"turns":6},{"damage":12,"enemies":"2 Fungi Beasts","floor":13,"turns":3},{"damage":3,"enemies":"Large Slime","floor":14,"turns":5},{"damage":43,"enemies":"Slime Boss","floor":16,"turns":5}],"seed_played":"5224037930446354020","potions_obtained":[{"floor":7,"key":"FearPotion"},{"floor":10,"key":"Explosive Potion"},{"floor":14,"key":"FearPotion"}],"is_trial":false,"path_per_floor":["M","M","?","$","?","R","M","R","T","M","?","E","M","M","R","B"],"character_chosen":"IRONCLAD","items_purchased":["Anchor","Fire Potion"],"campfire_rested":1,"item_purchase_floors":[4,4],"current_hp_per_floor":[56,62,62,62,36,36,39,39,39,34,34,15,11,16,38,0],"gold":130,"neow_bonus":"TWO_FIFTY_GOLD","is_prod":false,"is_daily":false,"chose_seed":false,"campfire_upgraded":2,"win_rate":0,"timestamp":1555349899,"path_taken":["M","M","?","$","?","R","?","R","T","M","?","E","?","M","R","BOSS"],"build_version":"2019-01-23","purchased_purges":1,"victory":false,"max_hp_per_floor":[75,75,75,75,75,75,75,75,75,75,75,75,75,75,75,75],"card_choices":[{"not_picked":["Havoc","Sentinel"],"picked":"Shrug It Off","floor":1},{"not_picked":["Carnage","Armaments"],"picked":"Combust","floor":2},{"not_picked":["Armaments","Clash"],"picked":"Headbutt","floor":7},{"not_picked":["Headbutt","Rupture"],"picked":"Ghostly Armor","floor":10},{"not_picked":["Rampage","Clash"],"picked":"Shrug It Off","floor":12},{"not_picked":["Anger","Heavy Blade"],"picked":"Infernal Blade","floor":13},{"not_picked":["Heavy Blade","Thunderclap"],"picked":"Armaments","floor":14}],"player_experience":285680,"relics_obtained":[{"floor":9,"key":"War Paint"},{"floor":12,"key":"Bird Faced Urn"}],"event_choices":[{"cards_removed":["Shame"],"damage_healed":0,"gold_gain":0,"player_choice":"Card Removal","damage_taken":0,"max_hp_gain":0,"max_hp_loss":0,"event_name":"The Cleric","floor":3,"gold_loss":75},{"damage_healed":0,"gold_gain":0,"player_choice":"Take Damage","damage_taken":26,"relics_obtained":["Golden Idol"],"max_hp_gain":0,"max_hp_loss":0,"event_name":"Golden Idol","floor":5,"gold_loss":0},{"damage_healed":0,"gold_gain":0,"player_choice":"Forge","damage_taken":0,"max_hp_gain":0,"max_hp_loss":0,"event_name":"Accursed Blacksmith","floor":11,"gold_loss":0,"cards_upgraded":["Headbutt"]}],"is_beta":false,"boss_relics":[],"items_purged_floors":[4],"is_endless":false,"potions_floor_spawned":[7,10,14],"killed_by":"Slime Boss","ascension_level":16}