{"gold_per_floor":[113,131,145,245,261,261,289,289,289,320,320,333,352,352,352,480,480,471,471,153,174,174,207,207,242,265,288,288,322,360,376,376,376],"floor_reached":33,"playtime":4682,"items_purged":["Strike_G+1"],"score":425,"play_id":"b52f4cfa-b40b-4d04-a24e-8674a53ebc31","local_time":"20190719210046","is_ascension_mode":true,"campfire_choices":[{"data":"Neutralize","floor":6.0,"key":"SMITH"},{"floor":8.0,"key":"REST"},{"floor":11.0,"key":"REST"},{"floor":15.0,"key":"REST"},{"floor":24.0,"key":"REST"},{"data":"Phantasmal Killer","floor":28.0,"key":"SMITH"},{"floor":32.0,"key":"REST"}],"neow_cost":"NONE","seed_source_timestamp":0,"circlet_count":0,"master_deck":["Strike_G+1","Strike_G+1","Defend_G+1","Defend_G+1","Defend_G+1","Defend_G+1","Defend_G+1","Survivor","Neutralize+1","Blade Dance","Finisher","Sucker Punch","Backstab","Bouncing Flask","Phantasmal Killer+1","Terror","Burst","Noxious Fumes","Dodge and Roll+1","Escape Plan","Dodge and Roll+1","PiercingWail","Blur","Acrobatics+1","Cloak And Dagger"],"special_seed":0,"relics":["Ring of the Snake","Snake Skull","Ginger","Nunchaku","Blue Candle","Golden Idol","Empty Cage","TwistedFunnel","Ornamental Fan","Ninja Scroll","Bag of Preparation","Bag of Marbles","Red Mask"],"potions_floor_usage":[33,33],"damage_taken":[{"damage":1.0,"enemies":"Small Slimes","floor":1.0,"turns":4.0},{"damage":0.0,"enemies":"Cultist","floor":2.0,"turns":3.0},{"damage":5.0,"enemies":"2 Louse","floor":3.0,"turns":2.0},{"damage":2.0,"enemies":"2 Fungi Beasts","floor":5.0,"turns":4.0},{"damage":31.0,"enemies":"Lagavulin","floor":7.0,"turns":9.0},{"damage":32.0,"enemies":"3 Sentries","floor":10.0,"turns":11.0},{"damage":0.0,"enemies":"3 Louse","floor":12.0,"turns":2.0},{"damage":0.0,"enemies":"Blue Slaver","floor":13.0,"turns":2.0},{"damage":6.0,"enemies":"Slime Boss","floor":16.0,"turns":11.0},{"damage":16.0,"enemies":"2 Thieves","floor":18.0,"turns":4.0},{"damage":0.0,"enemies":"3 Byrds","floor":21.0,"turns":3.0},{"damage":19.0,"enemies":"Gremlin Leader","floor":23.0,"turns":7.0},{"damage":12.0,"enemies":"Slavers","floor":25.0,"turns":6.0},{"damage":3.0,"enemies":"Snake Plant","floor":27.0,"turns":2.0},{"damage":7.0,"enemies":"Gremlin Leader","floor":29.0,"turns":7.0},{"damage":9.0,"enemies":"Masked Bandits","floor":30.0,"turns":4.0},{"damage":0.0,"enemies":"Snecko","floor":31.0,"turns":2.0},{"damage":52,"enemies":"Champ","floor":33,"turns":12}],"seed_played":"1329361129667577034","potions_obtained":[{"floor":12.0,"key":"LiquidBronze"},{"floor":13.0,"key":"Weak Potion"},{"floor":16.0,"key":"LiquidBronze"},{"floor":21.0,"key":"FearPotion"},{"floor":23.0,"key":"Dexterity Potion"},{"floor":30.0,"key":"Energy Potion"}],"is_trial":false,"path_per_floor":["M","M","M","?","M","R","E","R","T","E","R","M","M","?","R","B",null,"M","?","$","M","?","E","R","E","T","M","R","E","?","M","R","B"],"character_chosen":"THE_SILENT","items_purchased":["Noxious Fumes","TwistedFunnel"],"campfire_rested":5,"item_purchase_floors":[20,20],"current_hp_per_floor":[62,62,57,57,55,55,24,45,45,13,34,34,34,17,38,32,61,45,45,45,45,45,26,47,35,35,32,32,25,16,16,37,0],"gold":376,"neow_bonus":"RANDOM_COMMON_RELIC","is_prod":false,"is_daily":false,"chose_seed":false,"campfire_upgraded":2,"win_rate":0,"timestamp":1563595246,"path_taken":["M","M","M","?","?","R","E","R","T","E","R","M","M","?","R","BOSS","M","?","$","M","?","E","R","E","T","M","R","E","?","M","R","BOSS"],"build_version":"2019-07-17","purchased_purges":1,"victory":false,"max_hp_per_floor":[70,70,70,70,70,70,70,70,70,70,70,70,70,70,70,70,70,70,70,70,70,70,70,70,70,70,70,70,70,70,70,70,70],"card_choices":[{"not_picked":["Deadly Poison","Bane"],"picked":"Blade Dance","floor":1.0},{"not_picked":["Slice","Flying Knee"],"picked":"Finisher","floor":2.0},{"not_picked":["Dodge and Roll","Concentrate"],"picked":"Sucker Punch","floor":3.0},{"not_picked":["Tactician","Eviscerate","Outmaneuver"],"picked":"SKIP","floor":5.0},{"not_picked":["Acrobatics","Flechettes"],"picked":"Backstab","floor":7.0},{"not_picked":["Caltrops","Underhanded Strike"],"picked":"Bouncing Flask","floor":10.0},{"not_picked":["Deflect","Dodge and Roll"],"picked":"Phantasmal Killer","floor":12.0},{"not_picked":["Sucker Punch","Acrobatics"],"picked":"Terror","floor":13.0},{"not_picked":["A Thousand Cuts","Storm of Steel"],"picked":"Burst","floor":16.0},{"not_picked":["Dagger Throw","Slice","Finisher"],"picked":"SKIP","floor":18.0},{"not_picked":["Dagger Spray","Tools of the Trade"],"picked":"Dodge and Roll+1","floor":21.0},{"not_picked":["Eviscerate","Dagger Throw"],"picked":"Escape Plan","floor":23.0},{"not_picked":["Blade Dance+1","Backflip"],"picked":"Dodge and Roll+1","floor":25.0},{"not_picked":["Heel Hook","Setup"],"picked":"PiercingWail","floor":27.0},{"not_picked":["Deflect","Endless Agony"],"picked":"Blur","floor":29.0},{"not_picked":["Quick Slash+1","Underhanded Strike"],"picked":"Acrobatics+1","floor":30.0},{"not_picked":["A Thousand Cuts","Slice"],"picked":"Cloak And Dagger","floor":31.0}],"player_experience":335131,"relics_obtained":[{"floor":7.0,"key":"Ginger"},{"floor":9.0,"key":"Nunchaku"},{"floor":10.0,"key":"Blue Candle"},{"floor":23.0,"key":"Ornamental Fan"},{"floor":25.0,"key":"Ninja Scroll"},{"floor":26.0,"key":"Bag of Preparation"},{"floor":29.0,"key":"Bag of Marbles"},{"floor":30.0,"key":"Red Mask"}],"event_choices":[{"damage_healed":0.0,"max_hp_gain":0.0,"max_hp_loss":0.0,"gold_gain":100.0,"event_name":"Golden Shrine","player_choice":"Pray","floor":4.0,"gold_loss":0.0,"damage_taken":0.0},{"damage_healed":0.0,"max_hp_gain":0.0,"max_hp_loss":0.0,"gold_gain":0.0,"event_name":"Golden Idol","player_choice":"Take Damage","floor":14.0,"gold_loss":0.0,"damage_taken":17.0,"relics_obtained":["Golden Idol"]},{"damage_healed":0.0,"max_hp_gain":0.0,"max_hp_loss":0.0,"gold_gain":0.0,"event_name":"Back to Basics","player_choice":"Simplicity","floor":19.0,"gold_loss":0.0,"damage_taken":0.0,"cards_upgraded":["Strike_G","Strike_G","Strike_G","Defend_G","Defend_G","Defend_G","Defend_G","Defend_G"]},{"damage_healed":0.0,"max_hp_gain":0.0,"max_hp_loss":0.0,"gold_gain":0.0,"event_name":"Cursed Tome","player_choice":"Ignored","floor":22.0,"gold_loss":0.0,"damage_taken":0.0},{"damage_healed":0.0,"max_hp_gain":0.0,"max_hp_loss":0.0,"gold_gain":0.0,"event_name":"Masked Bandits","player_choice":"Fought Bandits","floor":30.0,"gold_loss":0.0,"damage_taken":0.0}],"is_beta":false,"boss_relics":[{"not_picked":["Ring of the Serpent","Pandora\u0027s Box"],"picked":"Empty Cage"}],"items_purged_floors":[20],"is_endless":false,"potions_floor_spawned":[12,13,16,21,23,30],"killed_by":"Champ","ascension_level":7}