{"gold_per_floor":[115,115,134,145,164,164,175,175,175,194,221,235,260,273,273,369,369,352,352,352],"floor_reached":20,"playtime":519,"items_purged":[],"score":346,"play_id":"c20b90fb-3280-4385-b349-ff5567cedbd5","local_time":"20190221012139","is_ascension_mode":true,"campfire_choices":[{"data":"Sunder","floor":6,"key":"SMITH"},{"data":"Hologram","floor":8,"key":"SMITH"},{"data":"Buffer","floor":15,"key":"SMITH"}],"neow_cost":"NONE","seed_source_timestamp":162610069759900,"circlet_count":0,"master_deck":["Defend_B","Defend_B","Defend_B","Defend_B","Zap+1","Dualcast","Hologram+1","Conserve Battery","Sunder+1","Ball Lightning","Buffer+1","Echo Form","Consume","Bite","Bite","Bite","Bite","Bite"],"relics":["Cracked Core","Pear","Symbiotic Virus","Singing Bowl","Inserter"],"potions_floor_usage":[11,18,20],"damage_taken":[{"damage":1,"enemies":"Cultist","floor":1,"turns":3},{"damage":0,"enemies":"2 Louse","floor":3,"turns":2},{"damage":0,"enemies":"Jaw Worm","floor":4,"turns":3},{"damage":0,"enemies":"Blue Slaver","floor":5,"turns":3},{"damage":0,"enemies":"Exordium Wildlife","floor":7,"turns":3},{"damage":0,"enemies":"2 Fungi Beasts","floor":10,"turns":1},{"damage":15,"enemies":"3 Sentries","floor":11,"turns":4},{"damage":8,"enemies":"Red Slaver","floor":12,"turns":3},{"damage":18,"enemies":"Lagavulin","floor":13,"turns":4},{"damage":9,"enemies":"Exordium Thugs","floor":14,"turns":3},{"damage":0,"enemies":"Slime Boss","floor":16,"turns":9},{"damage":16,"enemies":"2 Thieves","floor":18,"turns":4},{"damage":82,"enemies":"Colosseum Slavers","floor":20,"turns":6}],"seed_played":"-8355560819104095138","potions_obtained":[{"floor":7,"key":"SkillPotion"},{"floor":10,"key":"LiquidBronze"},{"floor":11,"key":"Block Potion"},{"floor":12,"key":"SpeedPotion"},{"floor":13,"key":"EssenceOfSteel"}],"is_trial":false,"path_per_floor":["M","?","M","M","M","R","M","R","T","M","E","M","E","M","R","B",null,"M","?","?"],"character_chosen":"DEFECT","items_purchased":[],"campfire_rested":0,"item_purchase_floors":[],"current_hp_per_floor":[67,67,67,67,67,67,67,67,77,77,62,54,38,29,29,29,73,57,57,0],"gold":352,"neow_bonus":"UPGRADE_CARD","is_prod":false,"is_daily":false,"chose_seed":false,"campfire_upgraded":3,"win_rate":0,"timestamp":1550730099,"path_taken":["M","?","M","M","M","R","M","R","T","M","E","M","E","M","R","BOSS","M","?","?"],"build_version":"2019-01-23","purchased_purges":0,"victory":false,"max_hp_per_floor":[75,75,75,75,75,75,75,75,85,85,85,85,87,87,87,87,87,87,60,60],"card_choices":[{"not_picked":["Turbo","Blizzard"],"picked":"Hologram","floor":1},{"not_picked":["Leap","Gash"],"picked":"Conserve Battery","floor":3},{"not_picked":["Go for the Eyes","Barrage","Hologram"],"picked":"SKIP","floor":4},{"not_picked":["Leap","Hologram"],"picked":"Sunder","floor":5},{"not_picked":["Turbo","Steam Power","Redo"],"picked":"SKIP","floor":7},{"not_picked":["Storm","Hologram"],"picked":"Ball Lightning","floor":10},{"not_picked":["Ball Lightning","Chaos","Barrage"],"picked":"SKIP","floor":11},{"not_picked":["Streamline","Ball Lightning","Conserve Battery"],"picked":"SKIP","floor":12},{"not_picked":["Hologram","Double Energy","Steam"],"picked":"Singing Bowl","floor":13},{"not_picked":["Stack","Darkness"],"picked":"Buffer","floor":14},{"not_picked":["Thunder Strike","Multi-Cast"],"picked":"Echo Form","floor":16},{"not_picked":["Sweeping Beam","Blizzard+1"],"picked":"Consume","floor":18}],"player_experience":121511,"relics_obtained":[{"floor":9,"key":"Pear"},{"floor":11,"key":"Symbiotic Virus"},{"floor":13,"key":"Singing Bowl"}],"event_choices":[{"damage_healed":0,"gold_gain":0,"player_choice":"Ignored","damage_taken":0,"max_hp_gain":0,"max_hp_loss":0,"event_name":"Liars Game","floor":2,"gold_loss":0},{"damage_healed":0,"gold_gain":0,"player_choice":"Became a vampire","damage_taken":0,"max_hp_gain":0,"max_hp_loss":27,"event_name":"Vampires","floor":19,"gold_loss":0,"cards_obtained":["Bite","Bite","Bite","Bite","Bite"]},{"damage_healed":0,"gold_gain":0,"player_choice":"Fight","damage_taken":0,"max_hp_gain":0,"max_hp_loss":0,"event_name":"Colosseum","floor":20,"gold_loss":0}],"is_beta":false,"boss_relics":[{"not_picked":["Lizard Tail","Pandora\u0027s Box"],"picked":"Inserter"}],"items_purged_floors":[],"is_endless":false,"potions_floor_spawned":[7,10,11,12,13,16],"killed_by":"Colosseum Slavers","ascension_level":7}