{"gold_per_floor":[115,56,4,16,31,61,61,91,141,171,171,184,216,71,71,71],"floor_reached":16,"playtime":714,"items_purged":["Strike_R"],"score":184,"play_id":"0c0df1a5-6946-4da7-a886-28512d759a74","local_time":"20190209183118","is_ascension_mode":true,"campfire_choices":[{"data":"Disarm","floor":7,"key":"SMITH"},{"data":"Exhume","floor":11,"key":"SMITH"},{"data":"Evolve","floor":15,"key":"SMITH"}],"neow_cost":"NONE","seed_source_timestamp":0,"circlet_count":0,"master_deck":["Strike_R","Strike_R","Strike_R","Strike_R","Defend_R","Defend_R","Defend_R","Defend_R","Bash","Exhume+1","Battle Trance","Disarm+1","Headbutt","Ghostly Armor","Flame Barrier","Evolve+1"],"special_seed":0,"relics":["Burning Blood","Gremlin Horn","PreservedInsect","Dodecahedron","Bag of Preparation","Ancient Tea Set","Oddly Smooth Stone"],"potions_floor_usage":[6,10,10,16],"damage_taken":[{"damage":6,"enemies":"Cultist","floor":1,"turns":4},{"damage":0,"enemies":"Small Slimes","floor":4,"turns":3},{"damage":8,"enemies":"Jaw Worm","floor":5,"turns":8},{"damage":30,"enemies":"3 Sentries","floor":6,"turns":8},{"damage":16,"enemies":"Gremlin Nob","floor":8,"turns":3},{"damage":0,"enemies":"3 Sentries","floor":10,"turns":2},{"damage":1,"enemies":"Red Slaver","floor":12,"turns":5},{"damage":12,"enemies":"Lagavulin","floor":13,"turns":10},{"damage":50,"enemies":"Hexaghost","floor":16,"turns":12}],"seed_played":"3005175349037955938","potions_obtained":[{"floor":1,"key":"Explosive Potion"},{"floor":4,"key":"Explosive Potion"},{"floor":13,"key":"FearPotion"}],"is_trial":false,"path_per_floor":["M","?","$","M","M","E","R","E","T","E","R","M","E","$","R","B"],"character_chosen":"IRONCLAD","items_purchased":["Explosive Potion","Evolve"],"campfire_rested":0,"item_purchase_floors":[3,14],"current_hp_per_floor":[80,80,80,80,78,54,54,44,44,50,50,55,49,49,49,0],"gold":71,"neow_bonus":"ONE_RANDOM_RARE_CARD","is_prod":false,"is_daily":false,"chose_seed":false,"campfire_upgraded":3,"win_rate":0,"timestamp":1549755078,"path_taken":["M","?","?","M","M","E","R","E","T","E","R","M","E","$","R","BOSS"],"build_version":"2019-01-23","purchased_purges":1,"victory":false,"max_hp_per_floor":[80,80,80,80,80,80,80,80,80,80,80,80,80,80,80,80],"card_choices":[{"not_picked":["Shrug It Off","Seeing Red"],"picked":"Battle Trance","floor":1},{"not_picked":["Sword Boomerang","Rage"],"picked":"Disarm","floor":4},{"not_picked":["Wild Strike","Burning Pact"],"picked":"Headbutt","floor":5},{"not_picked":["Metallicize","Limit Break"],"picked":"Ghostly Armor","floor":6},{"not_picked":["Havoc","Shrug It Off"],"picked":"Flame Barrier","floor":8},{"not_picked":["Flex","Warcry","Reckless Charge"],"picked":"SKIP","floor":10},{"not_picked":["Twin Strike","Thunderclap","Infernal Blade"],"picked":"SKIP","floor":12},{"not_picked":["Bloodletting","Pommel Strike","True Grit"],"picked":"SKIP","floor":13}],"player_experience":48968,"relics_obtained":[{"floor":6,"key":"PreservedInsect"},{"floor":8,"key":"Dodecahedron"},{"floor":9,"key":"Bag of Preparation"},{"floor":10,"key":"Ancient Tea Set"},{"floor":13,"key":"Oddly Smooth Stone"}],"event_choices":[{"damage_healed":0,"gold_gain":0,"player_choice":"Paid Gold","damage_taken":0,"relics_obtained":["Gremlin Horn"],"max_hp_gain":0,"max_hp_loss":0,"event_name":"WeMeetAgain","floor":2,"gold_loss":59}],"is_beta":false,"boss_relics":[],"items_purged_floors":[14],"is_endless":false,"potions_floor_spawned":[1,4,5,13],"killed_by":"Hexaghost","ascension_level":4}