{"gold_per_floor":[118,118,118,0,0,0,31,45,45,58,91],"floor_reached":11,"playtime":337,"items_purged":["Normality"],"score":166,"play_id":"cc7e6caf-098e-4bf3-b936-47871f96ba80","local_time":"20190619102607","is_ascension_mode":true,"campfire_choices":[{"data":"Inflame","floor":6,"key":"SMITH"}],"neow_cost":"CURSE","seed_source_timestamp":3424981539926033,"circlet_count":0,"master_deck":["AscendersBane","Strike_R","Strike_R","Strike_R","Strike_R","Strike_R","Defend_R","Defend_R+1","Defend_R","Defend_R","Bash","Iron Wave+1","Inflame+1","Battle Trance","Twin Strike","Feed"],"relics":["Burning Blood","Magic Flower","Paper Frog","Lantern"],"potions_floor_usage":[5,11],"damage_taken":[{"damage":10,"enemies":"Small Slimes","floor":1,"turns":6},{"damage":0,"enemies":"Jaw Worm","floor":5,"turns":3},{"damage":35,"enemies":"3 Sentries","floor":7,"turns":8},{"damage":0,"enemies":"Cultist","floor":8,"turns":2},{"damage":5,"enemies":"Gremlin Gang","floor":10,"turns":4},{"damage":13,"enemies":"Lagavulin","floor":11,"turns":6}],"seed_played":"-1384308696076032711","potions_obtained":[{"floor":3,"key":"EssenceOfSteel"},{"floor":3,"key":"SmokeBomb"},{"floor":8,"key":"SkillPotion"}],"is_trial":false,"path_per_floor":["M","?","?","$","M","R","E","M","T","M","E"],"character_chosen":"IRONCLAD","items_purchased":["Inflame"],"campfire_rested":0,"item_purchase_floors":[4],"current_hp_per_floor":[78,51,51,51,57,57,28,37,37,41,37],"gold":91,"neow_bonus":"TWENTY_PERCENT_HP_BONUS","is_prod":false,"is_daily":false,"chose_seed":false,"campfire_upgraded":1,"win_rate":0,"timestamp":1560954367,"path_taken":["M","?","?","$","M","R","E","M","T","?","E"],"build_version":"2019-01-23","purchased_purges":1,"victory":false,"max_hp_per_floor":[89,89,89,89,89,89,89,89,89,89,89],"card_choices":[{"not_picked":["Searing Blow","True Grit"],"picked":"Iron Wave","floor":1},{"not_picked":["Thunderclap","Fire Breathing"],"picked":"Battle Trance","floor":7},{"not_picked":["Rampage","Flex"],"picked":"Twin Strike","floor":8},{"not_picked":["Flex","Heavy Blade"],"picked":"Feed","floor":10}],"player_experience":438079,"relics_obtained":[{"floor":7,"key":"Magic Flower"},{"floor":9,"key":"Paper Frog"},{"floor":11,"key":"Lantern"}],"event_choices":[{"damage_healed":0,"gold_gain":0,"player_choice":"Entered Light","damage_taken":27,"max_hp_gain":0,"max_hp_loss":0,"event_name":"Shining Light","floor":2,"gold_loss":0,"cards_upgraded":["Defend_R","Iron Wave"]},{"damage_healed":0,"gold_gain":0,"player_choice":"Got Potions","damage_taken":0,"max_hp_gain":0,"max_hp_loss":0,"event_name":"Lab","floor":3,"gold_loss":0}],"is_beta":false,"boss_relics":[],"items_purged_floors":[4],"is_endless":false,"potions_floor_spawned":[5,8],"killed_by":"Lagavulin","ascension_level":20}