{"gold_per_floor":[110,110,130,130,130,163,163,163],"floor_reached":8,"playtime":163,"items_purged":[],"score":158,"play_id":"0929d6b5-f3fb-4ab4-a2c9-a89beec96d51","local_time":"20190823215637","is_ascension_mode":true,"campfire_choices":[{"data":"After Image","floor":7.0,"key":"SMITH"}],"neow_cost":"NONE","seed_source_timestamp":603853724418040,"circlet_count":0,"master_deck":["AscendersBane","Strike_G","Strike_G","Strike_G","Strike_G","Strike_G","Defend_G+1","Defend_G","Defend_G","Defend_G","Defend_G","Survivor","Neutralize+1","Flying Knee","After Image+1"],"special_seed":0,"relics":["Ring of the Snake","NeowsBlessing","Golden Idol","Bottled Flame","Calipers"],"potions_floor_usage":[8],"damage_taken":[{"damage":0.0,"enemies":"2 Louse","floor":1.0,"turns":1.0},{"damage":0.0,"enemies":"Small Slimes","floor":3.0,"turns":1.0},{"damage":0.0,"enemies":"Gremlin Nob","floor":6.0,"turns":1.0},{"damage":44,"enemies":"Lagavulin","floor":8,"turns":14}],"seed_played":"562222590288426822","potions_obtained":[{"floor":3.0,"key":"EssenceOfSteel"}],"is_trial":false,"path_per_floor":["M","?","M","?","T","E","R","E"],"character_chosen":"THE_SILENT","items_purchased":[],"campfire_rested":0,"item_purchase_floors":[],"current_hp_per_floor":[59,39,39,39,39,39,39,0],"gold":163,"neow_bonus":"THREE_ENEMY_KILL","is_prod":false,"is_daily":false,"chose_seed":false,"campfire_upgraded":1,"win_rate":0,"timestamp":1566611797,"path_taken":["M","?","M","?","?","E","R","E"],"build_version":"2019-07-17","purchased_purges":0,"victory":false,"max_hp_per_floor":[66,66,66,60,60,60,60,60],"card_choices":[{"not_picked":["Acrobatics","Sucker Punch"],"picked":"Flying Knee","floor":1.0},{"not_picked":["Outmaneuver","Bouncing Flask","Dagger Throw"],"picked":"SKIP","floor":3.0},{"not_picked":["Skewer","Deadly Poison"],"picked":"After Image","floor":6.0}],"player_experience":591832,"relics_obtained":[{"floor":5.0,"key":"Bottled Flame"},{"floor":6.0,"key":"Calipers"}],"event_choices":[{"damage_healed":0.0,"max_hp_gain":0.0,"max_hp_loss":0.0,"gold_gain":0.0,"event_name":"Shining Light","player_choice":"Entered Light","floor":2.0,"gold_loss":0.0,"damage_taken":20.0,"cards_upgraded":["Neutralize","Defend_G"]},{"damage_healed":0.0,"max_hp_gain":0.0,"max_hp_loss":6.0,"gold_gain":0.0,"event_name":"Golden Idol","player_choice":"Lose Max HP","floor":4.0,"gold_loss":0.0,"damage_taken":0.0,"relics_obtained":["Golden Idol"]}],"is_beta":false,"boss_relics":[],"items_purged_floors":[],"is_endless":false,"potions_floor_spawned":[3],"killed_by":"Lagavulin","ascension_level":20}