{"gold_per_floor":[117,129,54,70,70,83,83,108,160,172,184,196,243,272,284,370,382,405,417,442,474,506,553,565,912,924,936,948,975,987,999,1011,1099,1111,1135,1147,1259,1287,1299,1311,1348,1360,1424,1451,1489,1501,1532,754,754,754,754,754,34,65,65],"floor_reached":55,"playtime":7075,"items_purged":["Injury","Strike_G","Strike_G"],"score":1655,"play_id":"ffd660df-9dd0-461f-8317-2ebfcade2b97","local_time":"20190811013958","is_ascension_mode":true,"campfire_choices":[{"data":"Neutralize","floor":7.0,"key":"SMITH"},{"data":"Footwork","floor":10.0,"key":"SMITH"},{"data":"Deadly Poison","floor":15.0,"key":"SMITH"},{"data":"Ghostly","floor":24.0,"key":"SMITH"},{"data":"Ghostly","floor":28.0,"key":"SMITH"},{"data":"Ghostly","floor":30.0,"key":"SMITH"},{"data":"Corpse Explosion","floor":32.0,"key":"SMITH"},{"data":"Wraith Form v2","floor":40,"key":"SMITH"},{"data":"Ghostly","floor":42,"key":"SMITH"},{"data":"Ghostly","floor":46,"key":"SMITH"},{"floor":49,"key":"RECALL"},{"data":"Footwork","floor":52,"key":"SMITH"}],"neow_cost":"CURSE","seed_source_timestamp":0,"circlet_count":0,"master_deck":["AscendersBane","Strike_G","Defend_G","Defend_G","Defend_G","Defend_G","Defend_G","Survivor","Neutralize+1","Footwork+1","Well Laid Plans","Quick Slash","Dagger Throw","Deadly Poison+1","Corpse Explosion+1","PiercingWail","Ghostly+1","Ghostly+1","Ghostly+1","Ghostly+1","Ghostly+1","Backstab","Terror","Backflip","Calculated Gamble","Blur","Poisoned Stab","Dash","Wraith Form v2+1","Cloak And Dagger","Footwork+1","Burst"],"special_seed":0,"relics":["Ring of the Snake","Gambling Chip","Bottled Flame","MawBank","Blue Candle","Regal Pillow","Sozu","Mummified Hand","Old Coin","Happy Flower","Coffee Dripper","Tingsha","Shuriken","Bag of Preparation","Boot","TheAbacus","Bottled Lightning","Calipers","Dead Branch","Bag of Marbles"],"potions_floor_usage":[],"damage_taken":[{"damage":6.0,"enemies":"Small Slimes","floor":1.0,"turns":6.0},{"damage":1.0,"enemies":"Jaw Worm","floor":2.0,"turns":6.0},{"damage":0.0,"enemies":"2 Louse","floor":4.0,"turns":5.0},{"damage":0.0,"enemies":"Red Slaver","floor":6.0,"turns":6.0},{"damage":17.0,"enemies":"3 Sentries","floor":8.0,"turns":16.0},{"damage":11.0,"enemies":"Lagavulin","floor":13.0,"turns":14.0},{"damage":8.0,"enemies":"Exordium Wildlife","floor":14.0,"turns":5.0},{"damage":0.0,"enemies":"Hexaghost","floor":16.0,"turns":10.0},{"damage":17.0,"enemies":"2 Thieves","floor":18.0,"turns":4.0},{"damage":0.0,"enemies":"Shell Parasite","floor":20.0,"turns":7.0},{"damage":0.0,"enemies":"3 Cultists","floor":21.0,"turns":4.0},{"damage":5.0,"enemies":"Cultist and Chosen","floor":22.0,"turns":7.0},{"damage":0.0,"enemies":"Slavers","floor":23.0,"turns":5.0},{"damage":0.0,"enemies":"Book of Stabbing","floor":25.0,"turns":8.0},{"damage":0.0,"enemies":"Snecko","floor":29.0,"turns":5.0},{"damage":0.0,"enemies":"Collector","floor":33.0,"turns":11.0},{"damage":1,"enemies":"Orb Walker","floor":35,"turns":4},{"damage":0,"enemies":"Mind Bloom Boss Battle","floor":37,"turns":8},{"damage":0,"enemies":"3 Shapes","floor":38,"turns":7},{"damage":0,"enemies":"Reptomancer","floor":41,"turns":8},{"damage":0,"enemies":"Jaw Worm Horde","floor":44,"turns":2},{"damage":0,"enemies":"Giant Head","floor":45,"turns":11},{"damage":0,"enemies":"Transient","floor":47,"turns":5},{"damage":5,"enemies":"Awakened One","floor":50,"turns":21},{"damage":0,"enemies":"Shield and Spear","floor":54,"turns":6},{"damage":33,"enemies":"The Heart","floor":55,"turns":5}],"seed_played":"-5348704480236323237","potions_obtained":[{"floor":4.0,"key":"Regen Potion"},{"floor":6.0,"key":"Swift Potion"},{"floor":8.0,"key":"Dexterity Potion"},{"floor":14.0,"key":"Poison Potion"},{"floor":16.0,"key":"Ancient Potion"}],"is_trial":false,"path_per_floor":["M","M","$","M","?","M","R","E","T","R","T","?","E","M","R","B",null,"M","?","M","M","M","E","R","E","T","?","R","M","R","?","R","B",null,"M","?","?","M","?","R","E","R","T","M","E","R","M","$","R","B",null,"R","$","E","B"],"character_chosen":"THE_SILENT","items_purchased":["Footwork","Boot","TheAbacus","Bottled Lightning","Calipers","Dead Branch"],"campfire_rested":0,"item_purchase_floors":[48,48,48,48,53,53],"current_hp_per_floor":[57,56,56,56,56,56,56,54,54,54,54,54,43,35,35,35,61,44,35,35,35,30,30,30,30,30,30,30,30,30,30,30,30,34,33,33,33,33,33,33,33,33,33,33,33,33,33,33,33,28,32,32,32,32,0],"gold":65,"neow_bonus":"ONE_RARE_RELIC","is_prod":false,"is_daily":false,"chose_seed":false,"campfire_upgraded":11,"win_rate":0,"timestamp":1565512798,"path_taken":["M","M","$","M","?","M","R","E","T","R","?","?","E","M","R","BOSS","M","?","M","M","M","E","R","E","T","?","R","M","R","?","R","BOSS","M","?","?","M","?","R","E","R","T","M","E","R","M","$","R","BOSS","R","$","E","BOSS"],"build_version":"2019-07-17","purchased_purges":3,"victory":false,"max_hp_per_floor":[70,70,70,70,70,70,70,70,70,70,70,70,70,70,70,70,70,70,35,35,35,35,35,35,35,35,35,35,35,35,35,35,35,35,35,35,35,35,33,33,33,33,33,33,33,33,33,33,33,33,33,33,33,33,33],"card_choices":[{"not_picked":["Underhanded Strike","Acrobatics"],"picked":"Crippling Poison","floor":1.0},{"not_picked":["Tactician","Poisoned Stab"],"picked":"Footwork","floor":2.0},{"not_picked":["Setup","Flying Knee"],"picked":"Well Laid Plans","floor":4.0},{"not_picked":["Blade Dance","Expertise"],"picked":"Quick Slash","floor":6.0},{"not_picked":["Blade Dance","Sucker Punch"],"picked":"Dagger Throw","floor":8.0},{"not_picked":["Setup","Outmaneuver","Dagger Throw"],"picked":"SKIP","floor":13.0},{"not_picked":["Calculated Gamble","Sucker Punch"],"picked":"Deadly Poison","floor":14.0},{"not_picked":["After Image","Die Die Die"],"picked":"Corpse Explosion","floor":16.0},{"not_picked":["Concentrate","Deadly Poison"],"picked":"PiercingWail","floor":18.0},{"not_picked":["All Out Attack","Underhanded Strike"],"picked":"Backstab","floor":20.0},{"not_picked":["Sucker Punch","Reflex"],"picked":"Terror","floor":21.0},{"not_picked":["Deadly Poison","Distraction"],"picked":"Backflip","floor":22.0},{"not_picked":["Bouncing Flask","Finisher"],"picked":"Calculated Gamble","floor":23.0},{"not_picked":["Cloak And Dagger","Underhanded Strike+1"],"picked":"Blur","floor":25.0},{"not_picked":["Deflect","Choke","Outmaneuver"],"picked":"SKIP","floor":29.0},{"not_picked":["Glass Knife","Venomology"],"picked":"Wraith Form v2","floor":33.0},{"not_picked":["Dagger Throw+1","Sucker Punch","Outmaneuver"],"picked":"SKIP","floor":35},{"not_picked":["Backstab","Tools of the Trade","Deadly Poison"],"picked":"SKIP","floor":38},{"not_picked":["Quick Slash","PiercingWail"],"picked":"Cloak And Dagger","floor":41},{"not_picked":["PiercingWail","Blur","Slice"],"picked":"SKIP","floor":44},{"not_picked":["Sucker Punch","PiercingWail+1","All Out Attack"],"picked":"SKIP","floor":45},{"not_picked":["Dodge and Roll","Calculated Gamble","Quick Slash"],"picked":"SKIP","floor":47},{"not_picked":["Endless Agony","Blade Dance+1"],"picked":"Burst","floor":54}],"player_experience":550082,"relics_obtained":[{"floor":8.0,"key":"Bottled Flame"},{"floor":9.0,"key":"MawBank"},{"floor":11.0,"key":"Blue Candle"},{"floor":13.0,"key":"Regal Pillow"},{"floor":23.0,"key":"Mummified Hand"},{"floor":25.0,"key":"Old Coin"},{"floor":26.0,"key":"Happy Flower"},{"floor":37,"key":"Tingsha"},{"floor":41,"key":"Shuriken"},{"floor":45,"key":"Bag of Preparation"},{"floor":54,"key":"Bag of Marbles"}],"event_choices":[{"damage_healed":0.0,"max_hp_gain":0.0,"max_hp_loss":0.0,"gold_gain":0.0,"event_name":"Liars Game","player_choice":"Ignored","floor":5.0,"gold_loss":0.0,"damage_taken":0.0},{"cards_removed":["Strike_G"],"damage_healed":0.0,"max_hp_gain":0.0,"max_hp_loss":0.0,"gold_gain":0.0,"event_name":"Purifier","player_choice":"Purged","floor":12.0,"gold_loss":0.0,"damage_taken":0.0},{"damage_healed":0.0,"max_hp_gain":0.0,"max_hp_loss":35.0,"gold_gain":0.0,"event_name":"Ghosts","player_choice":"Became a Ghost","floor":19.0,"gold_loss":0.0,"damage_taken":0.0,"cards_obtained":["Ghostly","Ghostly","Ghostly","Ghostly","Ghostly"]},{"damage_healed":0.0,"max_hp_gain":0.0,"max_hp_loss":0.0,"gold_gain":0.0,"cards_transformed":["Strike_G","Crippling Poison"],"event_name":"Drug Dealer","player_choice":"Became Test Subject","floor":27.0,"gold_loss":0.0,"damage_taken":0.0,"cards_obtained":["Poisoned Stab","Dash"]},{"damage_healed":0.0,"max_hp_gain":0.0,"max_hp_loss":0.0,"gold_gain":0.0,"event_name":"Match and Keep!","player_choice":"0 cards matched","floor":31.0,"gold_loss":0.0,"damage_taken":0.0,"cards_obtained":[]},{"damage_healed":0,"gold_gain":0,"player_choice":"Ignored","damage_taken":0,"max_hp_gain":0,"max_hp_loss":0,"event_name":"Tomb of Lord Red Mask","floor":36,"gold_loss":0},{"damage_healed":0,"gold_gain":0,"player_choice":"Fight","damage_taken":0,"max_hp_gain":0,"max_hp_loss":0,"event_name":"MindBloom","floor":37,"gold_loss":0},{"damage_healed":0,"gold_gain":0,"player_choice":"Max HP","damage_taken":0,"max_hp_gain":0,"max_hp_loss":2,"event_name":"Winding Halls","floor":39,"gold_loss":0}],"is_beta":false,"boss_relics":[{"not_picked":["WristBlade","Eternal Feather"],"picked":"Sozu"},{"not_picked":["Pandora\u0027s Box","Cursed Key"],"picked":"Coffee Dripper"}],"items_purged_floors":[3,48,53],"is_endless":false,"potions_floor_spawned":[4,6,8,14,16,21,22,23,35,37,45,54],"killed_by":"The Heart","ascension_level":13}