{"gold_per_floor":[17,37,37,49,62,62,162,191,217,235,235,46,46,73,73,178,178,143,58,92,191,191,191,191],"floor_reached":24,"playtime":1552,"items_purged":[],"score":222,"play_id":"6b365817-bd61-40f2-a415-0d0273c75d9c","local_time":"20190811134954","is_ascension_mode":true,"campfire_choices":[{"data":"Armaments","floor":6,"key":"SMITH"},{"floor":11,"key":"REST"},{"data":"Searing Blow","floor":13,"key":"SMITH"},{"data":"Searing Blow+1","floor":15,"key":"SMITH"},{"floor":23,"key":"REST"}],"neow_cost":"NO_GOLD","seed_source_timestamp":68318318561225,"circlet_count":0,"master_deck":["Strike_R+1","Strike_R+1","Strike_R+1","Strike_R+1","Strike_R+1","Defend_R+1","Defend_R+1","Defend_R+1","Defend_R+1","Bash","Armaments+1","Clothesline","Searing Blow+2","Impervious","Immolate","Shrug It Off+1"],"relics":["Burning Blood","Nunchaku","Boot","Dream Catcher","Juzu Bracelet","Black Star","Toxic Egg 2","Red Mask"],"potions_floor_usage":[14,14,16,24],"damage_taken":[{"damage":0,"enemies":"Small Slimes","floor":1,"turns":4},{"damage":8,"enemies":"Cultist","floor":2,"turns":6},{"damage":6,"enemies":"2 Louse","floor":4,"turns":3},{"damage":13,"enemies":"2 Fungi Beasts","floor":5,"turns":5},{"damage":37,"enemies":"Lagavulin","floor":8,"turns":10},{"damage":19,"enemies":"Large Slime","floor":10,"turns":8},{"damage":14,"enemies":"Gremlin Nob","floor":14,"turns":3},{"damage":28,"enemies":"The Guardian","floor":16,"turns":17},{"damage":37,"enemies":"2 Thieves","floor":18,"turns":5},{"damage":43,"enemies":"Masked Bandits","floor":20,"turns":4},{"damage":48,"enemies":"Gremlin Leader","floor":24,"turns":10}],"seed_played":"8192091231284915338","potions_obtained":[{"floor":2,"key":"Fire Potion"},{"floor":5,"key":"Poison Potion"},{"floor":18,"key":"PowerPotion"}],"is_trial":false,"path_per_floor":["M","M","$","M","M","R","?","E","T","M","R","$","R","E","R","B",null,"M","?","?","?","?","R","E"],"character_chosen":"IRONCLAD","items_purchased":["Impervious","Fire Potion"],"campfire_rested":2,"item_purchase_floors":[12,12],"current_hp_per_floor":[80,78,78,78,71,71,71,40,40,27,51,51,51,43,43,21,80,49,49,12,12,12,36,0],"gold":191,"neow_bonus":"ONE_RARE_RELIC","is_prod":false,"is_daily":false,"chose_seed":false,"campfire_upgraded":3,"win_rate":0,"timestamp":1565545794,"path_taken":["M","M","$","M","M","R","?","E","T","?","R","?","R","E","R","BOSS","M","?","?","?","?","R","E"],"build_version":"2019-07-17","purchased_purges":0,"victory":false,"max_hp_per_floor":[80,80,80,80,80,80,80,80,80,80,80,80,80,80,80,80,80,80,80,80,80,80,80,80],"card_choices":[{"not_picked":["True Grit","Shockwave","Metallicize"],"picked":"SKIP","floor":1},{"not_picked":["Perfected Strike","Exhume"],"picked":"Armaments","floor":2},{"not_picked":["Armaments","Cleave","Sword Boomerang"],"picked":"SKIP","floor":4},{"not_picked":["Warcry","Headbutt"],"picked":"Clothesline","floor":5},{"not_picked":["Twin Strike","True Grit","Perfected Strike"],"picked":"SKIP","floor":8},{"not_picked":["Dropkick","Iron Wave","Clash"],"picked":"SKIP","floor":10},{"not_picked":["Rupture","Clash"],"picked":"Searing Blow","floor":11},{"not_picked":["Pommel Strike","Armaments","Reckless Charge"],"picked":"SKIP","floor":14},{"not_picked":["Limit Break","Demon Form"],"picked":"Immolate","floor":16},{"not_picked":["Perfected Strike","Pommel Strike+1","Evolve"],"picked":"SKIP","floor":18},{"not_picked":["Clothesline+1","Warcry+1"],"picked":"Shrug It Off+1","floor":20}],"player_experience":168156,"relics_obtained":[{"floor":8,"key":"Boot"},{"floor":9,"key":"Dream Catcher"},{"floor":14,"key":"Juzu Bracelet"},{"floor":20,"key":"Red Mask"}],"event_choices":[{"damage_healed":0,"gold_gain":100,"player_choice":"Pray","damage_taken":0,"max_hp_gain":0,"max_hp_loss":0,"event_name":"Golden Shrine","floor":7,"gold_loss":0},{"damage_healed":0,"gold_gain":0,"player_choice":"Obtained Relic","damage_taken":0,"relics_obtained":["Toxic Egg 2"],"max_hp_gain":0,"max_hp_loss":0,"event_name":"Addict","floor":19,"gold_loss":85},{"damage_healed":0,"gold_gain":0,"player_choice":"Fought Bandits","damage_taken":0,"max_hp_gain":0,"max_hp_loss":0,"event_name":"Masked Bandits","floor":20,"gold_loss":0},{"damage_healed":0,"gold_gain":99,"player_choice":"Stole From Cult","damage_taken":0,"max_hp_gain":0,"max_hp_loss":0,"event_name":"Nest","floor":21,"gold_loss":0},{"damage_healed":0,"gold_gain":0,"player_choice":"Simplicity","damage_taken":0,"max_hp_gain":0,"max_hp_loss":0,"event_name":"Back to Basics","floor":22,"gold_loss":0,"cards_upgraded":["Strike_R","Strike_R","Strike_R","Strike_R","Strike_R","Defend_R","Defend_R","Defend_R","Defend_R"]}],"is_beta":false,"boss_relics":[{"not_picked":["Fusion Hammer","Runic Cube"],"picked":"Black Star"}],"items_purged_floors":[],"is_endless":false,"potions_floor_spawned":[2,5,18],"killed_by":"Gremlin Leader","ascension_level":2}