{"gold_per_floor":[118,118,136,161,192,236,258,270,306,318,350,380,392,736,748,859,871,898,346,346,365,365,391,391,69,69,69,56,56,88,88,88,88],"floor_reached":33,"playtime":1744,"items_purged":["Strike_R"],"score":291,"play_id":"1b78f186-9f51-4829-9205-24bdef83e634","local_time":"20190902170610","is_ascension_mode":false,"campfire_choices":[{"data":"Anger","floor":8,"key":"SMITH"},{"data":"Anger","floor":13,"key":"SMITH"},{"data":"Double Tap","floor":15,"key":"SMITH"},{"floor":29,"key":"REST"},{"floor":32,"key":"REST"}],"neow_cost":"PERCENT_DAMAGE","seed_source_timestamp":852816981460717,"circlet_count":0,"master_deck":["Strike_R+1","Defend_R+1","Defend_R+1","Defend_R+1","Defend_R+1","Bash","Anger+1","Bash","Shrug It Off","Headbutt","Anger+1","Shrug It Off","Flame Barrier","Entrench+1","Double Tap+1","Juggernaut","Battle Trance+1","Flame Barrier+1","Writhe","Burning Pact","The Bomb","Body Slam","Clothesline","Dodge and Roll+1","Leap"],"relics":["Burning Blood","MawBank","Paper Frog","Juzu Bracelet","Old Coin","Runic Cube","Anchor","PreservedInsect","Membership Card","Dream Catcher","War Paint","Shuriken","PrismaticShard","Bottled Lightning","Ancient Tea Set"],"potions_floor_usage":[6,6,14,16,16,33],"damage_taken":[{"damage":0,"enemies":"Small Slimes","floor":1,"turns":3},{"damage":5,"enemies":"Cultist","floor":3,"turns":4},{"damage":0,"enemies":"2 Louse","floor":5,"turns":2},{"damage":19,"enemies":"3 Sentries","floor":6,"turns":8},{"damage":12,"enemies":"Large Slime","floor":7,"turns":5},{"damage":2,"enemies":"3 Louse","floor":11,"turns":4},{"damage":1,"enemies":"2 Fungi Beasts","floor":12,"turns":3},{"damage":6,"enemies":"Gremlin Nob","floor":14,"turns":3},{"damage":36,"enemies":"The Guardian","floor":16,"turns":8},{"damage":19,"enemies":"Spheric Guardian","floor":18,"turns":4},{"damage":10,"enemies":"Shell Parasite","floor":21,"turns":3},{"damage":19,"enemies":"Slavers","floor":23,"turns":6},{"damage":38,"enemies":"Book of Stabbing","floor":30,"turns":7},{"damage":75,"enemies":"Automaton","floor":33,"turns":12}],"seed_played":"5467104695666935475","potions_obtained":[{"floor":1,"key":"PowerPotion"},{"floor":3,"key":"SkillPotion"},{"floor":6,"key":"Strength Potion"},{"floor":11,"key":"SpeedPotion"},{"floor":12,"key":"Dexterity Potion"},{"floor":30,"key":"SpeedPotion"}],"is_trial":false,"path_per_floor":["M","?","M","T","M","E","M","R","T","?","M","M","R","E","R","B",null,"M","$","?","M","?","E","?","$","T","?","$","R","E","?","R","B"],"character_chosen":"IRONCLAD","items_purchased":["Flame Barrier","Anchor","PreservedInsect","Membership Card","Shuriken","The Bomb","PrismaticShard","Body Slam"],"campfire_rested":2,"item_purchase_floors":[19,19,19,19,25,25,25,28],"current_hp_per_floor":[62,62,63,63,69,56,50,50,50,50,54,59,59,59,59,29,80,67,67,67,63,63,50,50,50,50,35,35,60,28,28,53,0],"gold":88,"neow_bonus":"REMOVE_TWO","is_prod":false,"is_daily":false,"chose_seed":false,"campfire_upgraded":3,"win_rate":0,"timestamp":1567436770,"path_taken":["M","?","?","?","M","E","?","R","T","?","M","M","R","E","R","BOSS","M","$","?","M","?","E","?","$","T","?","$","R","E","?","R","BOSS"],"build_version":"2019-06-28","purchased_purges":1,"victory":false,"max_hp_per_floor":[80,80,80,80,80,80,80,80,80,80,80,80,80,80,80,80,80,80,80,80,80,80,80,80,80,80,85,85,85,85,85,85,85],"card_choices":[{"not_picked":["Carnage","Headbutt"],"picked":"Anger","floor":1},{"not_picked":["Hemokinesis","Body Slam"],"picked":"Headbutt","floor":3},{"not_picked":["Shrug It Off","Sever Soul"],"picked":"Anger","floor":5},{"not_picked":["Body Slam","Second Wind","Intimidate"],"picked":"SKIP","floor":6},{"not_picked":["Sword Boomerang","Body Slam"],"picked":"Shrug It Off","floor":7},{"not_picked":["Body Slam","Twin Strike"],"picked":"Flame Barrier","floor":11},{"not_picked":["Anger","Sword Boomerang"],"picked":"Entrench","floor":12},{"not_picked":["Feel No Pain","Rampage"],"picked":"Double Tap","floor":14},{"not_picked":["Impervious","Immolate"],"picked":"Juggernaut","floor":16},{"not_picked":["Havoc+1","Uppercut"],"picked":"Battle Trance+1","floor":18},{"not_picked":["Wild Strike","Rampage+1"],"picked":"Burning Pact","floor":21},{"not_picked":["Havoc","Dark Embrace","Thunderclap+1"],"picked":"SKIP","floor":23},{"not_picked":["Redo+1","Streamline+1"],"picked":"Clothesline","floor":29},{"not_picked":["Barrage","Recycle"],"picked":"Dodge and Roll","floor":30},{"not_picked":["Prepared","Cloak And Dagger"],"picked":"Leap","floor":32}],"player_experience":185233,"relics_obtained":[{"floor":4,"key":"MawBank"},{"floor":6,"key":"Paper Frog"},{"floor":9,"key":"Juzu Bracelet"},{"floor":14,"key":"Old Coin"},{"floor":23,"key":"War Paint"},{"floor":26,"key":"Bottled Lightning"},{"floor":30,"key":"Ancient Tea Set"}],"event_choices":[{"damage_healed":0,"gold_gain":0,"player_choice":"2 cards matched","damage_taken":0,"max_hp_gain":0,"max_hp_loss":0,"event_name":"Match and Keep!","floor":2,"gold_loss":0,"cards_obtained":["Bash","Shrug It Off"]},{"cards_removed":["Strike_R"],"damage_healed":0,"gold_gain":0,"player_choice":"Forget","damage_taken":0,"max_hp_gain":0,"max_hp_loss":0,"event_name":"Living Wall","floor":10,"gold_loss":0},{"damage_healed":0,"gold_gain":0,"player_choice":"Opened","damage_taken":0,"relics_obtained":["Dream Catcher"],"max_hp_gain":0,"max_hp_loss":0,"event_name":"The Mausoleum","floor":20,"gold_loss":0,"cards_obtained":["Writhe"]},{"damage_healed":0,"gold_gain":0,"player_choice":"Ignored","damage_taken":0,"max_hp_gain":0,"max_hp_loss":0,"event_name":"Vampires","floor":22,"gold_loss":0},{"damage_healed":0,"gold_gain":0,"player_choice":"Simplicity","damage_taken":0,"max_hp_gain":0,"max_hp_loss":0,"event_name":"Back to Basics","floor":24,"gold_loss":0,"cards_upgraded":["Strike_R","Defend_R","Defend_R","Defend_R","Defend_R"]},{"damage_healed":0,"gold_gain":0,"player_choice":"Shed Blood","damage_taken":20,"max_hp_gain":5,"max_hp_loss":0,"event_name":"Forgotten Altar","floor":27,"gold_loss":0},{"damage_healed":0,"gold_gain":0,"player_choice":"Upgraded","damage_taken":0,"max_hp_gain":0,"max_hp_loss":0,"event_name":"Upgrade Shrine","floor":31,"gold_loss":0,"cards_upgraded":["Dodge and Roll"]}],"is_beta":true,"boss_relics":[{"not_picked":["Busted Crown","Runic Dome"],"picked":"Runic Cube"}],"items_purged_floors":[19],"is_endless":false,"potions_floor_spawned":[1,3,6,11,12,30],"killed_by":"Automaton","ascension_level":0}