{"gold_per_floor":[117,136,136,17,36,61,11,11,86,86,111,124,143,143,143,269,269,294,294,315,315,315,315,336,399,467,467,490,6,32,47,47,47],"floor_reached":33,"playtime":2588,"items_purged":["Writhe"],"score":284,"play_id":"a0e1b4b4-085c-4ef5-9bd3-7041a4d6d92c","local_time":"20190827141332","is_ascension_mode":false,"campfire_choices":[{"data":"Searing Blow","floor":8,"key":"SMITH"},{"data":"Searing Blow+1","floor":10,"key":"SMITH"},{"data":"Searing Blow+2","floor":15,"key":"SMITH"},{"data":"Searing Blow+3","floor":23,"key":"SMITH"},{"data":"Searing Blow+4","floor":27,"key":"SMITH"},{"data":"Offering","floor":32,"key":"SMITH"}],"neow_cost":"NONE","seed_source_timestamp":321286260825663,"circlet_count":0,"master_deck":["Defend_R","Defend_R","Defend_R","Defend_R","Bash","Offering","Pommel Strike","Anger","Searing Blow+5","Corruption","Clash","Clash","Anger","Offering+1","Clothesline","Pommel Strike","Bite","Bite","Bite","Bite","Bite","Headbutt","Warcry+1","Feel No Pain","Battle Trance"],"relics":["Burning Blood","Golden Idol","Paper Frog","Philosopher\u0027s Stone","Smiling Mask","Tiny Chest","Pear","Question Card","Pen Nib","Bag of Preparation"],"potions_floor_usage":[2,6,16,16,18,25,28,33],"damage_taken":[{"damage":4,"enemies":"2 Louse","floor":1,"turns":4},{"damage":0,"enemies":"Small Slimes","floor":2,"turns":3},{"damage":6,"enemies":"Jaw Worm","floor":5,"turns":3},{"damage":6,"enemies":"Large Slime","floor":6,"turns":5},{"damage":6,"enemies":"2 Fungi Beasts","floor":11,"turns":2},{"damage":0,"enemies":"3 Louse","floor":12,"turns":2},{"damage":8,"enemies":"Blue Slaver","floor":13,"turns":3},{"damage":38,"enemies":"Slime Boss","floor":16,"turns":10},{"damage":12,"enemies":"2 Thieves","floor":18,"turns":3},{"damage":14,"enemies":"Shell Parasite","floor":20,"turns":3},{"damage":6,"enemies":"Snecko","floor":24,"turns":2},{"damage":46,"enemies":"Book of Stabbing","floor":25,"turns":3},{"damage":13,"enemies":"Cultist and Chosen","floor":28,"turns":3},{"damage":12,"enemies":"Centurion and Healer","floor":31,"turns":3},{"damage":68,"enemies":"Collector","floor":33,"turns":6}],"seed_played":"-9144915623149986670","potions_obtained":[{"floor":1,"key":"AttackPotion"},{"floor":2,"key":"SpeedPotion"},{"floor":6,"key":"Swift Potion"},{"floor":12,"key":"Swift Potion"},{"floor":16,"key":"Weak Potion"},{"floor":20,"key":"SteroidPotion"},{"floor":25,"key":"AttackPotion"},{"floor":28,"key":"GamblersBrew"}],"is_trial":false,"path_per_floor":["M","M","?","$","M","M","?","R","T","R","M","M","M","T","R","B",null,"M","?","M","?","?","R","M","E","T","R","M","$","T","M","R","B"],"character_chosen":"IRONCLAD","items_purchased":["Searing Blow","Corruption","Feel No Pain","Question Card","Pen Nib"],"campfire_rested":0,"item_purchase_floors":[4,4,29,29,29],"current_hp_per_floor":[80,80,60,60,60,60,60,60,60,60,60,66,64,64,64,32,80,74,74,66,66,56,56,56,22,32,32,31,31,31,33,33,0],"gold":47,"neow_bonus":"TRANSFORM_CARD","is_prod":false,"is_daily":false,"chose_seed":false,"campfire_upgraded":6,"win_rate":0,"timestamp":1566908012,"path_taken":["M","M","?","$","M","M","?","R","T","R","M","M","M","?","R","BOSS","M","?","M","?","?","R","M","E","T","R","M","$","?","?","R","BOSS"],"build_version":"2019-06-28","purchased_purges":1,"victory":false,"max_hp_per_floor":[80,80,80,80,80,80,80,80,80,80,80,80,80,80,80,80,80,80,80,80,80,56,56,56,56,66,66,66,66,66,66,66,66],"card_choices":[{"not_picked":["Power Through","Cleave"],"picked":"Pommel Strike","floor":1},{"not_picked":["Fire Breathing","Power Through"],"picked":"Anger","floor":2},{"not_picked":["Wild Strike","Cleave","Thunderclap"],"picked":"SKIP","floor":5},{"not_picked":["Perfected Strike","Pummel"],"picked":"Clash","floor":6},{"not_picked":["Sword Boomerang","Sever Soul"],"picked":"Clash","floor":11},{"not_picked":["Carnage","Infernal Blade"],"picked":"Anger","floor":12},{"not_picked":["True Grit","Wild Strike","Hemokinesis"],"picked":"SKIP","floor":13},{"not_picked":["Bludgeon","Impervious"],"picked":"Offering","floor":16},{"not_picked":["Metallicize","Armaments"],"picked":"Clothesline","floor":18},{"not_picked":["Sword Boomerang","Spot Weakness"],"picked":"Pommel Strike","floor":20},{"not_picked":["Havoc","Perfected Strike+1","True Grit"],"picked":"SKIP","floor":24},{"not_picked":["Reckless Charge+1","Havoc"],"picked":"Headbutt","floor":25},{"not_picked":["Reckless Charge","Iron Wave+1"],"picked":"Warcry+1","floor":28},{"not_picked":["Perfected Strike+1","Heavy Blade","Body Slam"],"picked":"Battle Trance","floor":31}],"player_experience":101313,"relics_obtained":[{"floor":14,"key":"Paper Frog"},{"floor":25,"key":"Tiny Chest"},{"floor":26,"key":"Pear"},{"floor":30,"key":"Bag of Preparation"}],"event_choices":[{"damage_healed":0,"gold_gain":0,"player_choice":"Take Damage","damage_taken":20,"relics_obtained":["Golden Idol"],"max_hp_gain":0,"max_hp_loss":0,"event_name":"Golden Idol","floor":3,"gold_loss":0},{"cards_removed":["Strike_R"],"damage_healed":0,"gold_gain":0,"player_choice":"Card Removal","damage_taken":0,"max_hp_gain":0,"max_hp_loss":0,"event_name":"The Cleric","floor":7,"gold_loss":50},{"damage_healed":0,"gold_gain":0,"player_choice":"Opened","damage_taken":0,"relics_obtained":["Smiling Mask"],"max_hp_gain":0,"max_hp_loss":0,"event_name":"The Mausoleum","floor":19,"gold_loss":0,"cards_obtained":["Writhe"]},{"damage_healed":0,"gold_gain":0,"player_choice":"Ignored","damage_taken":0,"max_hp_gain":0,"max_hp_loss":0,"event_name":"Ghosts","floor":21,"gold_loss":0},{"damage_healed":0,"gold_gain":0,"player_choice":"Became a vampire","damage_taken":0,"max_hp_gain":0,"max_hp_loss":24,"event_name":"Vampires","floor":22,"gold_loss":0,"cards_obtained":["Bite","Bite","Bite","Bite","Bite"]}],"is_beta":true,"boss_relics":[{"not_picked":["Fusion Hammer","White Beast Statue"],"picked":"Philosopher\u0027s Stone"}],"items_purged_floors":[29],"is_endless":false,"potions_floor_spawned":[1,2,6,12,16,20,25,28],"killed_by":"Collector","ascension_level":0}