{"gold_per_floor":[116,70,70,88,37,37,72,32,32,51,63,63],"floor_reached":12,"playtime":502,"items_purged":[],"score":94,"play_id":"cd13705e-be4e-4746-9702-2d067a7c09f3","local_time":"20190818021528","is_ascension_mode":true,"campfire_choices":[{"data":"Havoc","floor":6,"key":"SMITH"}],"neow_cost":"NONE","seed_source_timestamp":56579039410274,"circlet_count":0,"master_deck":["Strike_R","Strike_R","Strike_R","Strike_R","Strike_R","Defend_R","Defend_R","Defend_R","Defend_R","Bash","Feed","Wild Strike","True Grit","Intimidate","Havoc+1","Burning Pact","Inflame","Clothesline","Headbutt"],"relics":["Burning Blood","Letter Opener","Frozen Egg 2"],"potions_floor_usage":[7,11],"damage_taken":[{"damage":23,"enemies":"Cultist","floor":1,"turns":6},{"damage":14,"enemies":"Jaw Worm","floor":4,"turns":5},{"damage":65,"enemies":"Gremlin Nob","floor":7,"turns":6},{"damage":13,"enemies":"Small Slimes","floor":10,"turns":5},{"damage":11,"enemies":"Exordium Thugs","floor":11,"turns":5},{"damage":20,"enemies":"Lagavulin","floor":12,"turns":4}],"seed_played":"1823238815602387664","potions_obtained":[{"floor":1,"key":"Regen Potion"},{"floor":7,"key":"SteroidPotion"}],"is_trial":false,"path_per_floor":["M","$","?","M","$","R","E","$","T","M","M","E"],"character_chosen":"IRONCLAD","items_purchased":["True Grit","Havoc","Inflame"],"campfire_rested":0,"item_purchase_floors":[2,5,8],"current_hp_per_floor":[66,66,66,61,61,61,19,19,19,15,10,0],"gold":63,"neow_bonus":"ONE_RANDOM_RARE_CARD","is_prod":false,"is_daily":false,"chose_seed":false,"campfire_upgraded":1,"win_rate":0,"timestamp":1566062128,"path_taken":["M","?","?","M","?","R","E","$","T","?","M","E"],"build_version":"2019-07-17","purchased_purges":0,"victory":false,"max_hp_per_floor":[83,83,83,86,86,86,89,89,89,92,92,92],"card_choices":[{"not_picked":["Carnage","Havoc"],"picked":"Wild Strike","floor":1},{"not_picked":["Seeing Red","Pummel"],"picked":"Intimidate","floor":4},{"not_picked":["Clothesline","Heavy Blade"],"picked":"Burning Pact","floor":7},{"not_picked":["Body Slam","Sword Boomerang"],"picked":"Clothesline","floor":10},{"not_picked":["Thunderclap","Heavy Blade"],"picked":"Headbutt","floor":11}],"player_experience":164569,"relics_obtained":[{"floor":7,"key":"Letter Opener"},{"floor":9,"key":"Frozen Egg 2"}],"event_choices":[{"damage_healed":0,"gold_gain":0,"player_choice":"Ignored","damage_taken":0,"max_hp_gain":0,"max_hp_loss":0,"event_name":"Liars Game","floor":3,"gold_loss":0}],"is_beta":false,"boss_relics":[],"items_purged_floors":[],"is_endless":false,"potions_floor_spawned":[1,7],"killed_by":"Lagavulin","ascension_level":4}