{"gold_per_floor":[115,127,52,32,45,74,94,94,94,94,107,126,126,51,51,125,125,139,139,154,35,51,51],"floor_reached":23,"playtime":619,"items_purged":["Strike_R"],"score":357,"play_id":"586caf42-e5b5-4600-803b-233649e66abf","local_time":"20190501141649","is_ascension_mode":true,"campfire_choices":[{"data":"True Grit","floor":8.0,"key":"SMITH"},{"data":"Rampage","floor":10.0,"key":"SMITH"},{"data":"Bash","floor":15,"key":"SMITH"}],"neow_cost":"NONE","seed_source_timestamp":1801322226993868,"circlet_count":0,"master_deck":["AscendersBane","Strike_R","Defend_R","Defend_R","Defend_R","Defend_R","Bash+1","Headbutt","Corruption","True Grit+1","Rampage+1","Disarm+1","Exhume","Spot Weakness","Evolve","Shrug It Off","Flash of Steel","Twin Strike"],"special_seed":0,"relics":["Burning Blood","NeowsBlessing","Mercury Hourglass","Ice Cream","Empty Cage"],"potions_floor_usage":[20,20,23],"damage_taken":[{"damage":0.0,"enemies":"Cultist","floor":1.0,"turns":1.0},{"damage":0.0,"enemies":"Small Slimes","floor":2.0,"turns":1.0},{"damage":0.0,"enemies":"2 Louse","floor":5.0,"turns":1.0},{"damage":35.0,"enemies":"Lagavulin","floor":6.0,"turns":7.0},{"damage":9.0,"enemies":"2 Fungi Beasts","floor":7.0,"turns":3.0},{"damage":6.0,"enemies":"Looter","floor":11.0,"turns":3.0},{"damage":12.0,"enemies":"Exordium Thugs","floor":12.0,"turns":5.0},{"damage":6,"enemies":"The Guardian","floor":16,"turns":10},{"damage":6,"enemies":"Chosen","floor":18,"turns":5},{"damage":7,"enemies":"3 Byrds","floor":20,"turns":6},{"damage":7,"enemies":"Snake Plant","floor":22,"turns":7},{"damage":68,"enemies":"Slavers","floor":23,"turns":4}],"seed_played":"-5344976243636483363","potions_obtained":[{"floor":2.0,"key":"Energy Potion"},{"floor":4.0,"key":"Poison Potion"},{"floor":7.0,"key":"SneckoOil"},{"floor":11.0,"key":"GamblersBrew"},{"floor":20,"key":"Ancient Potion"}],"is_trial":false,"path_per_floor":["M","M","?","?","M","E","M","R","T","R","M","M","?","$","R","B",null,"M","?","M","$","M","E"],"character_chosen":"IRONCLAD","items_purchased":["Shrug It Off","Flash of Steel"],"campfire_rested":0,"item_purchase_floors":[21,21],"current_hp_per_floor":[74,75,75,75,75,46,43,43,43,43,43,37,37,37,37,37,66,66,66,65,65,64,0],"gold":51,"neow_bonus":"THREE_ENEMY_KILL","is_prod":false,"is_daily":false,"chose_seed":false,"campfire_upgraded":3,"win_rate":0,"timestamp":1556734609,"path_taken":["M","M","?","?","?","E","M","R","T","R","M","M","?","$","R","BOSS","M","?","M","$","M","E"],"build_version":"2019-01-23","purchased_purges":1,"victory":false,"max_hp_per_floor":[75,75,75,75,75,75,75,75,75,75,75,75,75,75,75,75,75,75,75,75,75,75,75],"card_choices":[{"not_picked":["Perfected Strike","Seeing Red"],"picked":"Headbutt","floor":1.0},{"not_picked":["Sword Boomerang","Twin Strike"],"picked":"Corruption","floor":2.0},{"not_picked":["Power Through","Havoc"],"picked":"True Grit","floor":5.0},{"not_picked":["Cleave","Fire Breathing"],"picked":"Rampage","floor":6.0},{"not_picked":["Havoc","Thunderclap","Searing Blow"],"picked":"SKIP","floor":7.0},{"not_picked":["Headbutt","Thunderclap","Heavy Blade"],"picked":"SKIP","floor":11.0},{"not_picked":["Sword Boomerang","Shrug It Off"],"picked":"Disarm","floor":12.0},{"not_picked":["Brutality","Bludgeon"],"picked":"Exhume","floor":16},{"not_picked":["Sever Soul","Headbutt+1","Sword Boomerang"],"picked":"SKIP","floor":18},{"not_picked":["Searing Blow","Flex"],"picked":"Evolve","floor":20},{"not_picked":["Warcry","Evolve"],"picked":"Twin Strike","floor":22}],"player_experience":314073,"relics_obtained":[{"floor":6.0,"key":"Mercury Hourglass"},{"floor":9.0,"key":"Ice Cream"}],"event_choices":[{"cards_removed":["Strike_R"],"damage_healed":0.0,"max_hp_gain":0.0,"max_hp_loss":0.0,"gold_gain":0.0,"event_name":"The Cleric","player_choice":"Card Removal","floor":3.0,"gold_loss":75.0,"damage_taken":0.0},{"damage_healed":0.0,"max_hp_gain":0.0,"max_hp_loss":0.0,"gold_gain":0.0,"event_name":"The Woman in Blue","player_choice":"Bought 1 Potion","floor":4.0,"gold_loss":0.0,"damage_taken":0.0},{"damage_healed":0.0,"max_hp_gain":0.0,"max_hp_loss":0.0,"gold_gain":0.0,"event_name":"Living Wall","player_choice":"Grow","floor":13.0,"gold_loss":0.0,"damage_taken":0.0,"cards_upgraded":["Disarm"]},{"damage_healed":0,"gold_gain":0,"player_choice":"Read","damage_taken":0,"max_hp_gain":0,"max_hp_loss":0,"event_name":"The Library","floor":19,"gold_loss":0,"cards_obtained":["Spot Weakness"]}],"is_beta":false,"boss_relics":[{"not_picked":["Black Blood","Fusion Hammer"],"picked":"Empty Cage"}],"items_purged_floors":[14],"is_endless":false,"potions_floor_spawned":[2,7,11,20],"killed_by":"Slavers","ascension_level":17}