{"gold_per_floor":[118,118,118,133,202,202,236,236,236,7,7,18,49,65,65,139,139,154,154,154,170,170,195,215,215,215,215,241,241,241,259,259,337,337,353,364,172,172,191,191,225,225,225,37,49,49,81,91,91,91],"floor_reached":51,"playtime":2395,"items_purged":["Pain","Shame"],"score":1371,"play_id":"22695597-acf9-475f-82c8-c08a280e70de","local_time":"20190412195945","is_ascension_mode":true,"campfire_choices":[{"floor":6.0,"key":"REST"},{"data":"Self Repair","floor":8.0,"key":"SMITH"},{"floor":11.0,"key":"REST"},{"data":"Defragment","floor":15.0,"key":"SMITH"},{"data":"Defragment","floor":25,"key":"SMITH"},{"floor":27,"key":"REST"},{"floor":29,"key":"REST"},{"floor":32,"key":"REST"},{"data":"Creative AI","floor":40,"key":"SMITH"},{"floor":42,"key":"REST"},{"floor":46,"key":"REST"},{"data":"Loop","floor":49,"key":"SMITH"}],"neow_cost":"NONE","seed_source_timestamp":178361884507689,"circlet_count":0,"master_deck":["AscendersBane","Strike_B+1","Defend_B+1","Defend_B+1","Defend_B+1","Defend_B+1","Zap+1","Dualcast+1","Conserve Battery","Coolheaded","Self Repair+1","Ball Lightning","Seek+1","Defragment+1","Buffer","BootSequence+1","Leap+1","Redo+1","Capacitor","Writhe","Defragment+1","Reinforced Body+1","Force Field+1","Coolheaded+1","Coolheaded+1","Fusion+1","Creative AI+1","Hologram+1","Conserve Battery+1","Barrage+1","Loop+1","Undo+1","Sunder+1","Buffer","Bandage Up+1","Seek+1","Coolheaded+1","Self Repair","Parasite","Chaos+1","Self Repair+1"],"special_seed":0,"relics":["Cracked Core","WarpedTongs","Toxic Egg 2","Anchor","Blue Candle","Happy Flower","Dream Catcher","Astrolabe","Dodecahedron","Bottled Lightning","Gremlin Horn","Bag of Marbles","Orrery","Centennial Puzzle","Meat on the Bone","Bag of Preparation","Bottled Tornado"],"potions_floor_usage":[28,31,33,36,36,45,47],"damage_taken":[{"damage":7.0,"enemies":"Jaw Worm","floor":1.0,"turns":3.0},{"damage":3.0,"enemies":"Small Slimes","floor":4.0,"turns":3.0},{"damage":48.0,"enemies":"Gremlin Nob","floor":7.0,"turns":6.0},{"damage":0.0,"enemies":"Cultist","floor":12.0,"turns":3.0},{"damage":3.0,"enemies":"Lagavulin","floor":13.0,"turns":6.0},{"damage":18.0,"enemies":"Exordium Thugs","floor":14.0,"turns":4.0},{"damage":20.0,"enemies":"Hexaghost","floor":16.0,"turns":9.0},{"damage":0.0,"enemies":"2 Thieves","floor":18.0,"turns":4.0},{"damage":0.0,"enemies":"Chosen","floor":21.0,"turns":6.0},{"damage":51.0,"enemies":"Book of Stabbing","floor":23.0,"turns":8.0},{"damage":16,"enemies":"Sentry and Sphere","floor":24,"turns":6},{"damage":38,"enemies":"Gremlin Leader","floor":28,"turns":10},{"damage":6,"enemies":"3 Cultists","floor":31,"turns":8},{"damage":28,"enemies":"Champ","floor":33,"turns":20},{"damage":0,"enemies":"3 Shapes","floor":35,"turns":10},{"damage":54,"enemies":"3 Darklings","floor":36,"turns":7},{"damage":4,"enemies":"Jaw Worm Horde","floor":39,"turns":7},{"damage":37,"enemies":"Nemesis","floor":41,"turns":11},{"damage":0,"enemies":"Writhing Mass","floor":45,"turns":8},{"damage":13,"enemies":"Giant Head","floor":47,"turns":10},{"damage":0,"enemies":"Maw","floor":48,"turns":10},{"damage":9,"enemies":"Time Eater","floor":50,"turns":18}],"seed_played":"-8152211540238878127","potions_obtained":[{"floor":12.0,"key":"Regen Potion"},{"floor":14.0,"key":"FocusPotion"},{"floor":16.0,"key":"SpeedPotion"},{"floor":23,"key":"Swift Potion"},{"floor":24,"key":"Weak Potion"},{"floor":28,"key":"Swift Potion"},{"floor":31,"key":"AttackPotion"},{"floor":33,"key":"AttackPotion"},{"floor":39,"key":"GamblersBrew"},{"floor":41,"key":"Swift Potion"},{"floor":47,"key":"Energy Potion"}],"is_trial":false,"path_per_floor":["M","?","?","M","T","R","E","R","T","$","R","M","E","M","R","B",null,"M","?","?","M","?","E","M","R","T","R","E","R","?","M","R","B",null,"M","M","$","?","M","R","E","R","T","$","M","R","E","M","R","B",null],"character_chosen":"DEFECT","items_purchased":["Happy Flower","Bandage Up+1","Bag of Preparation","Self Repair"],"campfire_rested":7,"item_purchase_floors":[10,37,44,44],"current_hp_per_floor":[57,36,36,33,33,54,6,6,6,6,27,37,59,51,51,41,64,71,71,71,71,71,30,24,24,24,45,17,38,18,22,44,26,64,74,30,30,30,42,42,21,43,43,43,66,76,76,76,76,76],"gold":91,"neow_bonus":"UPGRADE_CARD","is_prod":false,"is_daily":false,"chose_seed":false,"campfire_upgraded":5,"win_rate":0,"timestamp":1555113585,"path_taken":["M","?","?","?","?","R","E","R","T","$","R","M","E","?","R","BOSS","M","?","?","M","?","E","?","R","T","R","E","R","?","M","R","BOSS","M","M","$","?","M","R","E","R","T","$","M","R","E","M","R","BOSS"],"build_version":"2019-01-23","purchased_purges":2,"victory":true,"max_hp_per_floor":[71,71,71,71,71,71,71,71,71,71,71,71,71,71,71,71,71,71,71,71,71,71,71,71,71,71,71,71,71,76,76,76,76,76,76,76,76,76,76,76,76,76,76,76,76,76,76,76,76,76],"card_choices":[{"not_picked":["Stack","Go for the Eyes"],"picked":"Conserve Battery","floor":1.0},{"not_picked":["Streamline","Leap"],"picked":"Coolheaded","floor":4.0},{"not_picked":["Rebound","Coolheaded+1"],"picked":"Self Repair","floor":7.0},{"not_picked":["Hello World","Rebound"],"picked":"Ball Lightning","floor":12.0},{"not_picked":["Doom and Gloom","Conserve Battery+1"],"picked":"Seek+1","floor":13.0},{"not_picked":["Conserve Battery+1","Melter"],"picked":"Defragment","floor":14.0},{"not_picked":["Machine Learning","Reboot+1"],"picked":"Buffer","floor":16.0},{"not_picked":["Steam Power+1","Beam Cell"],"picked":"Capacitor","floor":18.0},{"not_picked":["Steam+1","Cold Snap"],"picked":"Defragment","floor":21.0},{"not_picked":["Steam+1","Gash"],"picked":"Reinforced Body+1","floor":23},{"not_picked":["Hologram+1","Ball Lightning"],"picked":"Force Field+1","floor":24},{"not_picked":["Steam+1","Scrape","Leap+1"],"picked":"SKIP","floor":28},{"not_picked":["Cold Snap","Stack+1"],"picked":"Coolheaded+1","floor":29},{"not_picked":["Cold Snap","Conserve Battery+1"],"picked":"Coolheaded+1","floor":31},{"not_picked":["Reboot+1","Beam Cell"],"picked":"Fusion+1","floor":32},{"not_picked":["Hyperbeam","Core Surge"],"picked":"Creative AI","floor":33},{"not_picked":["Conserve Battery+1","Melter"],"picked":"Hologram+1","floor":34},{"not_picked":["Turbo+1","Cold Snap"],"picked":"Conserve Battery+1","floor":34},{"not_picked":["Beam Cell+1","Redo+1"],"picked":"Barrage+1","floor":34},{"not_picked":["Melter","Double Energy+1"],"picked":"Loop","floor":34},{"not_picked":["Sweeping Beam","Streamline"],"picked":"Undo+1","floor":34},{"not_picked":["Cold Snap","Gash+1"],"picked":"Sunder+1","floor":35},{"not_picked":["Rebound","Beam Cell"],"picked":"Buffer","floor":36},{"not_picked":["Conserve Battery+1","Reprogram+1","Scrape"],"picked":"SKIP","floor":39},{"not_picked":["Melter","Steam+1"],"picked":"Coolheaded+1","floor":41},{"not_picked":["Streamline+1","Gash"],"picked":"Chaos+1","floor":45},{"not_picked":["Streamline+1","Turbo+1","Hyperbeam"],"picked":"SKIP","floor":47},{"not_picked":["Steam+1","Sweeping Beam"],"picked":"Self Repair+1","floor":48}],"player_experience":278452,"relics_obtained":[{"floor":5.0,"key":"Toxic Egg 2"},{"floor":7.0,"key":"Anchor"},{"floor":9.0,"key":"Blue Candle"},{"floor":13.0,"key":"Dream Catcher"},{"floor":23,"key":"Bottled Lightning"},{"floor":26,"key":"Gremlin Horn"},{"floor":28,"key":"Bag of Marbles"},{"floor":41,"key":"Centennial Puzzle"},{"floor":43,"key":"Meat on the Bone"},{"floor":47,"key":"Bottled Tornado"}],"event_choices":[{"damage_healed":0.0,"max_hp_gain":0.0,"max_hp_loss":0.0,"gold_gain":0.0,"event_name":"Shining Light","player_choice":"Entered Light","floor":2.0,"gold_loss":0.0,"damage_taken":21.0,"cards_upgraded":["Strike_B","Dualcast"]},{"damage_healed":0.0,"max_hp_gain":0.0,"max_hp_loss":0.0,"gold_gain":0.0,"event_name":"Accursed Blacksmith","player_choice":"Rummage","floor":3.0,"gold_loss":0.0,"damage_taken":0.0,"relics_obtained":["WarpedTongs"],"cards_obtained":["Pain"]},{"damage_healed":0.0,"max_hp_gain":0.0,"max_hp_loss":0.0,"gold_gain":0.0,"event_name":"The Mausoleum","player_choice":"Opened","floor":19.0,"gold_loss":0.0,"damage_taken":0.0,"relics_obtained":["Dodecahedron"],"cards_obtained":["Writhe"]},{"damage_healed":0.0,"max_hp_gain":0.0,"max_hp_loss":0.0,"gold_gain":0.0,"event_name":"Back to Basics","player_choice":"Simplicity","floor":20.0,"gold_loss":0.0,"damage_taken":0.0,"cards_upgraded":["Defend_B","Defend_B","Defend_B","Defend_B"]},{"damage_healed":0.0,"max_hp_gain":0.0,"max_hp_loss":0.0,"gold_gain":0.0,"event_name":"Match and Keep!","player_choice":"1 cards matched","floor":22.0,"gold_loss":0.0,"damage_taken":0.0,"cards_obtained":["Shame"]},{"damage_healed":0,"gold_gain":0,"player_choice":"Shed Blood","damage_taken":25,"max_hp_gain":5,"max_hp_loss":0,"event_name":"Forgotten Altar","floor":30,"gold_loss":0},{"damage_healed":0,"gold_gain":0,"player_choice":"Copied","damage_taken":0,"max_hp_gain":0,"max_hp_loss":0,"event_name":"Duplicator","floor":38,"gold_loss":0,"cards_obtained":["Seek"]}],"is_beta":false,"boss_relics":[{"not_picked":["Velvet Choker","Lizard Tail"],"picked":"Astrolabe"},{"not_picked":["Busted Crown","Runic Dome"],"picked":"Orrery"}],"items_purged_floors":[10,37],"is_endless":false,"potions_floor_spawned":[12,14,16,23,24,28,31,33,39,41,47],"ascension_level":15}