{"gold_per_floor":[112,112,125,135,155,155,190,190,270,302,321,321,321,321,321,321],"floor_reached":16,"playtime":370,"items_purged":[],"score":220,"play_id":"5dd43f2e-e33e-4b7e-b905-d7c00478bef9","local_time":"20190827172852","is_ascension_mode":true,"campfire_choices":[{"data":"Lockon","floor":6,"key":"SMITH"},{"floor":8,"key":"REST"},{"data":"Streamline","floor":15,"key":"SMITH"}],"neow_cost":"NONE","seed_source_timestamp":933547673116734,"circlet_count":0,"master_deck":["AscendersBane","Strike_B","Strike_B","Strike_B","Defend_B","Defend_B","Defend_B","Defend_B","Zap+1","Dualcast","Recycle","Lockon+1","Streamline+1","BootSequence","Cold Snap","Conserve Battery"],"relics":["Cracked Core","Calipers","Question Card","Bronze Scales"],"potions_floor_usage":[7,7,7,10,10],"damage_taken":[{"damage":18,"enemies":"Small Slimes","floor":1,"turns":3},{"damage":2,"enemies":"Cultist","floor":3,"turns":4},{"damage":1,"enemies":"2 Louse","floor":4,"turns":3},{"damage":9,"enemies":"Large Slime","floor":5,"turns":5},{"damage":30,"enemies":"3 Sentries","floor":7,"turns":5},{"damage":18,"enemies":"Gremlin Nob","floor":10,"turns":4},{"damage":0,"enemies":"3 Louse","floor":11,"turns":3},{"damage":26,"enemies":"The Guardian","floor":16,"turns":6}],"seed_played":"2343785288691579031","potions_obtained":[{"floor":1,"key":"SneckoOil"},{"floor":4,"key":"EntropicBrew"},{"floor":5,"key":"Explosive Potion"},{"floor":7,"key":"Block Potion"}],"is_trial":false,"path_per_floor":["M","?","M","M","M","R","E","R","T","E","M","?","?","?","R","B"],"character_chosen":"DEFECT","items_purchased":[],"campfire_rested":1,"item_purchase_floors":[],"current_hp_per_floor":[46,46,44,43,34,34,4,25,25,7,7,7,24,24,24,0],"gold":321,"neow_bonus":"UPGRADE_CARD","is_prod":false,"is_daily":false,"chose_seed":false,"campfire_upgraded":2,"win_rate":0,"timestamp":1566941332,"path_taken":["M","?","M","?","M","R","E","R","T","E","M","?","?","?","R","BOSS"],"build_version":"2019-07-17","purchased_purges":0,"victory":false,"max_hp_per_floor":[71,71,71,71,71,71,71,71,71,71,71,71,71,68,68,68],"card_choices":[{"not_picked":["Aggregate","Redo","Turbo"],"picked":"SKIP","floor":1},{"not_picked":["Steam Power","Force Field"],"picked":"Recycle","floor":3},{"not_picked":["Conserve Battery","Steam Power"],"picked":"Lockon","floor":4},{"not_picked":["Auto Shields","Go for the Eyes"],"picked":"Streamline","floor":5},{"not_picked":["Sunder","Sweeping Beam"],"picked":"BootSequence","floor":7},{"not_picked":["Sunder","Redo","Go for the Eyes"],"picked":"Cold Snap","floor":10},{"not_picked":["Amplify","Sweeping Beam","Capacitor"],"picked":"Conserve Battery","floor":11}],"player_experience":605897,"relics_obtained":[{"floor":7,"key":"Calipers"},{"floor":9,"key":"Question Card"},{"floor":10,"key":"Bronze Scales"}],"event_choices":[{"cards_removed":["Strike_B"],"damage_healed":0,"gold_gain":0,"player_choice":"Purged","damage_taken":0,"max_hp_gain":0,"max_hp_loss":0,"event_name":"Purifier","floor":2,"gold_loss":0},{"damage_healed":0,"gold_gain":0,"player_choice":"Ignored","damage_taken":0,"max_hp_gain":0,"max_hp_loss":0,"event_name":"Shining Light","floor":12,"gold_loss":0},{"damage_healed":17,"gold_gain":0,"player_choice":"Healed and dodged fight","damage_taken":0,"max_hp_gain":0,"max_hp_loss":0,"event_name":"Mushrooms","floor":13,"gold_loss":0,"cards_obtained":["Parasite"]},{"cards_removed":["Parasite"],"damage_healed":0,"gold_gain":0,"player_choice":"Card Removal","damage_taken":0,"max_hp_gain":0,"max_hp_loss":0,"event_name":"Wheel of Change","floor":14,"gold_loss":0}],"is_beta":false,"boss_relics":[],"items_purged_floors":[],"is_endless":false,"potions_floor_spawned":[1,4,5,7],"killed_by":"The Guardian","ascension_level":20}