{"gold_per_floor":[116,291,303,303,319,353,353,379,379,379,407,407,407,432,432,558,558,576,491,510,29,29],"floor_reached":22,"playtime":1585,"items_purged":[],"score":202,"play_id":"e1c87fb7-c4a0-418d-b6f6-5b743b4638a8","local_time":"20190828125432","is_ascension_mode":false,"campfire_choices":[{"floor":7.0,"key":"REST"},{"floor":10.0,"key":"REST"},{"floor":13.0,"key":"REST"},{"floor":15.0,"key":"REST"}],"neow_cost":"NONE","seed_source_timestamp":0,"circlet_count":0,"master_deck":["Strike_G","Strike_G","Defend_G","Defend_G","Defend_G","Defend_G","Defend_G","Survivor","Neutralize","Dodge and Roll","Doubt","Blade Dance","Accuracy","Dagger Throw","Dodge and Roll","Backflip","Night Terror","Catalyst+1","Dagger Spray+1","Leg Sweep+1","Cloak And Dagger","PiercingWail","Unload+1","Magnetism"],"special_seed":0,"relics":["Philosopher\u0027s Stone","Pen Nib","Dodecahedron","Vajra","Molten Egg 2","Bronze Scales","Golden Idol","Astrolabe","Ninja Scroll","Lantern"],"potions_floor_usage":[],"damage_taken":[{"damage":3.0,"enemies":"Small Slimes","floor":1.0,"turns":4.0},{"damage":3.0,"enemies":"2 Louse","floor":3.0,"turns":3.0},{"damage":0.0,"enemies":"Jaw Worm","floor":5.0,"turns":6.0},{"damage":39.0,"enemies":"3 Sentries","floor":6.0,"turns":11.0},{"damage":16.0,"enemies":"Gremlin Nob","floor":8.0,"turns":5.0},{"damage":26.0,"enemies":"Lagavulin","floor":11.0,"turns":7.0},{"damage":1.0,"enemies":"Looter","floor":14.0,"turns":2.0},{"damage":42.0,"enemies":"Slime Boss","floor":16.0,"turns":13.0},{"damage":17,"enemies":"2 Thieves","floor":18,"turns":5},{"damage":24,"enemies":"Spheric Guardian","floor":20,"turns":5}],"seed_played":"6067289847656330850","potions_obtained":[{"floor":5.0,"key":"Swift Potion"},{"floor":6.0,"key":"GhostInAJar"},{"floor":8.0,"key":"Strength Potion"},{"floor":11.0,"key":"EssenceOfSteel"},{"floor":18,"key":"SpeedPotion"}],"is_trial":false,"path_per_floor":["M","?","M","?","M","E","R","E","T","R","E","?","R","M","R","B",null,"M","?","M","$","?"],"character_chosen":"THE_SILENT","items_purchased":["Lantern","Unload+1","Magnetism"],"campfire_rested":4,"item_purchase_floors":[21,21,21],"current_hp_per_floor":[67,67,64,57,57,18,39,23,23,44,18,18,37,36,55,13,65,48,48,24,24,24],"gold":29,"neow_bonus":"BOSS_RELIC","is_prod":false,"is_daily":false,"chose_seed":false,"campfire_upgraded":0,"win_rate":0,"timestamp":1566989672,"path_taken":["M","?","M","?","M","E","R","E","T","R","E","?","R","M","R","BOSS","M","?","M","$","?"],"build_version":"2019-06-28","purchased_purges":0,"victory":false,"max_hp_per_floor":[70,70,70,70,70,70,70,70,70,70,70,65,65,65,65,65,65,65,65,65,65,65],"card_choices":[{"not_picked":["Deflect","Endless Agony"],"picked":"Dodge and Roll","floor":1.0},{"not_picked":["Well Laid Plans","PiercingWail"],"picked":"Blade Dance","floor":3.0},{"not_picked":["Slice","Flechettes"],"picked":"Accuracy","floor":5.0},{"not_picked":["Escape Plan","Glass Knife","Flechettes"],"picked":"SKIP","floor":6.0},{"not_picked":["Skewer","Deadly Poison"],"picked":"Dagger Throw","floor":8.0},{"not_picked":["Bane+1","Dagger Spray+1"],"picked":"Dodge and Roll","floor":11.0},{"not_picked":["Noxious Fumes","Acrobatics"],"picked":"Backflip","floor":14.0},{"not_picked":["Burst","Adrenaline"],"picked":"Night Terror","floor":16.0},{"not_picked":["Caltrops","Outmaneuver+1"],"picked":"Cloak And Dagger","floor":18},{"not_picked":["Underhanded Strike+1","Sucker Punch+1"],"picked":"PiercingWail","floor":20}],"player_experience":127039,"relics_obtained":[{"floor":6.0,"key":"Dodecahedron"},{"floor":8.0,"key":"Vajra"},{"floor":9.0,"key":"Molten Egg 2"},{"floor":11.0,"key":"Bronze Scales"}],"event_choices":[{"damage_healed":0.0,"max_hp_gain":0.0,"max_hp_loss":0.0,"gold_gain":175.0,"event_name":"Liars Game","player_choice":"AGREE","floor":2.0,"gold_loss":0.0,"damage_taken":0.0,"cards_obtained":["Doubt"]},{"damage_healed":0.0,"max_hp_gain":0.0,"max_hp_loss":0.0,"gold_gain":0.0,"event_name":"Scrap Ooze","player_choice":"Success","floor":4.0,"gold_loss":0.0,"damage_taken":7.0,"relics_obtained":["Pen Nib"]},{"damage_healed":0.0,"max_hp_gain":0.0,"max_hp_loss":5.0,"gold_gain":0.0,"event_name":"Golden Idol","player_choice":"Lose Max HP","floor":12.0,"gold_loss":0.0,"damage_taken":0.0,"relics_obtained":["Golden Idol"]},{"damage_healed":0,"gold_gain":0,"player_choice":"Obtained Relic","damage_taken":0,"relics_obtained":["Ninja Scroll"],"max_hp_gain":0,"max_hp_loss":0,"event_name":"Addict","floor":19,"gold_loss":85}],"is_beta":true,"boss_relics":[{"not_picked":["Coffee Dripper","Cursed Key"],"picked":"Astrolabe"}],"items_purged_floors":[],"is_endless":false,"potions_floor_spawned":[5,6,8,11,18],"ascension_level":0}