{"gold_per_floor":[115,40,40,50,61,88,108,108,179,194,194,206,239,239,239,318,318,331,349,349,274,274,301,311,311,311,322,322,36,56,81,81,81],"floor_reached":33,"playtime":1277,"items_purged":["Brutality+1"],"score":574,"play_id":"dcac014b-64a7-45d4-b95a-e38b22db8660","local_time":"20190501162021","is_ascension_mode":true,"campfire_choices":[{"data":"Fiend Fire","floor":8.0,"key":"SMITH"},{"data":"Brutality","floor":11.0,"key":"SMITH"},{"data":"Double Tap","floor":15.0,"key":"SMITH"},{"floor":25,"key":"REST"},{"data":"Flex","floor":32,"key":"SMITH"}],"neow_cost":"PERCENT_DAMAGE","seed_source_timestamp":1808008765383595,"circlet_count":0,"master_deck":["AscendersBane","Defend_R","Defend_R+1","Defend_R","Defend_R+1","Bash","Sword Boomerang","Headbutt","Disarm","Fiend Fire+1","Flex+1","Shrug It Off","Disarm","Double Tap+1","Feed","Clothesline","Pommel Strike+1","Heavy Blade","Bite","Bite","Bite","Bite","Bite"],"special_seed":0,"relics":["Burning Blood","Mango","War Paint","Self Forming Clay","Oddly Smooth Stone","Snecko Eye","Vajra","Pantograph","Molten Egg 2","Darkstone Periapt"],"potions_floor_usage":[30,31,33],"damage_taken":[{"damage":12.0,"enemies":"Jaw Worm","floor":1.0,"turns":7.0},{"damage":4.0,"enemies":"Small Slimes","floor":4.0,"turns":4.0},{"damage":2.0,"enemies":"2 Louse","floor":5.0,"turns":3.0},{"damage":24.0,"enemies":"Gremlin Nob","floor":6.0,"turns":4.0},{"damage":3.0,"enemies":"2 Fungi Beasts","floor":7.0,"turns":3.0},{"damage":0.0,"enemies":"Looter","floor":10.0,"turns":1.0},{"damage":25.0,"enemies":"Exordium Thugs","floor":12.0,"turns":7.0},{"damage":16.0,"enemies":"3 Sentries","floor":13.0,"turns":5.0},{"damage":28.0,"enemies":"Slime Boss","floor":16.0,"turns":12.0},{"damage":4.0,"enemies":"3 Byrds","floor":18.0,"turns":6.0},{"damage":15.0,"enemies":"Shell Parasite","floor":19.0,"turns":4.0},{"damage":21.0,"enemies":"Colosseum Slavers","floor":22.0,"turns":4.0},{"damage":43,"enemies":"Slavers","floor":23,"turns":9},{"damage":0,"enemies":"Snecko","floor":24,"turns":3},{"damage":36,"enemies":"Shelled Parasite and Fungi","floor":27,"turns":8},{"damage":6,"enemies":"Cultist and Chosen","floor":30,"turns":4},{"damage":10,"enemies":"Book of Stabbing","floor":31,"turns":5},{"damage":108,"enemies":"Champ","floor":33,"turns":12}],"seed_played":"5229934134497844914","potions_obtained":[{"floor":1.0,"key":"Strength Potion"},{"floor":6.0,"key":"SkillPotion"},{"floor":12.0,"key":"Explosive Potion"},{"floor":23,"key":"Explosive Potion"},{"floor":30,"key":"Block Potion"},{"floor":31,"key":"Swift Potion"}],"is_trial":false,"path_per_floor":["M","?","?","M","M","E","M","R","T","M","R","M","E","?","R","B",null,"M","M","?","$","?","E","M","R","T","M","?","$","M","E","R","B"],"character_chosen":"IRONCLAD","items_purchased":["Molten Egg 2"],"campfire_rested":1,"item_purchase_floors":[29],"current_hp_per_floor":[44,44,47,49,53,35,38,38,38,44,44,25,15,44,44,22,72,77,71,71,71,59,22,28,57,57,30,30,30,40,40,40,0],"gold":81,"neow_bonus":"THREE_RARE_CARDS","is_prod":false,"is_daily":false,"chose_seed":false,"campfire_upgraded":4,"win_rate":0,"timestamp":1556742021,"path_taken":["M","?","?","M","M","E","M","R","T","M","R","M","E","?","R","BOSS","M","M","?","$","?","E","M","R","T","M","?","$","M","E","R","BOSS"],"build_version":"2019-01-23","purchased_purges":1,"victory":false,"max_hp_per_floor":[75,75,89,89,89,89,89,89,89,89,89,89,89,89,89,89,89,92,95,95,95,98,98,98,98,98,101,70,70,70,70,70,70],"card_choices":[{"not_picked":["Berserk","Dark Embrace"],"picked":"Brutality","floor":0.0},{"not_picked":["Power Through","Second Wind"],"picked":"Sword Boomerang","floor":1.0},{"not_picked":["Sword Boomerang","Dual Wield"],"picked":"Headbutt","floor":4.0},{"not_picked":["Twin Strike","Anger"],"picked":"Disarm","floor":5.0},{"not_picked":["Disarm","Havoc"],"picked":"Fiend Fire","floor":6.0},{"not_picked":["Blood for Blood","Headbutt"],"picked":"Flex","floor":7.0},{"not_picked":["Corruption","Pommel Strike"],"picked":"Shrug It Off","floor":10.0},{"not_picked":["Blood for Blood","Anger"],"picked":"Disarm","floor":12.0},{"not_picked":["Cleave","Dual Wield"],"picked":"Double Tap","floor":13.0},{"not_picked":["Barricade","Demon Form"],"picked":"Feed","floor":16.0},{"not_picked":["Headbutt","Body Slam","Clash"],"picked":"SKIP","floor":18.0},{"not_picked":["True Grit","Armaments"],"picked":"Clothesline","floor":19.0},{"not_picked":["Warcry","Havoc","Double Tap"],"picked":"SKIP","floor":23},{"not_picked":["Twin Strike","Flex"],"picked":"Pommel Strike+1","floor":24},{"not_picked":["Reckless Charge","Fire Breathing"],"picked":"Heavy Blade","floor":27},{"not_picked":["Combust","Cleave+1","True Grit"],"picked":"SKIP","floor":30},{"not_picked":["Thunderclap+1","True Grit","Perfected Strike+1"],"picked":"SKIP","floor":31}],"player_experience":316706,"relics_obtained":[{"floor":6.0,"key":"War Paint"},{"floor":9.0,"key":"Self Forming Clay"},{"floor":13.0,"key":"Oddly Smooth Stone"},{"floor":23,"key":"Vajra"},{"floor":26,"key":"Pantograph"},{"floor":31,"key":"Darkstone Periapt"}],"event_choices":[{"cards_removed":["Strike_R"],"damage_healed":0.0,"max_hp_gain":0.0,"max_hp_loss":0.0,"gold_gain":0.0,"event_name":"The Cleric","player_choice":"Card Removal","floor":2.0,"gold_loss":75.0,"damage_taken":0.0},{"damage_healed":0.0,"max_hp_gain":0.0,"max_hp_loss":0.0,"gold_gain":0.0,"event_name":"Scrap Ooze","player_choice":"Success","floor":3.0,"gold_loss":0.0,"damage_taken":11.0,"relics_obtained":["Mango"]},{"damage_healed":29.0,"max_hp_gain":0.0,"max_hp_loss":0.0,"gold_gain":0.0,"event_name":"Big Fish","player_choice":"Banana","floor":14.0,"gold_loss":0.0,"damage_taken":0.0},{"damage_healed":0.0,"max_hp_gain":0.0,"max_hp_loss":0.0,"gold_gain":0.0,"event_name":"Ghosts","player_choice":"Ignored","floor":20.0,"gold_loss":0.0,"damage_taken":0.0},{"damage_healed":0.0,"max_hp_gain":0.0,"max_hp_loss":0.0,"gold_gain":0.0,"event_name":"Colosseum","player_choice":"Fight","floor":22.0,"gold_loss":0.0,"damage_taken":0.0},{"damage_healed":0.0,"max_hp_gain":0.0,"max_hp_loss":0.0,"gold_gain":0.0,"event_name":"Colosseum","player_choice":"Fled From Nobs","floor":22.0,"gold_loss":0.0,"damage_taken":0.0},{"damage_healed":0,"gold_gain":0,"player_choice":"Became a vampire","damage_taken":0,"max_hp_gain":0,"max_hp_loss":31,"event_name":"Vampires","floor":28,"gold_loss":0,"cards_obtained":["Bite","Bite","Bite","Bite","Bite"]}],"is_beta":false,"boss_relics":[{"not_picked":["Coffee Dripper","Calling Bell"],"picked":"Snecko Eye"}],"items_purged_floors":[21],"is_endless":false,"potions_floor_spawned":[1,6,12,22,23,30,31],"killed_by":"Champ","ascension_level":17}