{"gold_per_floor":[117,131,131,32,32,32,42,67,94,94,108,177,189,209,209,311,311,327,360,360,377,392,392,427,427,427,452,469,469],"floor_reached":29,"playtime":1297,"items_purged":["Strike_R"],"score":329,"play_id":"0ef418a6-73fe-447a-a9c5-5e299eda0380","local_time":"20190821221118","is_ascension_mode":true,"campfire_choices":[{"data":"Entrench","floor":6,"key":"SMITH"},{"data":"Juggernaut","floor":10,"key":"SMITH"},{"floor":15,"key":"REST"},{"data":"Spot Weakness","floor":23,"key":"SMITH"},{"data":"Feel No Pain","floor":25,"key":"SMITH"}],"neow_cost":"NONE","seed_source_timestamp":14543112140022,"circlet_count":0,"master_deck":["Strike_R+1","Strike_R","Strike_R","Strike_R","Defend_R+1","Defend_R","Defend_R","Defend_R","Bash","Havoc+1","Entrench+1","Headbutt","Feel No Pain+1","Juggernaut+1","Spot Weakness+1","Armaments+1","Headbutt","Body Slam+1","Clothesline+1","Impervious","Flex","Pummel+1","Sword Boomerang+1","Second Wind","Injury","Whirlwind+1","Pommel Strike+1"],"relics":["Burning Blood","NeowsBlessing","Potion Belt","War Paint","Molten Egg 2","Odd Mushroom","Cursed Key","Red Mask","Ancient Tea Set","Bottled Lightning","Pen Nib"],"potions_floor_usage":[14,16,19,19,24,27],"damage_taken":[{"damage":0,"enemies":"Small Slimes","floor":1,"turns":1},{"damage":0,"enemies":"Jaw Worm","floor":2,"turns":1},{"damage":0,"enemies":"Cultist","floor":7,"turns":1},{"damage":30,"enemies":"3 Sentries","floor":8,"turns":8},{"damage":2,"enemies":"Exordium Wildlife","floor":11,"turns":3},{"damage":17,"enemies":"3 Louse","floor":13,"turns":3},{"damage":14,"enemies":"The Mushroom Lair","floor":14,"turns":4},{"damage":18,"enemies":"Slime Boss","floor":16,"turns":8},{"damage":11,"enemies":"Spheric Guardian","floor":18,"turns":3},{"damage":16,"enemies":"Masked Bandits","floor":19,"turns":5},{"damage":0,"enemies":"3 Byrds","floor":21,"turns":4},{"damage":20,"enemies":"Centurion and Healer","floor":22,"turns":7},{"damage":17,"enemies":"Slavers","floor":24,"turns":3},{"damage":43,"enemies":"Book of Stabbing","floor":27,"turns":5},{"damage":26,"enemies":"Shelled Parasite and Fungi","floor":28,"turns":5},{"damage":21,"enemies":"Snecko","floor":29,"turns":3}],"seed_played":"-1309975883669290663","potions_obtained":[{"floor":1,"key":"Strength Potion"},{"floor":2,"key":"PowerPotion"},{"floor":13,"key":"Explosive Potion"},{"floor":14,"key":"Energy Potion"},{"floor":21,"key":"AttackPotion"},{"floor":24,"key":"BloodPotion"},{"floor":27,"key":"SpeedPotion"}],"is_trial":false,"path_per_floor":["M","M","?","$","?","R","M","E","T","R","M","T","M","?","R","B",null,"M","?","?","M","M","R","E","R","T","E","M","M"],"character_chosen":"IRONCLAD","items_purchased":["Headbutt"],"campfire_rested":1,"item_purchase_floors":[4],"current_hp_per_floor":[80,80,64,64,64,64,70,46,46,46,50,50,39,31,55,43,71,66,56,80,80,66,66,55,55,55,38,18,0],"gold":469,"neow_bonus":"THREE_ENEMY_KILL","is_prod":false,"is_daily":false,"chose_seed":false,"campfire_upgraded":4,"win_rate":0,"timestamp":1566393078,"path_taken":["M","M","?","$","?","R","M","E","T","R","?","?","M","?","R","BOSS","M","?","?","M","?","R","E","R","T","E","M","M"],"build_version":"2019-07-17","purchased_purges":1,"victory":false,"max_hp_per_floor":[80,80,80,80,80,80,80,80,80,80,80,80,80,80,80,80,80,80,80,80,80,80,80,80,80,80,80,80,80],"card_choices":[{"not_picked":["Shockwave","Dual Wield"],"picked":"Havoc","floor":1},{"not_picked":["Flame Barrier","Pommel Strike"],"picked":"Entrench","floor":2},{"not_picked":["Iron Wave","Headbutt"],"picked":"Spot Weakness","floor":7},{"not_picked":["Infernal Blade","Clothesline"],"picked":"Armaments","floor":8},{"not_picked":["Dropkick","Armaments"],"picked":"Headbutt","floor":11},{"not_picked":["Dual Wield","Shrug It Off"],"picked":"Body Slam+1","floor":13},{"not_picked":["Infernal Blade","Sword Boomerang+1"],"picked":"Clothesline+1","floor":14},{"not_picked":["Double Tap","Berserk"],"picked":"Impervious","floor":16},{"not_picked":["Blood for Blood+1","True Grit"],"picked":"Flex","floor":18},{"not_picked":["Havoc","Clash+1"],"picked":"Pummel+1","floor":19},{"not_picked":["Thunderclap+1","Dual Wield"],"picked":"Sword Boomerang+1","floor":21},{"not_picked":["Clothesline+1","Headbutt+1"],"picked":"Second Wind","floor":22},{"not_picked":["Havoc","Flex","Searing Blow+1"],"picked":"SKIP","floor":24},{"not_picked":["Brutality","Spot Weakness"],"picked":"Whirlwind+1","floor":27},{"not_picked":["Wild Strike+1","Sword Boomerang+1"],"picked":"Pommel Strike+1","floor":28}],"player_experience":212907,"relics_obtained":[{"floor":8,"key":"Potion Belt"},{"floor":9,"key":"War Paint"},{"floor":12,"key":"Molten Egg 2"},{"floor":14,"key":"Odd Mushroom"},{"floor":19,"key":"Red Mask"},{"floor":24,"key":"Ancient Tea Set"},{"floor":26,"key":"Bottled Lightning"},{"floor":27,"key":"Pen Nib"}],"event_choices":[{"damage_healed":0,"gold_gain":0,"player_choice":"Entered Light","damage_taken":16,"max_hp_gain":0,"max_hp_loss":0,"event_name":"Shining Light","floor":3,"gold_loss":0,"cards_upgraded":["Defend_R","Strike_R"]},{"damage_healed":0,"gold_gain":0,"player_choice":"2 cards matched","damage_taken":0,"max_hp_gain":0,"max_hp_loss":0,"event_name":"Match and Keep!","floor":5,"gold_loss":0,"cards_obtained":["Feel No Pain","Juggernaut"]},{"damage_healed":0,"gold_gain":0,"player_choice":"Fought Mushrooms","damage_taken":0,"max_hp_gain":0,"max_hp_loss":0,"event_name":"Mushrooms","floor":14,"gold_loss":0},{"damage_healed":0,"gold_gain":0,"player_choice":"Fought Bandits","damage_taken":0,"max_hp_gain":0,"max_hp_loss":0,"event_name":"Masked Bandits","floor":19,"gold_loss":0},{"damage_healed":24,"gold_gain":0,"player_choice":"Full Heal","damage_taken":0,"max_hp_gain":0,"max_hp_loss":0,"event_name":"Wheel of Change","floor":20,"gold_loss":0}],"is_beta":false,"boss_relics":[{"not_picked":["White Beast Statue","Runic Cube"],"picked":"Cursed Key"}],"items_purged_floors":[4],"is_endless":false,"potions_floor_spawned":[1,2,13,14,21,24,27],"killed_by":"Snecko","ascension_level":5}