{"gold_per_floor":[117,127,146,146,166,195,50,109,109,134,134,134,134,151,151,253,253,265,265,265,285,298,298,397,417,417,443,443,468,24,44,44,149,149,160,160,160,15,15,45,55,55,137,55,70,70,89,118,118,118],"floor_reached":51,"playtime":2968,"items_purged":[],"score":973,"play_id":"3833bb71-a4c4-4f30-9107-73cd74d81b3d","local_time":"20190208105706","is_ascension_mode":true,"campfire_choices":[{"data":"Perfected Strike","floor":11,"key":"SMITH"},{"data":"Perfected Strike","floor":13,"key":"SMITH"},{"data":"Bash","floor":15,"key":"SMITH"},{"data":"Demon Form","floor":23,"key":"SMITH"},{"floor":32,"key":"REST"},{"data":"Feel No Pain","floor":42,"key":"SMITH"},{"data":"Intimidate","floor":46,"key":"SMITH"},{"data":"Sentinel","floor":49,"key":"SMITH"}],"neow_cost":"PERCENT_DAMAGE","seed_source_timestamp":155407715067205,"circlet_count":0,"master_deck":["Strike_R","Strike_R","Defend_R","Defend_R","Defend_R","Defend_R","Bash+1","Perfected Strike+1","Feel No Pain+1","Shrug It Off","Perfected Strike+1","Wild Strike","Twin Strike","Rage","Parasite","Battle Trance","Double Tap","Ghostly Armor","Demon Form+1","Intimidate+1","Sword Boomerang+1","Armaments","Limit Break","Dual Wield","Corruption","Shrug It Off","Panacea","Havoc+1","Limit Break","Corruption","Enlightenment","True Grit","Warcry+1","Sentinel+1","Havoc+1"],"relics":["Burning Blood","Darkstone Periapt","Happy Flower","Question Card","Paper Frog","Philosopher\u0027s Stone","Dead Branch","Champion Belt","Bronze Scales","Bottled Lightning","Snecko Eye","Bag of Marbles","Meat on the Bone","Singing Bowl","Potion Belt"],"potions_floor_usage":[16,27,27,29,29,31,50,50],"damage_taken":[{"damage":9,"enemies":"Jaw Worm","floor":1,"turns":4},{"damage":0,"enemies":"Small Slimes","floor":2,"turns":3},{"damage":6,"enemies":"Cultist","floor":3,"turns":3},{"damage":14,"enemies":"Looter","floor":5,"turns":3},{"damage":35,"enemies":"Lagavulin","floor":6,"turns":6},{"damage":28,"enemies":"Gremlin Nob","floor":10,"turns":4},{"damage":0,"enemies":"Blue Slaver","floor":14,"turns":3},{"damage":22,"enemies":"Hexaghost","floor":16,"turns":6},{"damage":5,"enemies":"2 Thieves","floor":18,"turns":3},{"damage":8,"enemies":"Spheric Guardian","floor":21,"turns":5},{"damage":13,"enemies":"Chosen and Byrds","floor":22,"turns":6},{"damage":31,"enemies":"Shelled Parasite and Fungi","floor":25,"turns":5},{"damage":32,"enemies":"Gremlin Leader","floor":27,"turns":7},{"damage":17,"enemies":"Slavers","floor":29,"turns":3},{"damage":1,"enemies":"Snake Plant","floor":31,"turns":2},{"damage":10,"enemies":"Champ","floor":33,"turns":9},{"damage":21,"enemies":"3 Darklings","floor":35,"turns":3},{"damage":0,"enemies":"Giant Head","floor":40,"turns":2},{"damage":14,"enemies":"Orb Walker","floor":41,"turns":3},{"damage":0,"enemies":"3 Darklings","floor":45,"turns":4},{"damage":0,"enemies":"Spire Growth","floor":47,"turns":3},{"damage":1,"enemies":"Reptomancer","floor":48,"turns":3},{"damage":77,"enemies":"Time Eater","floor":50,"turns":9}],"seed_played":"-8017218563498826963","potions_obtained":[{"floor":6,"key":"Energy Potion"},{"floor":10,"key":"Block Potion"},{"floor":21,"key":"SteroidPotion"},{"floor":22,"key":"LiquidBronze"},{"floor":27,"key":"Strength Potion"},{"floor":29,"key":"Block Potion"},{"floor":47,"key":"SteroidPotion"},{"floor":48,"key":"BloodPotion"}],"is_trial":false,"path_per_floor":["M","M","M","?","M","E","$","?","T","E","R","?","R","M","R","B",null,"M","$","?","M","M","R","?","M","T","E","$","E","$","M","R","B",null,"M","?","?","$","?","E","M","R","T","$","M","R","M","E","R","B",null],"character_chosen":"IRONCLAD","items_purchased":["Happy Flower","Corruption","Shrug It Off","Panacea","Bottled Lightning","Bag of Marbles","Sentinel"],"campfire_rested":1,"item_purchase_floors":[7,30,30,30,30,38,44],"current_hp_per_floor":[53,59,59,80,72,43,43,43,43,21,21,47,47,53,53,37,86,86,86,86,84,77,77,77,52,52,26,26,15,15,20,45,41,86,71,71,71,71,71,77,69,69,69,69,77,77,83,90,90,40],"gold":118,"neow_bonus":"TRANSFORM_TWO_CARDS","is_prod":false,"is_daily":false,"chose_seed":false,"campfire_upgraded":7,"win_rate":0,"timestamp":1549641426,"path_taken":["M","M","M","?","M","E","$","?","T","E","R","?","R","M","R","BOSS","M","$","?","?","M","R","?","M","T","E","$","E","$","M","R","BOSS","M","?","?","$","?","E","M","R","T","$","M","R","M","E","R","BOSS"],"build_version":"2019-01-23","purchased_purges":0,"victory":true,"max_hp_per_floor":[80,80,80,80,80,80,80,80,80,80,80,86,86,86,86,86,86,86,86,86,86,86,86,86,86,86,86,86,86,86,86,86,86,86,86,86,86,86,86,86,86,86,86,86,88,88,88,90,90,90],"card_choices":[{"not_picked":["Flex","True Grit"],"picked":"Shrug It Off","floor":1},{"not_picked":["Anger","Headbutt"],"picked":"Perfected Strike","floor":2},{"not_picked":["Clash","Iron Wave","Hemokinesis"],"picked":"SKIP","floor":3},{"not_picked":["Body Slam","Sword Boomerang"],"picked":"Wild Strike","floor":5},{"not_picked":["Shrug It Off","Heavy Blade"],"picked":"Twin Strike","floor":6},{"not_picked":["Wild Strike","Power Through","Searing Blow"],"picked":"Rage","floor":10},{"not_picked":["Shockwave","Sentinel","Armaments"],"picked":"Battle Trance","floor":14},{"not_picked":["Fiend Fire","Impervious","Offering"],"picked":"Double Tap","floor":16},{"not_picked":["Dropkick","True Grit","Pommel Strike"],"picked":"Ghostly Armor","floor":18},{"not_picked":["Clothesline","Inflame","Perfected Strike"],"picked":"Intimidate","floor":21},{"not_picked":["Clash","Wild Strike","Brutality"],"picked":"Sword Boomerang+1","floor":22},{"not_picked":["Iron Wave","Shrug It Off","Clash"],"picked":"Armaments","floor":25},{"not_picked":["Armaments","Headbutt","Perfected Strike"],"picked":"Limit Break","floor":27},{"not_picked":["Havoc","Second Wind","Anger"],"picked":"Dual Wield","floor":29},{"not_picked":["Clothesline","Rage","Cleave"],"picked":"Havoc+1","floor":31},{"not_picked":["Impervious","Exhume","Fiend Fire"],"picked":"Limit Break","floor":33},{"not_picked":["Shrug It Off","Iron Wave+1","Battle Trance+1"],"picked":"Corruption","floor":35},{"not_picked":["Dramatic Entrance","PanicButton","Panacea"],"picked":"Enlightenment","floor":36},{"not_picked":["Twin Strike+1","Armaments","Iron Wave"],"picked":"True Grit","floor":40},{"not_picked":["Dual Wield","Combust","Flex"],"picked":"Warcry+1","floor":41},{"not_picked":["Whirlwind","True Grit+1","Dual Wield+1","Wild Strike+1"],"picked":"Singing Bowl","floor":45},{"not_picked":["Cleave+1","Whirlwind","Carnage+1"],"picked":"Havoc+1","floor":47},{"not_picked":["Burning Pact+1","Body Slam","Dual Wield","Shrug It Off"],"picked":"Singing Bowl","floor":48}],"player_experience":41620,"relics_obtained":[{"floor":6,"key":"Darkstone Periapt"},{"floor":9,"key":"Question Card"},{"floor":10,"key":"Paper Frog"},{"floor":26,"key":"Dead Branch"},{"floor":27,"key":"Champion Belt"},{"floor":29,"key":"Bronze Scales"},{"floor":40,"key":"Meat on the Bone"},{"floor":43,"key":"Singing Bowl"},{"floor":48,"key":"Potion Belt"}],"event_choices":[{"damage_healed":26,"gold_gain":0,"player_choice":"Banana","damage_taken":0,"max_hp_gain":0,"max_hp_loss":0,"event_name":"Big Fish","floor":4,"gold_loss":0},{"damage_healed":0,"gold_gain":59,"player_choice":"Gained Gold","damage_taken":0,"max_hp_gain":0,"max_hp_loss":0,"event_name":"Golden Wing","floor":8,"gold_loss":0},{"damage_healed":20,"gold_gain":0,"player_choice":"Healed and dodged fight","damage_taken":0,"max_hp_gain":0,"max_hp_loss":0,"event_name":"Mushrooms","floor":12,"gold_loss":0,"cards_obtained":["Parasite"]},{"damage_healed":0,"gold_gain":0,"player_choice":"1 cards matched","damage_taken":0,"max_hp_gain":0,"max_hp_loss":0,"event_name":"Match and Keep!","floor":20,"gold_loss":0,"cards_obtained":["Demon Form"]},{"damage_healed":0,"gold_gain":99,"player_choice":"Stole From Cult","damage_taken":0,"max_hp_gain":0,"max_hp_loss":0,"event_name":"Nest","floor":24,"gold_loss":0},{"damage_healed":0,"gold_gain":0,"player_choice":"Memory 1","damage_taken":0,"max_hp_gain":0,"max_hp_loss":0,"event_name":"SensoryStone","floor":36,"gold_loss":0},{"damage_healed":0,"gold_gain":0,"player_choice":"Ignored","damage_taken":0,"max_hp_gain":0,"max_hp_loss":0,"event_name":"Mysterious Sphere","floor":37,"gold_loss":0},{"cards_removed":["Strike_R"],"damage_healed":0,"gold_gain":0,"player_choice":"Removed Attack","damage_taken":0,"max_hp_gain":0,"max_hp_loss":0,"event_name":"Falling","floor":39,"gold_loss":0}],"is_beta":false,"boss_relics":[{"not_picked":["Ectoplasm","Astrolabe"],"picked":"Philosopher\u0027s Stone"},{"not_picked":["Cursed Key","Orrery"],"picked":"Snecko Eye"}],"items_purged_floors":[],"is_endless":false,"potions_floor_spawned":[6,10,21,22,27,29,47,48],"ascension_level":3}