{"gold_per_floor":[119,99,110,123,135,135,155,155,179,208,147,157,7,7,7,109,109,121,134,134,2,2,2,16,16,39,58,77,77,77,77,77,179,179,196,196,15,31,48,48,148,4,27,46,46],"floor_reached":45,"playtime":1509,"items_purged":["Strike_B","Strike_B"],"score":585,"play_id":"f0ecbfd0-0905-4ef6-8621-6b3548507ecb","local_time":"20190220173859","is_ascension_mode":true,"campfire_choices":[{"data":"Zap","floor":6,"key":"SMITH"},{"data":"Hologram","floor":8,"key":"SMITH"},{"floor":15,"key":"REST"},{"data":"Defragment","floor":23,"key":"SMITH"},{"data":"Recycle","floor":25,"key":"SMITH"},{"data":"Biased Cognition","floor":29,"key":"SMITH"},{"floor":32,"key":"REST"},{"floor":40,"key":"REST"}],"neow_cost":"NONE","seed_source_timestamp":133839423342046,"circlet_count":0,"master_deck":["Strike_B","Defend_B","Defend_B","Defend_B","Defend_B","Zap+1","Dualcast","Coolheaded","Hologram+1","Genetic Algorithm","Capacitor","Streamline","BootSequence","Glacier","Gash","Biased Cognition+1","Defragment+1","Capacitor","Gash","Recycle+1","Go for the Eyes","Barrage+1","Seek","Double Energy+1","Capacitor+1","BootSequence+1","Parasite","Fusion+1","Blizzard+1"],"relics":["Cracked Core","Smiling Mask","PreservedInsect","Bag of Preparation","Runic Pyramid","FaceOfCleric","Centennial Puzzle","Frozen Egg 2","Philosopher\u0027s Stone","Nunchaku","DataDisk","Omamori"],"potions_floor_usage":[10,12,16,19,19,33,33,33,44],"damage_taken":[{"damage":0,"enemies":"2 Louse","floor":1,"turns":2},{"damage":1,"enemies":"Cultist","floor":3,"turns":3},{"damage":6,"enemies":"Jaw Worm","floor":4,"turns":4},{"damage":3,"enemies":"2 Fungi Beasts","floor":5,"turns":3},{"damage":11,"enemies":"Exordium Thugs","floor":7,"turns":4},{"damage":26,"enemies":"3 Sentries","floor":10,"turns":7},{"damage":6,"enemies":"Lots of Slimes","floor":12,"turns":3},{"damage":7,"enemies":"Slime Boss","floor":16,"turns":13},{"damage":3,"enemies":"Shell Parasite","floor":18,"turns":7},{"damage":9,"enemies":"3 Byrds","floor":19,"turns":4},{"damage":13,"enemies":"Sentry and Sphere","floor":24,"turns":6},{"damage":0,"enemies":"Snecko","floor":27,"turns":6},{"damage":9,"enemies":"Snake Plant","floor":28,"turns":5},{"damage":14,"enemies":"Collector","floor":33,"turns":12},{"damage":15,"enemies":"3 Darklings","floor":35,"turns":6},{"damage":18,"enemies":"Orb Walker","floor":38,"turns":5},{"damage":3,"enemies":"Writhing Mass","floor":39,"turns":6},{"damage":0,"enemies":"Mind Bloom Boss Battle","floor":41,"turns":8},{"damage":38,"enemies":"4 Shapes","floor":44,"turns":5},{"damage":28,"enemies":"Nemesis","floor":45,"turns":2}],"seed_played":"943897362418315288","potions_obtained":[{"floor":2,"key":"Energy Potion"},{"floor":4,"key":"LiquidBronze"},{"floor":7,"key":"Block Potion"},{"floor":10,"key":"SkillPotion"},{"floor":16,"key":"AttackPotion"},{"floor":19,"key":"SpeedPotion"},{"floor":28,"key":"LiquidBronze"},{"floor":33,"key":"Dexterity Potion"},{"floor":41,"key":"Ancient Potion"},{"floor":44,"key":"EssenceOfSteel"}],"is_trial":false,"path_per_floor":["M","?","M","M","M","R","M","R","T","E","?","M","$","?","R","B",null,"M","M","?","$","?","R","M","R","T","M","M","R","?","T","R","B",null,"M","?","$","M","M","R","?","$","T","M","E"],"character_chosen":"DEFECT","items_purchased":["Glacier","Gash","Explosive Potion","Capacitor","Gash","Capacitor+1","PowerPotion","DataDisk"],"campfire_rested":3,"item_purchase_floors":[13,13,13,21,21,37,37,42],"current_hp_per_floor":[68,68,67,61,58,58,47,47,47,21,21,15,15,15,37,30,64,61,52,52,52,52,52,40,40,40,41,33,33,18,18,42,29,70,56,56,56,39,37,63,64,64,64,27,0],"gold":46,"neow_bonus":"THREE_CARDS","is_prod":false,"is_daily":false,"chose_seed":false,"campfire_upgraded":5,"win_rate":0,"timestamp":1550702339,"path_taken":["M","?","?","M","M","R","M","R","T","E","?","?","?","?","R","BOSS","M","M","?","$","?","R","M","R","T","?","M","R","?","?","R","BOSS","M","?","$","?","M","R","?","?","T","?","E"],"build_version":"2019-01-23","purchased_purges":2,"victory":false,"max_hp_per_floor":[75,75,75,75,75,75,75,75,75,75,75,75,75,75,75,75,75,75,75,75,75,75,75,76,76,76,77,78,78,83,83,83,84,84,85,85,85,86,87,87,88,88,88,89,89],"card_choices":[{"not_picked":["Static Discharge","Streamline"],"picked":"Coolheaded","floor":0},{"not_picked":["Steam","Redo"],"picked":"Hologram","floor":1},{"not_picked":["Streamline","Chill"],"picked":"Genetic Algorithm","floor":3},{"not_picked":["Redo","Conserve Battery"],"picked":"Capacitor","floor":4},{"not_picked":["Beam Cell","Sweeping Beam","Heatsinks"],"picked":"SKIP","floor":5},{"not_picked":["Conserve Battery","Recycle"],"picked":"Streamline","floor":7},{"not_picked":["Sweeping Beam","Auto Shields"],"picked":"BootSequence","floor":10},{"not_picked":["Streamline","Reprogram","Compile Driver"],"picked":"SKIP","floor":12},{"not_picked":["Thunder Strike","Hyperbeam"],"picked":"Biased Cognition","floor":16},{"not_picked":["Hologram","Doom and Gloom+1","Rebound"],"picked":"SKIP","floor":18},{"not_picked":["Conserve Battery","Stack"],"picked":"Defragment","floor":19},{"not_picked":["Cold Snap","Compile Driver"],"picked":"Recycle","floor":24},{"not_picked":["Melter+1","Coolheaded"],"picked":"Go for the Eyes","floor":27},{"not_picked":["Fusion","Doom and Gloom+1"],"picked":"Barrage+1","floor":28},{"not_picked":["Hyperbeam","Biased Cognition+1"],"picked":"Seek","floor":33},{"not_picked":["Capacitor+1","Sunder"],"picked":"Double Energy+1","floor":35},{"not_picked":["Barrage","Turbo+1"],"picked":"BootSequence+1","floor":38},{"not_picked":["Auto Shields","Sunder+1"],"picked":"Fusion+1","floor":39},{"not_picked":["Coolheaded+1","White Noise"],"picked":"Blizzard+1","floor":41},{"not_picked":["Skim","Sweeping Beam+1","Steam Power"],"picked":"SKIP","floor":44}],"player_experience":113964,"relics_obtained":[{"floor":9,"key":"Smiling Mask"},{"floor":10,"key":"PreservedInsect"},{"floor":26,"key":"Centennial Puzzle"},{"floor":31,"key":"Frozen Egg 2"},{"floor":41,"key":"Nunchaku"},{"floor":43,"key":"Omamori"}],"event_choices":[{"damage_healed":0,"gold_gain":0,"player_choice":"Bought 1 Potion","damage_taken":0,"max_hp_gain":0,"max_hp_loss":0,"event_name":"The Woman in Blue","floor":2,"gold_loss":0},{"damage_healed":0,"gold_gain":0,"player_choice":"Paid Gold","damage_taken":0,"relics_obtained":["Bag of Preparation"],"max_hp_gain":0,"max_hp_loss":0,"event_name":"WeMeetAgain","floor":11,"gold_loss":61},{"damage_healed":0,"gold_gain":0,"player_choice":"Searched \u00270\u0027 times","damage_taken":0,"max_hp_gain":0,"max_hp_loss":0,"event_name":"Dead Adventurer","floor":14,"gold_loss":0},{"cards_removed":["Strike_B"],"damage_healed":0,"gold_gain":0,"player_choice":"Purged","damage_taken":0,"max_hp_gain":0,"max_hp_loss":0,"event_name":"Purifier","floor":20,"gold_loss":0},{"damage_healed":0,"gold_gain":0,"player_choice":"Trade","damage_taken":0,"relics_obtained":["FaceOfCleric"],"max_hp_gain":0,"max_hp_loss":0,"event_name":"FaceTrader","floor":22,"gold_loss":0},{"damage_healed":0,"gold_gain":0,"player_choice":"Shed Blood","damage_taken":20,"max_hp_gain":5,"max_hp_loss":0,"event_name":"Forgotten Altar","floor":30,"gold_loss":0},{"damage_healed":0,"gold_gain":0,"player_choice":"Ignored","damage_taken":0,"max_hp_gain":0,"max_hp_loss":0,"event_name":"SecretPortal","floor":36,"gold_loss":0},{"damage_healed":0,"gold_gain":0,"player_choice":"Fight","damage_taken":0,"max_hp_gain":0,"max_hp_loss":0,"event_name":"MindBloom","floor":41,"gold_loss":0}],"is_beta":false,"boss_relics":[{"not_picked":["Velvet Choker","Eternal Feather"],"picked":"Runic Pyramid"},{"not_picked":["Snecko Eye","Coffee Dripper"],"picked":"Philosopher\u0027s Stone"}],"items_purged_floors":[21,37],"is_endless":false,"potions_floor_spawned":[4,7,10,16,19,28,33,41,44],"killed_by":"Nemesis","ascension_level":7}