{"gold_per_floor":[11,11,27,52,52,52,92,92,116,156,81,102,120,136,136,261,261,274,274,297,312,326,370,370,408,434,434,47,47,86,111,111,240,240,259,273,296,171,171,171,171,171,171,195,213,256,381,405,405,405],"floor_reached":51,"playtime":2616,"items_purged":["Strike_R","Strike_R","Parasite"],"score":1061,"play_id":"99ddfe47-64e7-45e7-ac22-cfb26f433d11","local_time":"20190902020314","is_ascension_mode":true,"campfire_choices":[{"data":"Bash","floor":6.0,"key":"SMITH"},{"data":"Body Slam","floor":8,"key":"SMITH"},{"data":"Whirlwind","floor":15,"key":"SMITH"},{"floor":24,"key":"REST"},{"floor":27,"key":"REST"},{"data":"Enlightenment","floor":29,"key":"SMITH"},{"data":"Barricade","floor":32,"key":"SMITH"},{"data":"Metallicize","floor":40,"key":"SMITH"},{"floor":42,"key":"REST"},{"floor":49,"key":"REST"}],"neow_cost":"NO_GOLD","seed_source_timestamp":526633657792842,"circlet_count":0,"master_deck":["Defend_R","Defend_R","Defend_R","Bash+1","Entrench+1","Body Slam+1","Whirlwind+1","Inflame+1","Clothesline+1","Shockwave+1","Entrench+1","Enlightenment+1","Metallicize+1","Barricade+1","Warcry+1","Shrug It Off+1"],"special_seed":0,"relics":["Burning Blood","FossilizedHelix","Golden Idol","Centennial Puzzle","Happy Flower","Strawberry","Astrolabe","Nunchaku","Ginger","Oddly Smooth Stone","DollysMirror","Boot","Cursed Key","Ancient Tea Set","Incense Burner"],"potions_floor_usage":[7,7,12,16,30,31,33,33,33,45,45,50,50],"damage_taken":[{"damage":0.0,"enemies":"2 Louse","floor":1.0,"turns":4.0},{"damage":2.0,"enemies":"Jaw Worm","floor":3.0,"turns":4.0},{"damage":0.0,"enemies":"Cultist","floor":4.0,"turns":4.0},{"damage":0,"enemies":"Gremlin Nob","floor":7,"turns":4},{"damage":47,"enemies":"Lagavulin","floor":10,"turns":7},{"damage":0,"enemies":"Large Slime","floor":12,"turns":7},{"damage":0,"enemies":"Red Slaver","floor":13,"turns":4},{"damage":4,"enemies":"2 Fungi Beasts","floor":14,"turns":3},{"damage":43,"enemies":"Hexaghost","floor":16,"turns":8},{"damage":19,"enemies":"Spheric Guardian","floor":18,"turns":4},{"damage":0,"enemies":"3 Byrds","floor":20,"turns":4},{"damage":16,"enemies":"Centurion and Healer","floor":21,"turns":3},{"damage":10,"enemies":"Chosen and Byrds","floor":22,"turns":5},{"damage":20,"enemies":"Slavers","floor":23,"turns":3},{"damage":14,"enemies":"Gremlin Leader","floor":25,"turns":5},{"damage":15,"enemies":"Book of Stabbing","floor":30,"turns":5},{"damage":12,"enemies":"Snake Plant","floor":31,"turns":4},{"damage":54,"enemies":"Automaton","floor":33,"turns":12},{"damage":30,"enemies":"3 Shapes","floor":35,"turns":4},{"damage":26,"enemies":"Orb Walker","floor":36,"turns":5},{"damage":0,"enemies":"Writhing Mass","floor":37,"turns":5},{"damage":28,"enemies":"Sphere and 2 Shapes","floor":44,"turns":8},{"damage":8,"enemies":"3 Darklings","floor":45,"turns":8},{"damage":28,"enemies":"Nemesis","floor":46,"turns":7},{"damage":8,"enemies":"Mind Bloom Boss Battle","floor":47,"turns":7},{"damage":0,"enemies":"Jaw Worm Horde","floor":48,"turns":5},{"damage":14,"enemies":"Donu and Deca","floor":50,"turns":8}],"seed_played":"-1861259027344801085","potions_obtained":[{"floor":1.0,"key":"SkillPotion"},{"floor":3.0,"key":"Block Potion"},{"floor":10,"key":"Energy Potion"},{"floor":13,"key":"Strength Potion"},{"floor":21,"key":"FearPotion"},{"floor":22,"key":"Weak Potion"},{"floor":25,"key":"AttackPotion"},{"floor":30,"key":"Block Potion"},{"floor":31,"key":"Regen Potion"},{"floor":33,"key":"Strength Potion"},{"floor":37,"key":"Weak Potion"},{"floor":44,"key":"SpeedPotion"},{"floor":46,"key":"Poison Potion"}],"is_trial":false,"path_per_floor":["M","?","M","M","?","R","E","R","T","E","$","M","M","M","R","B",null,"M","?","M","M","M","E","R","E","T","R","$","R","E","M","R","B",null,"M","M","M","$","?","R","?","R","T","M","M","E","?","M","R","B",null],"character_chosen":"IRONCLAD","items_purchased":["DollysMirror","Enlightenment"],"campfire_rested":4,"item_purchase_floors":[28,28],"current_hp_per_floor":[78,58,62,68,68,68,74,74,74,40,40,46,52,54,54,17,70,57,57,63,53,49,35,61,53,53,79,79,79,70,64,64,31,73,49,29,35,35,35,35,35,60,60,38,36,14,12,18,43,35],"gold":405,"neow_bonus":"ONE_RARE_RELIC","is_prod":false,"is_daily":false,"chose_seed":false,"campfire_upgraded":6,"win_rate":0,"timestamp":1567382594,"path_taken":["M","?","M","M","?","R","E","R","T","E","$","M","?","M","R","BOSS","M","?","?","M","M","E","R","E","T","R","$","R","E","M","R","BOSS","M","M","M","$","?","R","?","R","T","M","M","E","?","M","R","BOSS"],"build_version":"2019-07-17","purchased_purges":3,"victory":true,"max_hp_per_floor":[80,80,80,80,80,80,80,80,80,87,87,87,87,87,87,87,87,87,87,87,87,87,87,87,87,87,87,87,87,87,87,87,87,87,87,87,87,84,84,84,84,84,84,84,84,84,84,84,84,84],"card_choices":[{"not_picked":["Intimidate","Hemokinesis"],"picked":"Entrench","floor":1.0},{"not_picked":["Anger","Headbutt","Havoc"],"picked":"SKIP","floor":3.0},{"not_picked":["Rupture","Anger","Infernal Blade"],"picked":"SKIP","floor":4.0},{"not_picked":["Seeing Red","Rampage"],"picked":"Body Slam","floor":7},{"not_picked":["Headbutt","Warcry","Second Wind"],"picked":"SKIP","floor":10},{"not_picked":["Twin Strike","Flex","Perfected Strike"],"picked":"SKIP","floor":12},{"not_picked":["Dual Wield","Havoc"],"picked":"Whirlwind","floor":13},{"not_picked":["Rampage","Combust","Offering"],"picked":"SKIP","floor":14},{"not_picked":["Clash","Pommel Strike"],"picked":"Shockwave+1","floor":18},{"not_picked":["Perfected Strike+1","Combust","Pommel Strike"],"picked":"SKIP","floor":20},{"not_picked":["Pommel Strike","Sentinel","Headbutt"],"picked":"SKIP","floor":21},{"not_picked":["Flex","Carnage+1","Armaments"],"picked":"SKIP","floor":22},{"not_picked":["Clothesline+1","Infernal Blade+1","Havoc+1"],"picked":"SKIP","floor":23},{"not_picked":["Perfected Strike+1","Clash","Iron Wave"],"picked":"SKIP","floor":25},{"not_picked":["Sever Soul","Dual Wield+1"],"picked":"Metallicize","floor":30},{"not_picked":["Heavy Blade","Perfected Strike"],"picked":"Barricade","floor":31},{"not_picked":["Cleave","Evolve","Perfected Strike"],"picked":"SKIP","floor":35},{"not_picked":["Burning Pact+1","Thunderclap","Wild Strike"],"picked":"SKIP","floor":36},{"not_picked":["Uppercut+1","Wild Strike","Power Through"],"picked":"SKIP","floor":37},{"not_picked":["Ghostly Armor","Inflame+1","Bloodletting+1"],"picked":"SKIP","floor":44},{"not_picked":["Clash+1","Perfected Strike","Evolve"],"picked":"SKIP","floor":45},{"not_picked":["Clash+1","Perfected Strike","Evolve"],"picked":"SKIP","floor":45},{"not_picked":["Heavy Blade+1","Inflame+1"],"picked":"Warcry+1","floor":46},{"not_picked":["Headbutt+1","Cleave"],"picked":"Shrug It Off+1","floor":47},{"not_picked":["Heavy Blade","Clash+1","Flex+1"],"picked":"SKIP","floor":48}],"player_experience":159574,"relics_obtained":[{"floor":7,"key":"Centennial Puzzle"},{"floor":9,"key":"Happy Flower"},{"floor":10,"key":"Strawberry"},{"floor":23,"key":"Nunchaku"},{"floor":25,"key":"Ginger"},{"floor":26,"key":"Oddly Smooth Stone"},{"floor":30,"key":"Boot"},{"floor":46,"key":"Ancient Tea Set"},{"floor":47,"key":"Incense Burner"}],"event_choices":[{"damage_healed":0.0,"max_hp_gain":0.0,"max_hp_loss":0.0,"gold_gain":0.0,"event_name":"Golden Idol","player_choice":"Take Damage","floor":2.0,"gold_loss":0.0,"damage_taken":20.0,"relics_obtained":["Golden Idol"]},{"cards_removed":["Strike_R"],"damage_healed":0.0,"max_hp_gain":0.0,"max_hp_loss":0.0,"gold_gain":0.0,"event_name":"Bonfire Elementals","player_choice":"Offered Basic","floor":5.0,"gold_loss":0.0,"damage_taken":0.0},{"damage_healed":0,"gold_gain":0,"player_choice":"Forge","damage_taken":0,"max_hp_gain":0,"max_hp_loss":0,"event_name":"Accursed Blacksmith","floor":19,"gold_loss":0,"cards_upgraded":["Entrench"]},{"cards_removed":["Uppercut"],"damage_healed":0,"gold_gain":0,"player_choice":"Removed Attack","damage_taken":0,"max_hp_gain":0,"max_hp_loss":0,"event_name":"Falling","floor":39,"gold_loss":0},{"damage_healed":0,"gold_gain":0,"player_choice":"Ignored","damage_taken":0,"max_hp_gain":0,"max_hp_loss":0,"event_name":"Tomb of Lord Red Mask","floor":41,"gold_loss":0},{"damage_healed":0,"gold_gain":0,"player_choice":"Fight","damage_taken":0,"max_hp_gain":0,"max_hp_loss":0,"event_name":"MindBloom","floor":47,"gold_loss":0}],"is_beta":false,"boss_relics":[{"not_picked":["White Beast Statue","Tiny House"],"picked":"Astrolabe"},{"not_picked":["Runic Pyramid","Runic Dome"],"picked":"Cursed Key"}],"items_purged_floors":[11,28,38],"is_endless":false,"potions_floor_spawned":[1,3,10,13,21,22,25,30,31,33,37,44,46],"ascension_level":7}