{"gold_per_floor":[116,136,136,136,152,152,182,182,182,182,199,218,292,311,311,387,387,405,405,36,36,36,71,71,125,148,164,176,190,190,218,218,292,292,305,95,95,12,12,12,22,32,32,32,47,47,75,89,89,89,89,89,89,23,56,56],"floor_reached":56,"playtime":3733,"items_purged":["Writhe"],"score":2065,"play_id":"006faac8-9b7c-4d66-92ac-2165e7643c71","local_time":"20190815020656","is_ascension_mode":true,"campfire_choices":[{"data":"Sunder","floor":6.0,"key":"SMITH"},{"data":"Zap","floor":8.0,"key":"SMITH"},{"data":"Capacitor","floor":10.0,"key":"SMITH"},{"data":"Consume","floor":15.0,"key":"SMITH"},{"data":"Discovery","floor":24.0,"key":"SMITH"},{"data":"Coolheaded","floor":30.0,"key":"SMITH"},{"data":"Streamline","floor":32.0,"key":"SMITH"},{"data":"Apotheosis","floor":40.0,"key":"SMITH"},{"data":"Seek","floor":44.0,"key":"SMITH"},{"data":"Buffer","floor":46.0,"key":"SMITH"},{"floor":49.0,"key":"RECALL"},{"floor":53.0,"key":"REST"}],"neow_cost":"NONE","seed_source_timestamp":33844697951206,"circlet_count":0,"master_deck":["AscendersBane","Strike_B","Strike_B","Defend_B","Defend_B","Defend_B","Defend_B","Zap+1","Dualcast","Go for the Eyes","Ball Lightning","Sunder+1","Glacier","Capacitor+1","Glacier","Glacier","Consume+1","Streamline+1","Machine Learning","Coolheaded+1","Discovery+1","Master of Strategy","Shame","Ghostly","Ghostly","Ghostly","Barrage","Parasite","Shame","Seek+1","Ball Lightning+1","Chill","Rebound+1","Buffer+1","Hologram","Apotheosis+1","Madness","Madness","Blizzard","Rebound","Cold Snap","Parasite","Ball Lightning+1","Injury","Leap+1","Echo Form","Conserve Battery+1"],"special_seed":0,"relics":["Cracked Core","Happy Flower","FossilizedHelix","Mercury Hourglass","Cursed Key","Ginger","Sundial","Strawberry","Vajra","Red Mask","White Beast Statue","Symbiotic Virus","The Courier","Ornamental Fan"],"potions_floor_usage":[56,56],"damage_taken":[{"damage":0.0,"enemies":"2 Louse","floor":1.0,"turns":3.0},{"damage":4.0,"enemies":"Small Slimes","floor":2.0,"turns":3.0},{"damage":0.0,"enemies":"Cultist","floor":5.0,"turns":4.0},{"damage":24.0,"enemies":"3 Sentries","floor":7.0,"turns":8.0},{"damage":0.0,"enemies":"2 Fungi Beasts","floor":11.0,"turns":2.0},{"damage":0.0,"enemies":"Blue Slaver","floor":12.0,"turns":4.0},{"damage":0.0,"enemies":"Looter","floor":14.0,"turns":2.0},{"damage":4.0,"enemies":"Hexaghost","floor":16.0,"turns":10.0},{"damage":0.0,"enemies":"Spheric Guardian","floor":18.0,"turns":3.0},{"damage":0.0,"enemies":"Slavers","floor":23.0,"turns":6.0},{"damage":0.0,"enemies":"2 Thieves","floor":27.0,"turns":5.0},{"damage":0.0,"enemies":"3 Cultists","floor":28.0,"turns":6.0},{"damage":0.0,"enemies":"Cultist and Chosen","floor":29.0,"turns":6.0},{"damage":0.0,"enemies":"Masked Bandits","floor":31.0,"turns":3.0},{"damage":0.0,"enemies":"Automaton","floor":33.0,"turns":12.0},{"damage":0.0,"enemies":"3 Shapes","floor":35.0,"turns":4.0},{"damage":0.0,"enemies":"Orb Walker","floor":41.0,"turns":5.0},{"damage":0.0,"enemies":"Writhing Mass","floor":42.0,"turns":7.0},{"damage":2.0,"enemies":"Jaw Worm Horde","floor":45.0,"turns":5.0},{"damage":0.0,"enemies":"Giant Head","floor":47.0,"turns":8.0},{"damage":0.0,"enemies":"Maw","floor":48.0,"turns":9.0},{"damage":15.0,"enemies":"Donu and Deca","floor":50.0,"turns":11.0},{"damage":14.0,"enemies":"Time Eater","floor":51.0,"turns":15.0},{"damage":30.0,"enemies":"Shield and Spear","floor":55.0,"turns":11.0},{"damage":12,"enemies":"The Heart","floor":56,"turns":3}],"seed_played":"-194613463791303155","potions_obtained":[{"floor":2.0,"key":"SteroidPotion"},{"floor":14.0,"key":"AttackPotion"},{"floor":18.0,"key":"SkillPotion"},{"floor":27.0,"key":"LiquidBronze"},{"floor":35.0,"key":"Dexterity Potion"},{"floor":42.0,"key":"Explosive Potion"},{"floor":45.0,"key":"PowerPotion"},{"floor":47.0,"key":"Energy Potion"},{"floor":55.0,"key":"Fire Potion"}],"is_trial":false,"path_per_floor":["M","M","?","?","M","R","E","R","T","R","M","M","?","M","R","B",null,"M","?","$","?","?","E","R","T","T","M","M","M","R","?","R","B",null,"M","$","?","$","?","R","M","M","T","R","M","R","E","M","R","B","B",null,"R","$","E","B"],"character_chosen":"DEFECT","items_purchased":["Discovery","Master of Strategy","Apotheosis","Blizzard","FocusPotion"],"campfire_rested":1,"item_purchase_floors":[20,20,36,38,54],"current_hp_per_floor":[64,60,60,60,60,60,36,36,36,36,36,36,36,36,36,32,61,61,61,61,61,35,42,42,42,42,42,42,42,42,42,42,42,42,42,42,34,34,34,34,34,34,34,34,32,32,32,32,32,17,3,32,42,42,12,0],"gold":56,"neow_bonus":"RANDOM_COMMON_RELIC","is_prod":false,"is_daily":false,"chose_seed":false,"campfire_upgraded":10,"win_rate":0,"timestamp":1565860016,"path_taken":["M","M","?","?","M","R","E","R","T","R","M","?","?","M","R","BOSS","M","?","$","?","?","E","R","?","T","?","M","M","R","?","R","BOSS","M","$","?","$","?","R","M","M","T","R","?","R","E","M","R","BOSS","BOSS","R","$","E","BOSS"],"build_version":"2019-07-18","purchased_purges":1,"victory":false,"max_hp_per_floor":[71,71,71,71,71,71,71,71,71,71,71,71,71,71,71,71,71,71,71,71,71,35,42,42,42,42,42,42,42,42,42,42,42,42,42,42,42,42,42,42,42,42,42,42,42,42,42,42,42,42,42,42,42,42,42,42],"card_choices":[{"not_picked":["Rebound","Double Energy"],"picked":"Go for the Eyes","floor":1.0},{"not_picked":["Barrage","Force Field"],"picked":"Ball Lightning","floor":2.0},{"not_picked":["Coolheaded","Reinforced Body"],"picked":"Capacitor","floor":5.0},{"not_picked":["Reboot","Undo"],"picked":"Glacier","floor":7.0},{"not_picked":["Lockon","Scrape"],"picked":"Glacier","floor":11.0},{"not_picked":["Barrage","Steam Power"],"picked":"Consume","floor":12.0},{"not_picked":["Cold Snap","Turbo"],"picked":"Streamline","floor":14.0},{"not_picked":["Biased Cognition","Meteor Strike"],"picked":"Machine Learning","floor":16.0},{"not_picked":["Redo","Steam Power"],"picked":"Coolheaded","floor":18.0},{"not_picked":["Darkness","Sweeping Beam"],"picked":"Barrage","floor":23.0},{"not_picked":["Darkness+1","Genetic Algorithm"],"picked":"Seek","floor":27.0},{"not_picked":["Force Field","Melter"],"picked":"Ball Lightning+1","floor":28.0},{"not_picked":["Hologram","Turbo"],"picked":"Chill","floor":29.0},{"not_picked":["Streamline","Coolheaded"],"picked":"Rebound+1","floor":31.0},{"not_picked":["Reboot","Multi-Cast"],"picked":"Buffer","floor":33.0},{"not_picked":["Heatsinks","Sunder"],"picked":"Hologram","floor":35.0},{"not_picked":["Sweeping Beam","Gash"],"picked":"Cold Snap","floor":41.0},{"not_picked":["Double Energy","Turbo"],"picked":"Ball Lightning+1","floor":42.0},{"not_picked":["Rebound+1","Turbo"],"picked":"Leap+1","floor":45.0},{"not_picked":["FTL","Force Field"],"picked":"Echo Form","floor":47.0},{"not_picked":["Self Repair","Aggregate"],"picked":"Conserve Battery+1","floor":48.0},{"not_picked":["Ball Lightning+1","Redo+1","Double Energy+1"],"picked":"SKIP","floor":55.0}],"player_experience":2936335,"relics_obtained":[{"floor":7.0,"key":"FossilizedHelix"},{"floor":9.0,"key":"Mercury Hourglass"},{"floor":23.0,"key":"Strawberry"},{"floor":26.0,"key":"Vajra"},{"floor":31.0,"key":"Red Mask"},{"floor":43.0,"key":"Symbiotic Virus"},{"floor":47.0,"key":"The Courier"},{"floor":55.0,"key":"Ornamental Fan"}],"event_choices":[{"damage_healed":0.0,"max_hp_gain":0.0,"max_hp_loss":0.0,"gold_gain":0.0,"cards_transformed":["Strike_B"],"event_name":"Living Wall","player_choice":"Change","floor":3.0,"gold_loss":0.0,"damage_taken":0.0,"cards_obtained":["Sunder"]},{"damage_healed":0.0,"max_hp_gain":0.0,"max_hp_loss":0.0,"gold_gain":0.0,"event_name":"Match and Keep!","player_choice":"1 cards matched","floor":4.0,"gold_loss":0.0,"damage_taken":0.0,"cards_obtained":["Glacier"]},{"damage_healed":0.0,"max_hp_gain":0.0,"max_hp_loss":0.0,"gold_gain":74.0,"event_name":"Golden Wing","player_choice":"Gained Gold","floor":13.0,"gold_loss":0.0,"damage_taken":0.0},{"damage_healed":0.0,"max_hp_gain":0.0,"max_hp_loss":0.0,"gold_gain":0.0,"event_name":"The Mausoleum","player_choice":"Opened","floor":19.0,"gold_loss":0.0,"damage_taken":0.0,"relics_obtained":["Ginger"],"cards_obtained":["Writhe"]},{"damage_healed":0.0,"max_hp_gain":0.0,"max_hp_loss":0.0,"gold_gain":0.0,"event_name":"Addict","player_choice":"Stole Relic","floor":21.0,"gold_loss":0.0,"damage_taken":0.0,"relics_obtained":["Sundial"],"cards_obtained":["Shame"]},{"damage_healed":0.0,"max_hp_gain":0.0,"max_hp_loss":36.0,"gold_gain":0.0,"event_name":"Ghosts","player_choice":"Became a Ghost","floor":22.0,"gold_loss":0.0,"damage_taken":0.0,"cards_obtained":["Ghostly","Ghostly","Ghostly"]},{"damage_healed":0.0,"max_hp_gain":0.0,"max_hp_loss":0.0,"gold_gain":0.0,"event_name":"Masked Bandits","player_choice":"Fought Bandits","floor":31.0,"gold_loss":0.0,"damage_taken":0.0},{"damage_healed":0.0,"max_hp_gain":0.0,"max_hp_loss":0.0,"gold_gain":0.0,"event_name":"Winding Halls","player_choice":"Embrace Madness","floor":37.0,"gold_loss":0.0,"damage_taken":8.0,"cards_obtained":["Madness","Madness"]},{"damage_healed":0.0,"max_hp_gain":0.0,"max_hp_loss":0.0,"gold_gain":0.0,"cards_transformed":["Strike_B"],"event_name":"Transmorgrifier","player_choice":"Transformed","floor":39.0,"gold_loss":0.0,"damage_taken":0.0,"cards_obtained":["Rebound"]}],"is_beta":true,"boss_relics":[{"not_picked":["Lizard Tail","Orrery"],"picked":"Cursed Key"},{"not_picked":["Runic Dome","Philosopher\u0027s Stone"],"picked":"White Beast Statue"}],"items_purged_floors":[20],"is_endless":false,"potions_floor_spawned":[2,14,16,18,27,29,31,35,41,42,45,47,48,55],"killed_by":"The Heart","ascension_level":20}