{"gold_per_floor":[116,16,16,16,26,55,55,55,55,81,81,92,42,73,73,73],"floor_reached":16,"playtime":1527,"items_purged":["Strike_R","Regret"],"score":139,"play_id":"4bf698f6-9e07-4ba8-bf6d-ac6eeecf8db0","local_time":"20190901145708","is_ascension_mode":true,"campfire_choices":[{"data":"Cleave","floor":7.0,"key":"SMITH"},{"floor":15.0,"key":"REST"}],"neow_cost":"NONE","seed_source_timestamp":0,"circlet_count":0,"master_deck":["Strike_R","Strike_R","Strike_R","Defend_R","Defend_R","Defend_R","Defend_R","Bash","Fire Breathing","Sentinel","Sword Boomerang","Cleave+1","Flex","Body Slam","Shrug It Off","Impervious"],"special_seed":0,"relics":["Burning Blood","Self Forming Clay","Gremlin Horn","Blood Vial","Smiling Mask","Orichalcum"],"potions_floor_usage":[16,16,16],"damage_taken":[{"damage":9.0,"enemies":"Jaw Worm","floor":1.0,"turns":5.0},{"damage":4.0,"enemies":"2 Louse","floor":5.0,"turns":3.0},{"damage":49.0,"enemies":"3 Sentries","floor":6.0,"turns":7.0},{"damage":32.0,"enemies":"Gremlin Nob","floor":10.0,"turns":4.0},{"damage":2.0,"enemies":"Small Slimes","floor":12.0,"turns":3.0},{"damage":14.0,"enemies":"Lagavulin","floor":14.0,"turns":6.0},{"damage":39,"enemies":"The Guardian","floor":16,"turns":10}],"seed_played":"6859265892249965784","potions_obtained":[{"floor":1.0,"key":"Strength Potion"},{"floor":11.0,"key":"AttackPotion"},{"floor":11.0,"key":"EntropicBrew"},{"floor":14.0,"key":"GamblersBrew"}],"is_trial":false,"path_per_floor":["M","$","?","?","M","E","R","?","T","E","?","M","$","E","R","B"],"character_chosen":"IRONCLAD","items_purchased":["Sword Boomerang"],"campfire_rested":1,"item_purchase_floors":[2],"current_hp_per_floor":[77,77,77,77,79,36,36,36,36,12,12,18,18,12,36,0],"gold":73,"neow_bonus":"THREE_CARDS","is_prod":false,"is_daily":false,"chose_seed":false,"campfire_upgraded":1,"win_rate":0,"timestamp":1567342628,"path_taken":["M","$","?","?","M","E","R","?","T","E","?","?","?","E","R","BOSS"],"build_version":"2019-07-17","purchased_purges":2,"victory":false,"max_hp_per_floor":[80,80,80,80,80,80,80,80,80,80,80,80,80,80,80,80],"card_choices":[{"not_picked":["Bloodletting","True Grit"],"picked":"Fire Breathing","floor":0.0},{"not_picked":["Burning Pact","Perfected Strike"],"picked":"Sentinel","floor":1.0},{"not_picked":["Pommel Strike","Fire Breathing"],"picked":"Cleave","floor":5.0},{"not_picked":["Rampage","Power Through"],"picked":"Flex","floor":6.0},{"not_picked":["Second Wind","Sword Boomerang"],"picked":"Shrug It Off","floor":10.0},{"not_picked":["Corruption","Perfected Strike","Armaments"],"picked":"SKIP","floor":12.0},{"not_picked":["Cleave","Shrug It Off"],"picked":"Impervious","floor":14.0}],"player_experience":124370,"relics_obtained":[{"floor":6.0,"key":"Gremlin Horn"},{"floor":9.0,"key":"Blood Vial"},{"floor":10.0,"key":"Smiling Mask"},{"floor":14.0,"key":"Orichalcum"}],"event_choices":[{"damage_healed":0.0,"max_hp_gain":0.0,"max_hp_loss":0.0,"gold_gain":0.0,"event_name":"Big Fish","player_choice":"Box","floor":3.0,"gold_loss":0.0,"damage_taken":0.0,"relics_obtained":["Self Forming Clay"],"cards_obtained":["Regret"]},{"damage_healed":0.0,"max_hp_gain":0.0,"max_hp_loss":0.0,"gold_gain":0.0,"event_name":"Liars Game","player_choice":"Ignored","floor":4.0,"gold_loss":0.0,"damage_taken":0.0},{"damage_healed":0.0,"max_hp_gain":0.0,"max_hp_loss":0.0,"gold_gain":0.0,"cards_transformed":["Strike_R"],"event_name":"Living Wall","player_choice":"Change","floor":8.0,"gold_loss":0.0,"damage_taken":0.0,"cards_obtained":["Body Slam"]},{"damage_healed":0.0,"max_hp_gain":0.0,"max_hp_loss":0.0,"gold_gain":0.0,"event_name":"Lab","player_choice":"Got Potions","floor":11.0,"gold_loss":0.0,"damage_taken":0.0}],"is_beta":false,"boss_relics":[],"items_purged_floors":[2,13],"is_endless":false,"potions_floor_spawned":[1,14],"killed_by":"The Guardian","ascension_level":4}