{"gold_per_floor":[366,379,397,410,375,402,37,62,108,108,108,108,142,142,142,244,244,255,17,27,27,27,27,27,27,27,27,27,59,75,0,0,0],"floor_reached":33,"playtime":3170,"items_purged":["Bash"],"score":430,"play_id":"e7344f1d-9c64-4284-a898-a30277a3e206","local_time":"20190802174010","is_ascension_mode":true,"campfire_choices":[{"floor":11.0,"key":"REST"},{"floor":15.0,"key":"REST"},{"data":"Searing Blow","floor":23,"key":"SMITH"},{"data":"Searing Blow+1","floor":25,"key":"SMITH"},{"data":"Searing Blow+2","floor":32,"key":"SMITH"}],"neow_cost":"PERCENT_DAMAGE","seed_source_timestamp":0,"circlet_count":0,"master_deck":["Defend_R+1","Defend_R+1","Defend_R+1","Defend_R+1","True Grit","Armaments","Anger","Carnage","Limit Break","Searing Blow+3","Apotheosis+1","Metallicize","Immolate","Reaper","Shrug It Off","Feel No Pain","Bite","Bite","Bite","Bite","Trip","Exhume","Shrug It Off"],"special_seed":0,"relics":["Burning Blood","Letter Opener","Pantograph","Juzu Bracelet","Regal Pillow","Eternal Feather","Medical Kit","Oddly Smooth Stone","Bottled Lightning","Shuriken"],"potions_floor_usage":[29,33],"damage_taken":[{"damage":11.0,"enemies":"Small Slimes","floor":1.0,"turns":5.0},{"damage":0.0,"enemies":"2 Louse","floor":2.0,"turns":5.0},{"damage":2.0,"enemies":"Jaw Worm","floor":3.0,"turns":6.0},{"damage":21.0,"enemies":"Large Slime","floor":4.0,"turns":7.0},{"damage":50.0,"enemies":"3 Sentries","floor":6.0,"turns":13.0},{"damage":15.0,"enemies":"Lagavulin","floor":8.0,"turns":5.0},{"damage":16.0,"enemies":"Gremlin Nob","floor":13.0,"turns":4.0},{"damage":28.0,"enemies":"Slime Boss","floor":16.0,"turns":9.0},{"damage":13,"enemies":"Spheric Guardian","floor":18,"turns":5},{"damage":33,"enemies":"Chosen","floor":20,"turns":5},{"damage":32,"enemies":"Gremlin Leader","floor":29,"turns":6},{"damage":10,"enemies":"Snecko","floor":30,"turns":3},{"damage":95,"enemies":"Champ","floor":33,"turns":11}],"seed_played":"7060351916244687073","potions_obtained":[{"floor":1.0,"key":"EssenceOfSteel"},{"floor":6.0,"key":"Energy Potion"},{"floor":8.0,"key":"SteroidPotion"},{"floor":13.0,"key":"FearPotion"},{"floor":18,"key":"Poison Potion"},{"floor":20,"key":"SteroidPotion"}],"is_trial":false,"path_per_floor":["M","M","M","M","?","E","$","E","T","?","R","?","E","?","R","B",null,"M","$","M","?","T","R","?","R","T","?","?","E","M","$","R","B"],"character_chosen":"IRONCLAD","items_purchased":["Searing Blow","Apotheosis","Rampage","FearPotion","Medical Kit","Shrug It Off"],"campfire_rested":2,"item_purchase_floors":[7,7,7,7,19,19],"current_hp_per_floor":[46,52,56,41,61,17,17,8,8,8,32,25,15,3,42,45,71,64,64,37,37,37,49,49,56,56,56,56,45,44,44,56,0],"gold":0,"neow_bonus":"TWO_FIFTY_GOLD","is_prod":false,"is_daily":false,"chose_seed":false,"campfire_upgraded":3,"win_rate":0,"timestamp":1564792810,"path_taken":["M","M","M","M","?","E","$","E","T","?","R","?","E","?","R","BOSS","M","$","M","?","?","R","?","R","T","?","?","E","M","?","R","BOSS"],"build_version":"2019-07-17","purchased_purges":1,"victory":false,"max_hp_per_floor":[80,80,80,80,80,80,80,80,80,80,80,80,80,80,80,80,80,80,80,80,56,56,56,56,56,56,56,56,56,56,56,56,56],"card_choices":[{"not_picked":["Evolve","Havoc"],"picked":"True Grit","floor":1.0},{"not_picked":["Fire Breathing","Flex"],"picked":"Armaments","floor":2.0},{"not_picked":["Evolve","Ghostly Armor"],"picked":"Anger","floor":3.0},{"not_picked":["Iron Wave","Thunderclap"],"picked":"Carnage","floor":4.0},{"not_picked":["Flex","Second Wind"],"picked":"Limit Break","floor":6.0},{"not_picked":["Flex","Burning Pact"],"picked":"Metallicize","floor":8.0},{"not_picked":["Heavy Blade","Sword Boomerang"],"picked":"Immolate","floor":13.0},{"not_picked":["Offering","Juggernaut"],"picked":"Reaper","floor":16.0},{"not_picked":["True Grit","Clothesline","Body Slam"],"picked":"SKIP","floor":18},{"not_picked":["Havoc","Anger"],"picked":"Feel No Pain","floor":20},{"not_picked":["Burning Pact","Uppercut+1"],"picked":"Exhume","floor":29},{"not_picked":["Iron Wave","Blood for Blood"],"picked":"Shrug It Off","floor":30}],"player_experience":461708,"relics_obtained":[{"floor":6.0,"key":"Letter Opener"},{"floor":8.0,"key":"Pantograph"},{"floor":9.0,"key":"Juzu Bracelet"},{"floor":13.0,"key":"Regal Pillow"},{"floor":22,"key":"Oddly Smooth Stone"},{"floor":26,"key":"Bottled Lightning"},{"floor":29,"key":"Shuriken"}],"event_choices":[{"damage_healed":20.0,"max_hp_gain":0.0,"max_hp_loss":0.0,"gold_gain":0.0,"event_name":"The Cleric","player_choice":"Healed","floor":5.0,"gold_loss":35.0,"damage_taken":0.0},{"damage_healed":0.0,"max_hp_gain":0.0,"max_hp_loss":0.0,"gold_gain":0.0,"event_name":"Living Wall","player_choice":"Grow","floor":10.0,"gold_loss":0.0,"damage_taken":0.0,"cards_upgraded":["Apotheosis"]},{"cards_removed":["Strike_R"],"damage_healed":0.0,"max_hp_gain":0.0,"max_hp_loss":0.0,"gold_gain":0.0,"event_name":"Golden Wing","player_choice":"Card Removal","floor":12.0,"gold_loss":0.0,"damage_taken":7.0},{"damage_healed":0.0,"max_hp_gain":0.0,"max_hp_loss":0.0,"gold_gain":0.0,"event_name":"Scrap Ooze","player_choice":"Fled","floor":14.0,"gold_loss":0.0,"damage_taken":12.0},{"damage_healed":0,"gold_gain":0,"player_choice":"Became a vampire","damage_taken":0,"max_hp_gain":0,"max_hp_loss":24,"event_name":"Vampires","floor":21,"gold_loss":0,"cards_obtained":["Bite","Bite","Bite","Bite","Bite"]},{"damage_healed":0,"gold_gain":0,"player_choice":"Simplicity","damage_taken":0,"max_hp_gain":0,"max_hp_loss":0,"event_name":"Back to Basics","floor":24,"gold_loss":0,"cards_upgraded":["Defend_R","Defend_R","Defend_R","Defend_R"]},{"cards_removed":["Rampage"],"damage_healed":0,"gold_gain":0,"player_choice":"Purged","damage_taken":0,"max_hp_gain":0,"max_hp_loss":0,"event_name":"Purifier","floor":27,"gold_loss":0},{"damage_healed":0,"gold_gain":0,"cards_transformed":["Bite"],"player_choice":"Transformed","damage_taken":0,"max_hp_gain":0,"max_hp_loss":0,"event_name":"Transmorgrifier","floor":28,"gold_loss":0,"cards_obtained":["Trip"]}],"is_beta":false,"boss_relics":[{"not_picked":["White Beast Statue","Tiny House"],"picked":"Eternal Feather"}],"items_purged_floors":[31],"is_endless":false,"potions_floor_spawned":[1,6,8,13,18,20],"killed_by":"Champ","ascension_level":9}