{"gold_per_floor":[117,133,133,148,172,172,210,210,256,274,289,289,330,330,330,330],"floor_reached":16,"playtime":410,"items_purged":[],"score":224,"play_id":"ebf6e2fa-4614-467f-80f3-ef3114a5c99d","local_time":"20190718000007","is_ascension_mode":true,"campfire_choices":[{"floor":6.0,"key":"RECALL"},{"data":"Sunder","floor":8.0,"key":"SMITH"},{"data":"Glacier","floor":12.0,"key":"SMITH"},{"data":"Ball Lightning","floor":15,"key":"SMITH"}],"neow_cost":"NONE","seed_source_timestamp":400967252434108,"circlet_count":0,"master_deck":["AscendersBane","Strike_B","Strike_B","Strike_B","Strike_B","Defend_B","Defend_B","Defend_B","Defend_B","Zap+1","Dualcast","Coolheaded","Sunder+1","Ball Lightning+1","Ball Lightning","FTL","Chill","Glacier+1","Coolheaded"],"special_seed":0,"relics":["Cracked Core","Golden Idol","Letter Opener","Oddly Smooth Stone","Regal Pillow"],"potions_floor_usage":[13],"damage_taken":[{"damage":1.0,"enemies":"Small Slimes","floor":1.0,"turns":3.0},{"damage":7.0,"enemies":"Jaw Worm","floor":2.0,"turns":4.0},{"damage":0.0,"enemies":"Cultist","floor":4.0,"turns":3.0},{"damage":4.0,"enemies":"Exordium Thugs","floor":5.0,"turns":4.0},{"damage":10.0,"enemies":"Lagavulin","floor":7.0,"turns":5.0},{"damage":0.0,"enemies":"Lots of Slimes","floor":10.0,"turns":2.0},{"damage":6.0,"enemies":"Blue Slaver","floor":11.0,"turns":2.0},{"damage":8,"enemies":"Gremlin Nob","floor":13,"turns":3},{"damage":11,"enemies":"Slime Boss","floor":16,"turns":4}],"seed_played":"-9161707288243812707","potions_obtained":[{"floor":2.0,"key":"Block Potion"},{"floor":5.0,"key":"Weak Potion"},{"floor":7.0,"key":"FearPotion"}],"is_trial":false,"path_per_floor":["M","M","?","M","M","R","E","R","T","M","M","R","E","?","R","B"],"character_chosen":"DEFECT","items_purchased":[],"campfire_rested":0,"item_purchase_floors":[],"current_hp_per_floor":[63,56,32,32,28,28,18,18,18,18,12,12,4,4,4,0],"gold":330,"neow_bonus":"UPGRADE_CARD","is_prod":false,"is_daily":false,"chose_seed":false,"campfire_upgraded":3,"win_rate":0,"timestamp":1563433207,"path_taken":["M","M","?","M","M","R","E","R","T","M","M","R","E","?","R","BOSS"],"build_version":"2019-07-10","purchased_purges":0,"victory":false,"max_hp_per_floor":[71,71,71,71,71,71,71,71,71,71,71,71,71,71,71,71],"card_choices":[{"not_picked":["Stack","Steam"],"picked":"Coolheaded","floor":1.0},{"not_picked":["Rip and Tear","Barrage"],"picked":"Sunder","floor":2.0},{"not_picked":["Conserve Battery","Fusion"],"picked":"Ball Lightning","floor":4.0},{"not_picked":["Stack","Tempest"],"picked":"Ball Lightning","floor":5.0},{"not_picked":["Meteor Strike","Lockon"],"picked":"FTL","floor":7.0},{"not_picked":["Turbo","Stack"],"picked":"Chill","floor":10.0},{"not_picked":["Coolheaded","Redo"],"picked":"Glacier","floor":11.0},{"not_picked":["Steam","Hyperbeam"],"picked":"Coolheaded","floor":13}],"player_experience":2809239,"relics_obtained":[{"floor":7.0,"key":"Letter Opener"},{"floor":9.0,"key":"Oddly Smooth Stone"},{"floor":13,"key":"Regal Pillow"}],"event_choices":[{"damage_healed":0.0,"max_hp_gain":0.0,"max_hp_loss":0.0,"gold_gain":0.0,"event_name":"Golden Idol","player_choice":"Take Damage","floor":3.0,"gold_loss":0.0,"damage_taken":24.0,"relics_obtained":["Golden Idol"]},{"damage_healed":0,"gold_gain":0,"player_choice":"Ignored","damage_taken":0,"max_hp_gain":0,"max_hp_loss":0,"event_name":"Liars Game","floor":14,"gold_loss":0}],"is_beta":true,"boss_relics":[],"items_purged_floors":[],"is_endless":false,"potions_floor_spawned":[2,5,7],"killed_by":"Slime Boss","ascension_level":20}