{"gold_per_floor":[119,171,171,96,11,11,44,57,136,164,3,3],"floor_reached":12,"playtime":159,"items_purged":["Strike_G"],"score":218,"play_id":"a270bd2d-cecd-4636-941d-5c845769d083","local_time":"20190824130223","is_ascension_mode":true,"campfire_choices":[{"data":"Footwork","floor":6,"key":"SMITH"}],"neow_cost":"NONE","seed_source_timestamp":658558051761537,"circlet_count":0,"master_deck":["AscendersBane","Strike_G","Strike_G","Strike_G","Defend_G","Defend_G","Defend_G","Defend_G","Defend_G","Survivor","Neutralize","Masterful Stab+1","Footwork+1","Skewer","Dagger Spray","Crippling Poison"],"relics":["Ring of the Snake","NeowsBlessing","Question Card","Gremlin Horn","Regal Pillow"],"potions_floor_usage":[],"damage_taken":[{"damage":0,"enemies":"2 Louse","floor":1,"turns":1},{"damage":0,"enemies":"3 Sentries","floor":7,"turns":1},{"damage":0,"enemies":"Small Slimes","floor":8,"turns":1},{"damage":49,"enemies":"Gremlin Nob","floor":10,"turns":5},{"damage":4,"enemies":"Lagavulin","floor":12,"turns":7}],"seed_played":"-7676840946270198383","potions_obtained":[{"floor":8,"key":"Dexterity Potion"}],"is_trial":false,"path_per_floor":["M","?","?","?","$","R","E","M","T","E","$","E"],"character_chosen":"THE_SILENT","items_purchased":["Footwork","Crippling Poison"],"campfire_rested":0,"item_purchase_floors":[5,11],"current_hp_per_floor":[59,59,59,59,59,59,59,59,59,10,10,6],"gold":3,"neow_bonus":"THREE_ENEMY_KILL","is_prod":false,"is_daily":false,"chose_seed":false,"campfire_upgraded":1,"win_rate":0,"timestamp":1566666143,"path_taken":["M","?","?","?","$","R","E","M","T","E","$","E"],"build_version":"2019-07-17","purchased_purges":1,"victory":false,"max_hp_per_floor":[66,66,66,66,66,66,66,66,66,66,66,66],"card_choices":[{"not_picked":["Underhanded Strike","Expertise"],"picked":"Masterful Stab","floor":1},{"not_picked":["Quick Slash","Slice","Venomology"],"picked":"SKIP","floor":7},{"not_picked":["Cloak And Dagger","Slice","Outmaneuver"],"picked":"Skewer","floor":8},{"not_picked":["Sucker Punch","Tactician","Flechettes"],"picked":"Dagger Spray","floor":10}],"player_experience":599470,"relics_obtained":[{"floor":7,"key":"Question Card"},{"floor":9,"key":"Gremlin Horn"},{"floor":10,"key":"Regal Pillow"}],"event_choices":[{"damage_healed":0,"gold_gain":52,"player_choice":"Gained Gold","damage_taken":0,"max_hp_gain":0,"max_hp_loss":0,"event_name":"Golden Wing","floor":2,"gold_loss":0},{"damage_healed":0,"gold_gain":0,"player_choice":"Grow","damage_taken":0,"max_hp_gain":0,"max_hp_loss":0,"event_name":"Living Wall","floor":3,"gold_loss":0,"cards_upgraded":["Masterful Stab"]},{"cards_removed":["Strike_G"],"damage_healed":0,"gold_gain":0,"player_choice":"Card Removal","damage_taken":0,"max_hp_gain":0,"max_hp_loss":0,"event_name":"The Cleric","floor":4,"gold_loss":75}],"is_beta":false,"boss_relics":[],"items_purged_floors":[11],"is_endless":false,"potions_floor_spawned":[8],"killed_by":"Lagavulin","ascension_level":20}