{"gold_per_floor":[110,25,44,44,59,59,85,98,98,98,98,124,124,124,124,220,220,244,260,275,27,27],"floor_reached":22,"playtime":702,"items_purged":["Normality"],"score":445,"play_id":"98292b8f-562a-49cf-885d-fe29e8da890f","local_time":"20190508155348","is_ascension_mode":true,"campfire_choices":[{"data":"Hologram","floor":6,"key":"SMITH"},{"data":"Defragment","floor":10,"key":"SMITH"},{"data":"Tempest","floor":13,"key":"SMITH"},{"data":"Conserve Battery","floor":15,"key":"SMITH"}],"neow_cost":"CURSE","seed_source_timestamp":2411955241178532,"circlet_count":0,"master_deck":["AscendersBane","Strike_B","Strike_B","Strike_B","Strike_B","Defend_B","Defend_B","Defend_B","Defend_B","Zap","Dualcast","Streamline","Self Repair+1","Conserve Battery+1","Hologram+1","Defragment+1","Tempest+1","Seek","Consume","Self Repair+1","Reprogram","Recycle","White Noise"],"relics":["Cracked Core","Potion Belt","Oddly Smooth Stone","Golden Idol","Odd Mushroom","Inserter"],"potions_floor_usage":[8,12,20,22],"damage_taken":[{"damage":4,"enemies":"Jaw Worm","floor":1,"turns":4},{"damage":1,"enemies":"Cultist","floor":3,"turns":3},{"damage":6,"enemies":"2 Louse","floor":5,"turns":3},{"damage":43,"enemies":"3 Sentries","floor":7,"turns":9},{"damage":20,"enemies":"Large Slime","floor":8,"turns":6},{"damage":16,"enemies":"The Mushroom Lair","floor":12,"turns":5},{"damage":0,"enemies":"The Guardian","floor":16,"turns":13},{"damage":19,"enemies":"3 Byrds","floor":18,"turns":4},{"damage":22,"enemies":"Chosen","floor":19,"turns":5},{"damage":28,"enemies":"Snake Plant","floor":20,"turns":5},{"damage":55,"enemies":"3 Cultists","floor":22,"turns":4}],"seed_played":"5077204444866137841","potions_obtained":[{"floor":7,"key":"SkillPotion"},{"floor":8,"key":"SkillPotion"},{"floor":12,"key":"Energy Potion"},{"floor":18,"key":"Regen Potion"}],"is_trial":false,"path_per_floor":["M","$","M","?","M","R","E","M","T","R","?","?","R","?","R","B",null,"M","M","M","$","M"],"character_chosen":"DEFECT","items_purchased":["Self Repair","Recycle","White Noise"],"campfire_rested":0,"item_purchase_floors":[2,21,21],"current_hp_per_floor":[74,74,80,80,84,84,51,41,41,41,41,25,25,25,25,35,67,58,46,42,42,0],"gold":27,"neow_bonus":"TWENTY_PERCENT_HP_BONUS","is_prod":false,"is_daily":false,"chose_seed":false,"campfire_upgraded":4,"win_rate":0,"timestamp":1557345228,"path_taken":["M","$","M","?","M","R","E","?","T","R","?","?","R","?","R","BOSS","M","M","M","$","M"],"build_version":"2019-01-23","purchased_purges":1,"victory":false,"max_hp_per_floor":[85,85,85,85,85,85,85,85,85,85,77,77,77,77,77,77,77,77,77,77,77,77],"card_choices":[{"not_picked":["Stack","Sweeping Beam"],"picked":"Streamline","floor":1},{"not_picked":["Steam Power","Hologram"],"picked":"Conserve Battery","floor":3},{"not_picked":["Leap","Redo"],"picked":"Hologram","floor":5},{"not_picked":["Blizzard","Stack"],"picked":"Defragment","floor":7},{"not_picked":["Blizzard","Rebound","Steam"],"picked":"SKIP","floor":8},{"not_picked":["Barrage","Go for the Eyes"],"picked":"Tempest","floor":12},{"not_picked":["Creative AI","Biased Cognition"],"picked":"Seek","floor":16},{"not_picked":["Barrage","Sunder"],"picked":"Consume","floor":18},{"not_picked":["Force Field","Chaos"],"picked":"Self Repair+1","floor":19},{"not_picked":["Beam Cell","Aggregate"],"picked":"Reprogram","floor":20}],"player_experience":339969,"relics_obtained":[{"floor":7,"key":"Potion Belt"},{"floor":9,"key":"Oddly Smooth Stone"},{"floor":12,"key":"Odd Mushroom"}],"event_choices":[{"damage_healed":0,"gold_gain":0,"player_choice":"Forge","damage_taken":0,"max_hp_gain":0,"max_hp_loss":0,"event_name":"Accursed Blacksmith","floor":4,"gold_loss":0,"cards_upgraded":["Self Repair"]},{"damage_healed":0,"gold_gain":0,"player_choice":"Lose Max HP","damage_taken":0,"relics_obtained":["Golden Idol"],"max_hp_gain":0,"max_hp_loss":8,"event_name":"Golden Idol","floor":11,"gold_loss":0},{"damage_healed":0,"gold_gain":0,"player_choice":"Fought Mushrooms","damage_taken":0,"max_hp_gain":0,"max_hp_loss":0,"event_name":"Mushrooms","floor":12,"gold_loss":0},{"damage_healed":0,"gold_gain":0,"player_choice":"Searched \u00270\u0027 times","damage_taken":0,"max_hp_gain":0,"max_hp_loss":0,"event_name":"Dead Adventurer","floor":14,"gold_loss":0}],"is_beta":false,"boss_relics":[{"not_picked":["Empty Cage","Sozu"],"picked":"Inserter"}],"items_purged_floors":[21],"is_endless":false,"potions_floor_spawned":[7,8,12,18],"killed_by":"3 Cultists","ascension_level":18}