{"gold_per_floor":[115,127,52,52,52,86,99,113,113,126,159,159,159,173,173,292,292,310,16,16,35,51,51,85,85,85,5,26,26,476,491,491,621,621,645,664,305,330,350,350,381,381,449,449],"floor_reached":44,"playtime":3259,"items_purged":["Strike_R","Strike_R","Strike_R"],"score":597,"play_id":"68055352-4c03-42f5-8150-4c2ae239a1e4","local_time":"20190813234143","is_ascension_mode":true,"campfire_choices":[{"data":"Headbutt","floor":15,"key":"SMITH"},{"data":"Armaments","floor":23,"key":"SMITH"},{"data":"Dual Wield","floor":25,"key":"SMITH"},{"data":"Entrench","floor":29,"key":"SMITH"},{"data":"Heavy Blade","floor":32,"key":"SMITH"},{"data":"Double Tap","floor":40,"key":"SMITH"}],"neow_cost":"NONE","seed_source_timestamp":27253231568264,"circlet_count":0,"master_deck":["Strike_R+1","Defend_R","Defend_R","Defend_R","Defend_R","Bash","True Grit+1","Headbutt+1","Reaper+1","Dual Wield+1","Armaments+1","Sentinel","Warcry","Demon Form+1","Shrug It Off","Panache+1","Inflame+1","Brutality+1","Inflame+1","Entrench+1","Heavy Blade+1","Double Tap+1","Clothesline+1","Dual Wield","Dark Shackles","Bloodletting+1","Offering","Writhe","Decay"],"relics":["Burning Blood","NeowsBlessing","Golden Idol","Frozen Egg 2","Ornamental Fan","Mummified Hand","Mark of Pain","Question Card","Anchor","Cursed Key","Strawberry","Oddly Smooth Stone","Happy Flower","Letter Opener"],"potions_floor_usage":[14,16,16,21,24,24,33,41,44],"damage_taken":[{"damage":0,"enemies":"Cultist","floor":1,"turns":1},{"damage":0,"enemies":"2 Louse","floor":2,"turns":1},{"damage":0,"enemies":"3 Sentries","floor":6,"turns":1},{"damage":4,"enemies":"Jaw Worm","floor":7,"turns":4},{"damage":15,"enemies":"Large Slime","floor":8,"turns":7},{"damage":6,"enemies":"Blue Slaver","floor":10,"turns":6},{"damage":21,"enemies":"Gremlin Nob","floor":11,"turns":4},{"damage":26,"enemies":"Lots of Slimes","floor":14,"turns":3},{"damage":61,"enemies":"The Guardian","floor":16,"turns":21},{"damage":22,"enemies":"Spheric Guardian","floor":18,"turns":6},{"damage":19,"enemies":"Chosen","floor":21,"turns":7},{"damage":45,"enemies":"Centurion and Healer","floor":22,"turns":11},{"damage":62,"enemies":"Slavers","floor":24,"turns":9},{"damage":19,"enemies":"Shelled Parasite and Fungi","floor":28,"turns":5},{"damage":27,"enemies":"Cultist and Chosen","floor":31,"turns":5},{"damage":14,"enemies":"Champ","floor":33,"turns":8},{"damage":5,"enemies":"3 Shapes","floor":35,"turns":5},{"damage":9,"enemies":"3 Darklings","floor":36,"turns":3},{"damage":34,"enemies":"Jaw Worm Horde","floor":38,"turns":4},{"damage":60,"enemies":"Spire Growth","floor":39,"turns":6},{"damage":69,"enemies":"Reptomancer","floor":41,"turns":5},{"damage":38,"enemies":"4 Shapes","floor":44,"turns":2}],"seed_played":"8049290171300033561","potions_obtained":[{"floor":7,"key":"LiquidBronze"},{"floor":8,"key":"Explosive Potion"},{"floor":10,"key":"SpeedPotion"},{"floor":16,"key":"Dexterity Potion"},{"floor":18,"key":"Regen Potion"},{"floor":21,"key":"Poison Potion"},{"floor":31,"key":"Swift Potion"},{"floor":33,"key":"Poison Potion"},{"floor":38,"key":"Ancient Potion"},{"floor":39,"key":"Regen Potion"}],"is_trial":false,"path_per_floor":["M","M","$","?","?","E","M","M","T","M","E","?","?","M","R","B",null,"M","$","?","M","M","R","E","R","T","$","M","R","?","M","R","B",null,"M","M","$","M","M","R","E","T","T","M"],"character_chosen":"IRONCLAD","items_purchased":["Panache+1","Inflame+1","Strawberry","Dark Shackles"],"campfire_rested":0,"item_purchase_floors":[19,27,37,37],"current_hp_per_floor":[80,80,80,60,65,71,73,72,72,72,57,57,40,57,57,9,85,79,79,79,85,85,85,85,85,85,85,73,73,25,44,44,36,85,85,85,92,92,65,65,34,34,34,0],"gold":449,"neow_bonus":"THREE_ENEMY_KILL","is_prod":false,"is_daily":false,"chose_seed":false,"campfire_upgraded":6,"win_rate":0,"timestamp":1565707303,"path_taken":["M","M","$","?","?","E","M","M","T","M","E","?","?","M","R","BOSS","M","$","?","?","M","R","E","R","T","?","M","R","?","?","R","BOSS","M","?","$","M","M","R","E","?","T","M"],"build_version":"2019-07-17","purchased_purges":3,"victory":false,"max_hp_per_floor":[80,80,80,80,85,85,85,85,85,85,85,85,85,85,85,85,85,85,85,85,85,85,85,85,85,85,85,85,85,85,85,85,85,85,85,85,92,92,92,92,92,92,92,92],"card_choices":[{"not_picked":["Anger","Disarm"],"picked":"True Grit","floor":1},{"not_picked":["Twin Strike","Warcry"],"picked":"Headbutt","floor":2},{"not_picked":["Flex","Power Through"],"picked":"Reaper","floor":6},{"not_picked":["True Grit","Clash"],"picked":"Dual Wield","floor":7},{"not_picked":["Searing Blow","Evolve+1"],"picked":"Armaments","floor":8},{"not_picked":["Cleave","Ghostly Armor"],"picked":"Sentinel","floor":10},{"not_picked":["Armaments","True Grit","Perfected Strike"],"picked":"SKIP","floor":11},{"not_picked":["Perfected Strike","Clash"],"picked":"Warcry","floor":14},{"not_picked":["Offering","Bludgeon"],"picked":"Demon Form+1","floor":16},{"not_picked":["Sword Boomerang+1","Headbutt"],"picked":"Shrug It Off","floor":18},{"not_picked":["Entrench","Heavy Blade"],"picked":"Inflame+1","floor":21},{"not_picked":["Perfected Strike","Pommel Strike","Twin Strike"],"picked":"SKIP","floor":22},{"not_picked":["Havoc","Wild Strike"],"picked":"Brutality+1","floor":24},{"not_picked":["Havoc","Perfected Strike","Heavy Blade"],"picked":"Entrench","floor":28},{"not_picked":["Warcry","Whirlwind","Cleave+1"],"picked":"Heavy Blade","floor":31},{"not_picked":["Brutality+1","Juggernaut+1","Fiend Fire"],"picked":"Double Tap","floor":33},{"not_picked":["Clash","Blood for Blood+1","Wild Strike"],"picked":"Clothesline+1","floor":35},{"not_picked":["Hemokinesis+1","Demon Form+1","True Grit"],"picked":"Dual Wield","floor":36},{"not_picked":["Rage+1","Reckless Charge","Flex+1","Headbutt"],"picked":"SKIP","floor":38},{"not_picked":["Rage","Flame Barrier+1","Armaments+1"],"picked":"Bloodletting+1","floor":39},{"not_picked":["Perfected Strike","Headbutt+1","Thunderclap+1"],"picked":"Offering","floor":41}],"player_experience":101281,"relics_obtained":[{"floor":6,"key":"Frozen Egg 2"},{"floor":9,"key":"Ornamental Fan"},{"floor":11,"key":"Mummified Hand"},{"floor":24,"key":"Question Card"},{"floor":26,"key":"Anchor"},{"floor":41,"key":"Oddly Smooth Stone"},{"floor":42,"key":"Happy Flower"},{"floor":43,"key":"Letter Opener"}],"event_choices":[{"damage_healed":0,"gold_gain":0,"player_choice":"Take Damage","damage_taken":20,"relics_obtained":["Golden Idol"],"max_hp_gain":0,"max_hp_loss":0,"event_name":"Golden Idol","floor":4,"gold_loss":0},{"damage_healed":0,"gold_gain":0,"player_choice":"Donut","damage_taken":0,"max_hp_gain":5,"max_hp_loss":0,"event_name":"Big Fish","floor":5,"gold_loss":0},{"damage_healed":0,"gold_gain":0,"player_choice":"Grow","damage_taken":0,"max_hp_gain":0,"max_hp_loss":0,"event_name":"Living Wall","floor":12,"gold_loss":0,"cards_upgraded":["True Grit"]},{"damage_healed":0,"gold_gain":0,"player_choice":"Entered Light","damage_taken":17,"max_hp_gain":0,"max_hp_loss":0,"event_name":"Shining Light","floor":13,"gold_loss":0,"cards_upgraded":["Strike_R","Reaper"]},{"cards_removed":["Strike_R"],"damage_healed":0,"gold_gain":0,"player_choice":"Offered Basic","damage_taken":0,"max_hp_gain":0,"max_hp_loss":0,"event_name":"Bonfire Elementals","floor":20,"gold_loss":0},{"damage_healed":0,"gold_gain":450,"player_choice":"GOLD GOLD GOLD GOLD GOLD ","damage_taken":48,"max_hp_gain":0,"max_hp_loss":0,"event_name":"Knowing Skull","floor":30,"potions_obtained":[],"gold_loss":0,"cards_obtained":[]}],"is_beta":false,"boss_relics":[{"not_picked":["Fusion Hammer","Eternal Feather"],"picked":"Mark of Pain"},{"not_picked":["Velvet Choker","Astrolabe"],"picked":"Cursed Key"}],"items_purged_floors":[3,19,37],"is_endless":false,"potions_floor_spawned":[7,8,10,16,18,21,31,33,38,39],"killed_by":"4 Shapes","ascension_level":2}