{"gold_per_floor":[116,116,130,8,20,46,46,64,64,64,91,91,91,13,13,115,115,129,142,142,142,142,142,169,186,186,186,198,198,214,239,239,239],"floor_reached":33,"playtime":1630,"items_purged":["Strike_R"],"score":347,"play_id":"73c2c5db-6257-4c1f-8aa0-8e9d3e4d9cfc","local_time":"20190813194154","is_ascension_mode":true,"campfire_choices":[{"data":"Demon Form","floor":7,"key":"SMITH"},{"data":"Uppercut","floor":10,"key":"SMITH"},{"data":"Corruption","floor":12,"key":"SMITH"},{"data":"Body Slam","floor":15,"key":"SMITH"},{"floor":27,"key":"REST"},{"floor":32,"key":"REST"}],"neow_cost":"NONE","seed_source_timestamp":14491739336529,"circlet_count":0,"master_deck":["Strike_R+1","Strike_R+1","Defend_R+1","Defend_R+1","Defend_R+1","Defend_R+1","Bash","Inflame","Corruption+1","Body Slam+1","Clash","Demon Form+1","Uppercut+1","Burning Pact","Metallicize","Double Tap","Armaments","Whirlwind","Sentinel","Feed","Shockwave","Body Slam+1","Ghostly","Ghostly","Ghostly","Ghostly","Ghostly","Impervious"],"relics":["Burning Blood","Boot","Calipers","Sundial","Juzu Bracelet","Fusion Hammer","Pen Nib","Question Card","Gambling Chip"],"potions_floor_usage":[6,11,11,16,16,24,24,33,33],"damage_taken":[{"damage":6,"enemies":"Cultist","floor":1,"turns":4},{"damage":0,"enemies":"Small Slimes","floor":3,"turns":3},{"damage":9,"enemies":"Jaw Worm","floor":5,"turns":5},{"damage":52,"enemies":"3 Sentries","floor":6,"turns":10},{"damage":10,"enemies":"Exordium Wildlife","floor":8,"turns":4},{"damage":18,"enemies":"Gremlin Nob","floor":11,"turns":4},{"damage":6,"enemies":"Hexaghost","floor":16,"turns":8},{"damage":31,"enemies":"2 Thieves","floor":18,"turns":4},{"damage":7,"enemies":"Chosen","floor":19,"turns":4},{"damage":30,"enemies":"Slavers","floor":24,"turns":4},{"damage":16,"enemies":"3 Cultists","floor":25,"turns":4},{"damage":9,"enemies":"Centurion and Healer","floor":28,"turns":5},{"damage":5,"enemies":"Snake Plant","floor":30,"turns":4},{"damage":27,"enemies":"Book of Stabbing","floor":31,"turns":8},{"damage":41,"enemies":"Automaton","floor":33,"turns":6}],"seed_played":"4879243307435260146","potions_obtained":[{"floor":1,"key":"EssenceOfSteel"},{"floor":6,"key":"Weak Potion"},{"floor":8,"key":"Block Potion"},{"floor":13,"key":"SpeedPotion"},{"floor":13,"key":"SkillPotion"},{"floor":13,"key":"Swift Potion"},{"floor":19,"key":"PowerPotion"},{"floor":30,"key":"Weak Potion"},{"floor":31,"key":"PowerPotion"}],"is_trial":false,"path_per_floor":["M","?","M","$","M","E","R","M","T","R","E","R","?","$","R","B",null,"M","M","?","?","?","?","E","M","T","R","M","?","M","E","R","B"],"character_chosen":"IRONCLAD","items_purchased":["Body Slam","Metallicize"],"campfire_rested":2,"item_purchase_floors":[4,14],"current_hp_per_floor":[80,80,80,80,77,31,31,27,27,27,15,15,15,15,15,15,80,55,54,54,54,54,54,30,20,20,44,41,40,40,19,31,0],"gold":239,"neow_bonus":"REMOVE_CARD","is_prod":false,"is_daily":false,"chose_seed":false,"campfire_upgraded":4,"win_rate":0,"timestamp":1565692914,"path_taken":["M","?","M","$","?","E","R","M","T","R","E","R","?","$","R","BOSS","M","M","?","?","?","?","E","M","T","R","M","?","M","E","R","BOSS"],"build_version":"2019-07-17","purchased_purges":1,"victory":false,"max_hp_per_floor":[80,80,80,80,80,80,80,80,80,80,80,80,80,80,80,80,80,80,80,80,80,80,80,80,80,80,80,80,40,40,40,40,40],"card_choices":[{"not_picked":["Heavy Blade","Armaments"],"picked":"Inflame","floor":1},{"not_picked":["Twin Strike","Iron Wave"],"picked":"Corruption","floor":3},{"not_picked":["Body Slam","Hemokinesis"],"picked":"Clash","floor":5},{"not_picked":["Wild Strike","Anger"],"picked":"Demon Form","floor":6},{"not_picked":["Shrug It Off","Second Wind"],"picked":"Uppercut","floor":8},{"not_picked":["Intimidate","Fire Breathing"],"picked":"Burning Pact","floor":11},{"not_picked":["Demon Form","Juggernaut"],"picked":"Double Tap","floor":16},{"not_picked":["Wild Strike+1","Thunderclap"],"picked":"Armaments","floor":18},{"not_picked":["Power Through","Warcry+1"],"picked":"Whirlwind","floor":19},{"not_picked":["Body Slam","Flex"],"picked":"Feed","floor":24},{"not_picked":["Infernal Blade","Carnage"],"picked":"Shockwave","floor":25},{"not_picked":["Heavy Blade","Anger+1","Pommel Strike"],"picked":"Body Slam+1","floor":28},{"not_picked":["Carnage+1","Anger","Rupture","Clothesline"],"picked":"SKIP","floor":30},{"not_picked":["Flex","Pummel","Headbutt"],"picked":"Impervious","floor":31}],"player_experience":88694,"relics_obtained":[{"floor":2,"key":"Boot"},{"floor":6,"key":"Calipers"},{"floor":9,"key":"Sundial"},{"floor":11,"key":"Juzu Bracelet"},{"floor":24,"key":"Pen Nib"},{"floor":26,"key":"Question Card"},{"floor":31,"key":"Gambling Chip"}],"event_choices":[{"damage_healed":0,"gold_gain":0,"player_choice":"Relic","damage_taken":0,"max_hp_gain":0,"max_hp_loss":0,"event_name":"Wheel of Change","floor":2,"gold_loss":0},{"damage_healed":0,"gold_gain":0,"player_choice":"Got Potions","damage_taken":0,"max_hp_gain":0,"max_hp_loss":0,"event_name":"Lab","floor":13,"gold_loss":0},{"damage_healed":0,"gold_gain":0,"player_choice":"Simplicity","damage_taken":0,"max_hp_gain":0,"max_hp_loss":0,"event_name":"Back to Basics","floor":20,"gold_loss":0,"cards_upgraded":["Strike_R","Strike_R","Strike_R","Defend_R","Defend_R","Defend_R","Defend_R"]},{"damage_healed":0,"gold_gain":0,"player_choice":"Ignored","damage_taken":0,"max_hp_gain":0,"max_hp_loss":0,"event_name":"Vampires","floor":21,"gold_loss":0},{"damage_healed":0,"gold_gain":0,"player_choice":"Read","damage_taken":0,"max_hp_gain":0,"max_hp_loss":0,"event_name":"The Library","floor":22,"gold_loss":0,"cards_obtained":["Sentinel"]},{"cards_removed":["Strike_R"],"damage_healed":0,"gold_gain":0,"player_choice":"Purged","damage_taken":0,"max_hp_gain":0,"max_hp_loss":0,"event_name":"Purifier","floor":23,"gold_loss":0},{"damage_healed":0,"gold_gain":0,"player_choice":"Became a Ghost","damage_taken":0,"max_hp_gain":0,"max_hp_loss":40,"event_name":"Ghosts","floor":29,"gold_loss":0,"cards_obtained":["Ghostly","Ghostly","Ghostly","Ghostly","Ghostly"]}],"is_beta":false,"boss_relics":[{"not_picked":["Black Star","Philosopher\u0027s Stone"],"picked":"Fusion Hammer"}],"items_purged_floors":[4],"is_endless":false,"potions_floor_spawned":[1,6,8,19,30,31],"killed_by":"Automaton","ascension_level":2}