{"gold_per_floor":[115,133,46,11,11,38,56,85,108,108,126,126,152,171,171,244,244,257,16,16,16,30,43,43,43,43,73,73,88,48,66,66,143,143,160,72,85,0,0],"floor_reached":39,"playtime":1231,"items_purged":["Strike_B"],"score":838,"play_id":"dedeed58-c0a9-470c-8030-2f78126b02bd","local_time":"20190807195436","is_ascension_mode":true,"campfire_choices":[{"floor":10.0,"key":"REST"},{"floor":15.0,"key":"REST"},{"floor":24,"key":"REST"},{"floor":28,"key":"REST"},{"floor":32,"key":"REST"}],"neow_cost":"NONE","seed_source_timestamp":0,"circlet_count":0,"master_deck":["AscendersBane","Defend_B","Defend_B","Defend_B","Defend_B","Zap","Dualcast","Electrodynamics","Ball Lightning","Coolheaded","Glacier","Echo Form","White Noise","Amplify","Coolheaded","Ball Lightning","Buffer","White Noise+1","Tempest+1","Auto Shields+1","Melter+1","Genetic Algorithm","Coolheaded","Buffer","Darkness","Sweeping Beam","Creative AI","Gash","Defragment"],"special_seed":0,"relics":["Cracked Core","GremlinMask","Blood Vial","Ancient Tea Set","Omamori","Pocketwatch","Astrolabe","Strawberry","Du-Vu Doll","Bottled Flame","Nuclear Battery"],"potions_floor_usage":[18,31,31,33,39],"damage_taken":[{"damage":0.0,"enemies":"2 Louse","floor":1.0,"turns":2.0},{"damage":7.0,"enemies":"Small Slimes","floor":2.0,"turns":2.0},{"damage":36.0,"enemies":"Gremlin Nob","floor":6.0,"turns":5.0},{"damage":4.0,"enemies":"Cultist","floor":7.0,"turns":3.0},{"damage":20.0,"enemies":"Lagavulin","floor":8.0,"turns":5.0},{"damage":22.0,"enemies":"3 Louse","floor":11.0,"turns":3.0},{"damage":24.0,"enemies":"Gremlin Nob","floor":13.0,"turns":4.0},{"damage":3.0,"enemies":"Exordium Wildlife","floor":14.0,"turns":5.0},{"damage":15.0,"enemies":"Slime Boss","floor":16.0,"turns":7.0},{"damage":12,"enemies":"3 Byrds","floor":18,"turns":2},{"damage":0,"enemies":"Chosen","floor":22,"turns":5},{"damage":13,"enemies":"3 Cultists","floor":23,"turns":4},{"damage":62,"enemies":"Book of Stabbing","floor":27,"turns":8},{"damage":13,"enemies":"Cultist and Chosen","floor":29,"turns":6},{"damage":12,"enemies":"Snake Plant","floor":31,"turns":5},{"damage":41,"enemies":"Collector","floor":33,"turns":11},{"damage":34,"enemies":"3 Shapes","floor":35,"turns":5},{"damage":6,"enemies":"Orb Walker","floor":37,"turns":4},{"damage":70,"enemies":"Jaw Worm Horde","floor":39,"turns":5}],"seed_played":"6898679425752556157","potions_obtained":[{"floor":2.0,"key":"SkillPotion"},{"floor":7.0,"key":"Ancient Potion"},{"floor":8.0,"key":"GamblersBrew"},{"floor":13.0,"key":"Block Potion"},{"floor":27,"key":"FocusPotion"},{"floor":29,"key":"SpeedPotion"},{"floor":30,"key":"Regen Potion"},{"floor":31,"key":"PowerPotion"}],"is_trial":false,"path_per_floor":["M","M","$","?","?","E","M","E","T","R","M","?","E","M","R","B",null,"M","$","?","?","M","M","R","$","T","E","R","M","?","M","R","B",null,"M","$","M","$","M"],"character_chosen":"DEFECT","items_purchased":["Glacier","Strawberry","Defragment","Regen Potion"],"campfire_rested":5,"item_purchase_floors":[3,19,36,38],"current_hp_per_floor":[64,57,57,71,71,35,33,15,15,36,16,33,11,10,31,18,58,48,55,71,49,51,40,64,64,64,4,28,17,17,21,45,6,64,32,32,28,28,0],"gold":0,"neow_bonus":"ONE_RANDOM_RARE_CARD","is_prod":false,"is_daily":false,"chose_seed":false,"campfire_upgraded":0,"win_rate":0,"timestamp":1565222076,"path_taken":["M","M","$","?","?","E","M","E","T","R","?","?","E","M","R","BOSS","M","$","?","?","M","M","R","$","T","E","R","M","?","M","R","BOSS","M","$","M","$","M"],"build_version":"2019-07-17","purchased_purges":1,"victory":false,"max_hp_per_floor":[71,71,71,71,71,71,71,71,71,71,71,71,71,71,71,71,71,71,78,78,83,83,83,83,83,83,83,83,83,83,83,83,83,83,83,83,83,83,83],"card_choices":[{"not_picked":["Turbo","Sweeping Beam"],"picked":"Ball Lightning","floor":1.0},{"not_picked":["Beam Cell","Doom and Gloom"],"picked":"Coolheaded","floor":2.0},{"not_picked":["Go for the Eyes","Rebound"],"picked":"Echo Form","floor":6.0},{"not_picked":["Redo","Chaos"],"picked":"White Noise","floor":7.0},{"not_picked":["Steam","Consume"],"picked":"Amplify","floor":8.0},{"not_picked":["Turbo","Streamline","Skim"],"picked":"SKIP","floor":11.0},{"not_picked":["Go for the Eyes","BootSequence"],"picked":"Coolheaded","floor":13.0},{"not_picked":["Leap","Go for the Eyes"],"picked":"Ball Lightning","floor":14.0},{"not_picked":["Thunder Strike","Rainbow"],"picked":"Buffer","floor":16.0},{"not_picked":["Conserve Battery","Auto Shields"],"picked":"Melter+1","floor":18},{"not_picked":["Gash","Cold Snap"],"picked":"Genetic Algorithm","floor":22},{"not_picked":["Lockon","Leap"],"picked":"Coolheaded","floor":23},{"not_picked":["Steam","Auto Shields"],"picked":"Buffer","floor":27},{"not_picked":["Barrage","Aggregate"],"picked":"Darkness","floor":29},{"not_picked":["Scrape","White Noise"],"picked":"Sweeping Beam","floor":31},{"not_picked":["Hyperbeam","Rainbow"],"picked":"Creative AI","floor":33},{"not_picked":["White Noise","Go for the Eyes"],"picked":"Gash","floor":35},{"not_picked":["Hologram","Fusion+1","Turbo"],"picked":"SKIP","floor":37}],"player_experience":554981,"relics_obtained":[{"floor":6.0,"key":"Blood Vial"},{"floor":8.0,"key":"Ancient Tea Set"},{"floor":9.0,"key":"Omamori"},{"floor":13.0,"key":"Pocketwatch"},{"floor":26,"key":"Du-Vu Doll"},{"floor":27,"key":"Bottled Flame"}],"event_choices":[{"damage_healed":17.0,"max_hp_gain":0.0,"max_hp_loss":0.0,"gold_gain":0.0,"event_name":"The Cleric","player_choice":"Healed","floor":4.0,"gold_loss":35.0,"damage_taken":0.0},{"damage_healed":0.0,"max_hp_gain":0.0,"max_hp_loss":0.0,"gold_gain":0.0,"event_name":"FaceTrader","player_choice":"Trade","floor":5.0,"gold_loss":0.0,"damage_taken":0.0,"relics_obtained":["GremlinMask"]},{"damage_healed":17.0,"max_hp_gain":0.0,"max_hp_loss":0.0,"gold_gain":0.0,"event_name":"Mushrooms","player_choice":"Healed and dodged fight","floor":12.0,"gold_loss":0.0,"damage_taken":0.0,"cards_obtained":["Parasite"]},{"damage_healed":16,"gold_gain":0,"player_choice":"Heal","damage_taken":0,"max_hp_gain":0,"max_hp_loss":0,"event_name":"The Library","floor":20,"gold_loss":0},{"damage_healed":0,"gold_gain":0,"player_choice":"Shed Blood","damage_taken":27,"max_hp_gain":5,"max_hp_loss":0,"event_name":"Forgotten Altar","floor":21,"gold_loss":0},{"damage_healed":0,"gold_gain":0,"player_choice":"Bought 3 Potions","damage_taken":0,"max_hp_gain":0,"max_hp_loss":0,"event_name":"The Woman in Blue","floor":30,"gold_loss":0}],"is_beta":false,"boss_relics":[{"not_picked":["Busted Crown","Inserter"],"picked":"Astrolabe"},{"not_picked":["Lizard Tail","White Beast Statue"],"picked":"Nuclear Battery"}],"items_purged_floors":[19],"is_endless":false,"potions_floor_spawned":[2,7,8,13,27,29,31],"killed_by":"Jaw Worm Horde","ascension_level":20}