{"gold_per_floor":[117,131,145,162,162,189,189,189,189,189,202,202,220,240,240,311,311,288,288,301,320,26,26,58,58,128,128],"floor_reached":27,"playtime":1077,"items_purged":["Strike_B"],"score":450,"play_id":"d50a8002-b6f1-4b9d-982c-ec9469f09912","local_time":"20190808220251","is_ascension_mode":true,"campfire_choices":[{"data":"Loop","floor":8.0,"key":"SMITH"},{"floor":10.0,"key":"RECALL"},{"data":"Glacier","floor":12.0,"key":"SMITH"},{"floor":15,"key":"REST"},{"floor":23,"key":"REST"},{"data":"Buffer","floor":25,"key":"SMITH"}],"neow_cost":"NONE","seed_source_timestamp":584465109730147,"circlet_count":0,"master_deck":["AscendersBane","Strike_B","Strike_B+1","Strike_B+1","Defend_B","Defend_B","Defend_B","Defend_B","Zap+1","Dualcast","Gash","Undo","Loop+1","Cold Snap","Glacier+1","White Noise","Buffer+1","Leap","Leap","Hologram","Loop"],"special_seed":0,"relics":["Cracked Core","Singing Bowl","Inserter","Enchiridion","Art of War","Bronze Scales","Bottled Flame"],"potions_floor_usage":[14,16,16,27,27],"damage_taken":[{"damage":3.0,"enemies":"2 Louse","floor":1.0,"turns":3.0},{"damage":7.0,"enemies":"Jaw Worm","floor":2.0,"turns":3.0},{"damage":0.0,"enemies":"Cultist","floor":3.0,"turns":3.0},{"damage":11.0,"enemies":"2 Fungi Beasts","floor":4.0,"turns":3.0},{"damage":1.0,"enemies":"Blue Slaver","floor":11.0,"turns":4.0},{"damage":6.0,"enemies":"Large Slime","floor":13.0,"turns":6.0},{"damage":5,"enemies":"Gremlin Gang","floor":14,"turns":5},{"damage":19,"enemies":"Slime Boss","floor":16,"turns":11},{"damage":17,"enemies":"2 Thieves","floor":18,"turns":4},{"damage":0,"enemies":"Chosen","floor":20,"turns":7},{"damage":0,"enemies":"Snecko","floor":21,"turns":7},{"damage":18,"enemies":"Slavers","floor":24,"turns":4},{"damage":35,"enemies":"3 Cultists","floor":27,"turns":5}],"seed_played":"-3861509345850479909","potions_obtained":[{"floor":2.0,"key":"Strength Potion"},{"floor":3.0,"key":"AttackPotion"},{"floor":14,"key":"SteroidPotion"},{"floor":18,"key":"AttackPotion"},{"floor":20,"key":"Weak Potion"}],"is_trial":false,"path_per_floor":["M","M","M","M","?","T","?","R","T","R","M","R","M","M","R","B",null,"M","?","M","M","$","R","E","R","T","M"],"character_chosen":"DEFECT","items_purchased":["Art of War","Hologram"],"campfire_rested":2,"item_purchase_floors":[22,22],"current_hp_per_floor":[61,54,54,43,22,22,27,27,27,27,26,26,22,17,40,21,64,47,26,26,28,28,52,34,34,34,0],"gold":128,"neow_bonus":"UPGRADE_CARD","is_prod":false,"is_daily":false,"chose_seed":false,"campfire_upgraded":3,"win_rate":0,"timestamp":1565326971,"path_taken":["M","M","M","M","?","?","?","R","T","R","M","R","M","M","R","BOSS","M","?","M","M","$","R","E","R","T","M"],"build_version":"2019-07-18","purchased_purges":1,"victory":false,"max_hp_per_floor":[71,71,71,71,71,71,76,76,76,76,76,76,78,78,78,78,78,78,78,78,80,80,80,80,80,80,80],"card_choices":[{"not_picked":["Stack","Reprogram"],"picked":"Gash","floor":1.0},{"not_picked":["Auto Shields","Recycle"],"picked":"Undo","floor":2.0},{"not_picked":["Static Discharge","Aggregate"],"picked":"Loop","floor":3.0},{"not_picked":["Capacitor","Conserve Battery"],"picked":"Cold Snap","floor":4.0},{"not_picked":["Ball Lightning","Reprogram"],"picked":"Glacier","floor":11.0},{"not_picked":["Thunder Strike","Redo","Rebound"],"picked":"Singing Bowl","floor":13.0},{"not_picked":["Recycle","Sweeping Beam"],"picked":"White Noise","floor":14},{"not_picked":["Biased Cognition","Multi-Cast"],"picked":"Buffer","floor":16},{"not_picked":["Go for the Eyes","Double Energy"],"picked":"Leap","floor":18},{"not_picked":["Steam","Rebound"],"picked":"Leap","floor":20},{"not_picked":["FTL","Beam Cell","Sweeping Beam"],"picked":"Singing Bowl","floor":21},{"not_picked":["Double Energy","Chaos"],"picked":"Loop","floor":24}],"player_experience":2903208,"relics_obtained":[{"floor":9.0,"key":"Singing Bowl"},{"floor":19,"key":"Enchiridion"},{"floor":24,"key":"Bronze Scales"},{"floor":26,"key":"Bottled Flame"}],"event_choices":[{"damage_healed":0.0,"max_hp_gain":0.0,"max_hp_loss":0.0,"gold_gain":0.0,"event_name":"Shining Light","player_choice":"Entered Light","floor":5.0,"gold_loss":0.0,"damage_taken":21.0,"cards_upgraded":["Strike_B","Strike_B"]},{"damage_healed":0.0,"max_hp_gain":5.0,"max_hp_loss":0.0,"gold_gain":0.0,"event_name":"Big Fish","player_choice":"Donut","floor":7.0,"gold_loss":0.0,"damage_taken":0.0},{"damage_healed":0,"gold_gain":0,"player_choice":"Obtained Book","damage_taken":21,"max_hp_gain":0,"max_hp_loss":0,"event_name":"Cursed Tome","floor":19,"gold_loss":0}],"is_beta":true,"boss_relics":[{"not_picked":["Black Star","Runic Dome"],"picked":"Inserter"}],"items_purged_floors":[22],"is_endless":false,"potions_floor_spawned":[2,3,11,14,18,20],"killed_by":"3 Cultists","ascension_level":20}