{"gold_per_floor":[114,127,15,15,15,40,40,70,97,1,1,25,44,60,60,162,162,172,190,202,2,17,17,30,30,30,46,61,61,90,108,108,108],"floor_reached":33,"playtime":2092,"items_purged":["Strike_G","Strike_G"],"score":380,"play_id":"14dbee15-2ab7-404a-8cac-4bcf7b43822f","local_time":"20190902185405","is_ascension_mode":true,"campfire_choices":[{"floor":7.0,"key":"REST"},{"data":"Deadly Poison","floor":11.0,"key":"SMITH"},{"floor":15.0,"key":"REST"},{"data":"Tactician","floor":23.0,"key":"SMITH"},{"data":"Tactician","floor":25.0,"key":"SMITH"},{"floor":29.0,"key":"REST"},{"floor":32,"key":"REST"}],"neow_cost":"NONE","seed_source_timestamp":10467140526260,"circlet_count":0,"master_deck":["Strike_G","Strike_G","Defend_G","Defend_G","Defend_G","Defend_G","Defend_G","Survivor","Neutralize","Tactician+1","Deadly Poison","Bouncing Flask","Deadly Poison+1","Acrobatics","Backflip","Backflip","Poisoned Stab","Corpse Explosion","Crippling Poison","Tactician+1","Footwork","Backflip+1","Escape Plan","Blur","Deflect"],"special_seed":0,"relics":["Ring of the Snake","Oddly Smooth Stone","Art of War","Dream Catcher","MawBank","Ancient Tea Set","Orrery","Lee\u0027s Waffle","Question Card","Lantern"],"potions_floor_usage":[33],"damage_taken":[{"damage":0.0,"enemies":"Small Slimes","floor":1.0,"turns":5.0},{"damage":2.0,"enemies":"Jaw Worm","floor":2.0,"turns":6.0},{"damage":39.0,"enemies":"Gremlin Nob","floor":6.0,"turns":5.0},{"damage":27.0,"enemies":"Lagavulin","floor":8.0,"turns":8.0},{"damage":0.0,"enemies":"Cultist","floor":13.0,"turns":4.0},{"damage":11.0,"enemies":"Gremlin Gang","floor":14.0,"turns":4.0},{"damage":18.0,"enemies":"The Guardian","floor":16.0,"turns":8.0},{"damage":17.0,"enemies":"2 Thieves","floor":18.0,"turns":3.0},{"damage":5.0,"enemies":"Spheric Guardian","floor":19.0,"turns":3.0},{"damage":10.0,"enemies":"Snake Plant","floor":20.0,"turns":5.0},{"damage":11.0,"enemies":"Shelled Parasite and Fungi","floor":22.0,"turns":7.0},{"damage":41.0,"enemies":"Snecko","floor":24.0,"turns":5.0},{"damage":0.0,"enemies":"Centurion and Healer","floor":27.0,"turns":5.0},{"damage":12.0,"enemies":"Chosen and Byrds","floor":28.0,"turns":5.0},{"damage":27,"enemies":"Gremlin Leader","floor":30,"turns":6},{"damage":0,"enemies":"Snecko","floor":31,"turns":5},{"damage":32,"enemies":"Automaton","floor":33,"turns":6}],"seed_played":"3309245485023196156","potions_obtained":[{"floor":1.0,"key":"FearPotion"},{"floor":2.0,"key":"Block Potion"},{"floor":13.0,"key":"Explosive Potion"},{"floor":14.0,"key":"Regen Potion"},{"floor":19.0,"key":"LiquidBronze"},{"floor":24.0,"key":"LiquidBronze"},{"floor":30,"key":"LiquidBronze"}],"is_trial":false,"path_per_floor":["M","M","$","?","?","E","R","E","T","$","R","T","M","M","R","B",null,"M","M","M","$","M","R","M","R","T","M","M","R","E","M","R","B"],"character_chosen":"THE_SILENT","items_purchased":["Bouncing Flask","Lee\u0027s Waffle"],"campfire_rested":4,"item_purchase_floors":[3,21],"current_hp_per_floor":[70,68,68,68,68,29,50,23,23,23,23,23,23,12,33,29,60,43,38,28,77,66,66,25,25,25,25,13,36,9,9,32,0],"gold":108,"neow_bonus":"RANDOM_COMMON_RELIC","is_prod":false,"is_daily":false,"chose_seed":false,"campfire_upgraded":3,"win_rate":0,"timestamp":1567443245,"path_taken":["M","M","$","?","?","E","R","E","T","$","R","?","M","M","R","BOSS","M","M","?","$","M","R","M","R","T","M","M","R","E","M","R","BOSS"],"build_version":"2019-07-17","purchased_purges":2,"victory":false,"max_hp_per_floor":[70,70,70,70,70,70,70,70,70,70,70,70,70,70,70,70,70,70,70,70,77,77,77,77,77,77,77,77,77,77,77,77,77],"card_choices":[{"not_picked":["Choke","Backstab"],"picked":"Tactician","floor":1.0},{"not_picked":["Sucker Punch","Escape Plan"],"picked":"Deadly Poison","floor":2.0},{"not_picked":["Expertise","Endless Agony"],"picked":"Deadly Poison","floor":6.0},{"not_picked":["Finisher","Blade Dance"],"picked":"Acrobatics","floor":8.0},{"not_picked":["Riddle With Holes","Footwork"],"picked":"Backflip","floor":13.0},{"not_picked":["Quick Slash","Dagger Spray"],"picked":"Backflip","floor":14.0},{"not_picked":["Cloak And Dagger","Dodge and Roll"],"picked":"Poisoned Stab","floor":15.0},{"not_picked":["Grand Finale","After Image"],"picked":"Corpse Explosion","floor":16.0},{"not_picked":["Flying Knee","PiercingWail"],"picked":"Crippling Poison","floor":17.0},{"not_picked":["Underhanded Strike","Cloak And Dagger"],"picked":"Tactician","floor":17.0},{"not_picked":["Slice","Crippling Poison","Dagger Throw"],"picked":"SKIP","floor":18.0},{"not_picked":["Underhanded Strike","Flying Knee","Doppelganger"],"picked":"SKIP","floor":19.0},{"not_picked":["Blade Dance","Deadly Poison","Infinite Blades+1"],"picked":"SKIP","floor":20.0},{"not_picked":["Blade Dance","Dodge and Roll","Accuracy+1"],"picked":"SKIP","floor":22.0},{"not_picked":["Crippling Poison","Slice","Acrobatics"],"picked":"SKIP","floor":24.0},{"not_picked":["Quick Slash","Underhanded Strike+1","Flying Knee","Deadly Poison"],"picked":"SKIP","floor":27.0},{"not_picked":["Skewer","Endless Agony","Dodge and Roll"],"picked":"Footwork","floor":28.0},{"not_picked":["Caltrops+1","Leg Sweep","Choke+1"],"picked":"Backflip+1","floor":29.0},{"not_picked":["Skewer","Dagger Throw","Die Die Die"],"picked":"Escape Plan","floor":30},{"not_picked":["Crippling Poison","Infinite Blades","Dagger Throw"],"picked":"Blur","floor":31},{"not_picked":["Flying Knee+1","Bane+1","Dagger Throw"],"picked":"Deflect","floor":32}],"player_experience":178233,"relics_obtained":[{"floor":6.0,"key":"Art of War"},{"floor":8.0,"key":"Dream Catcher"},{"floor":9.0,"key":"MawBank"},{"floor":12.0,"key":"Ancient Tea Set"},{"floor":26.0,"key":"Question Card"},{"floor":30,"key":"Lantern"}],"event_choices":[{"cards_removed":["Strike_G"],"damage_healed":0.0,"max_hp_gain":0.0,"max_hp_loss":0.0,"gold_gain":0.0,"event_name":"Living Wall","player_choice":"Forget","floor":4.0,"gold_loss":0.0,"damage_taken":0.0},{"damage_healed":0.0,"max_hp_gain":0.0,"max_hp_loss":0.0,"gold_gain":0.0,"event_name":"Liars Game","player_choice":"Ignored","floor":5.0,"gold_loss":0.0,"damage_taken":0.0}],"is_beta":false,"boss_relics":[{"not_picked":["Pandora\u0027s Box","Lizard Tail"],"picked":"Orrery"}],"items_purged_floors":[3,10],"is_endless":false,"potions_floor_spawned":[1,2,13,14,19,24,27,30],"killed_by":"Automaton","ascension_level":5}