{"gold_per_floor":[113,24,24,35,35,67,67,80,151,164,178,178,195,209,209,286,286,305,305,316,241,253,253,284,284,284,297,330,330,31,62,62,139,139,153,153,167,217,228,228,228,228],"floor_reached":42,"playtime":1551,"items_purged":["Normality"],"score":893,"play_id":"ffa6205d-c8ad-403a-bfdb-9edb2bf9ca13","local_time":"20190520182651","is_ascension_mode":true,"campfire_choices":[{"data":"Neutralize","floor":7,"key":"SMITH"},{"data":"Dagger Spray","floor":12,"key":"SMITH"},{"data":"Bane","floor":15,"key":"SMITH"},{"floor":23,"key":"REST"},{"floor":25,"key":"REST"},{"floor":29,"key":"REST"},{"floor":32,"key":"REST"},{"floor":40,"key":"REST"}],"neow_cost":"CURSE","seed_source_timestamp":860312546389746,"circlet_count":0,"master_deck":["AscendersBane","Defend_G","Defend_G","Defend_G","Defend_G","Defend_G","Strike_G","Strike_G","Strike_G","Strike_G","Strike_G","Survivor","Neutralize+1","Dagger Spray+1","Noxious Fumes+1","Deadly Poison","Bane+1","PiercingWail","Backstab","Dodge and Roll","Caltrops","PiercingWail","Adrenaline","Deflect+1","Backstab","Backflip","Night Terror","PiercingWail+1","Backstab+1","Shrug It Off","Blind"],"relics":["Ring of the Snake","Gambling Chip","Anchor","Darkstone Periapt","Cursed Key","MutagenicStrength","Lantern","Torii","Oddly Smooth Stone","PrismaticShard","Regal Pillow","Philosopher\u0027s Stone"],"potions_floor_usage":[28,28,33,39,39],"damage_taken":[{"damage":0,"enemies":"2 Louse","floor":1,"turns":4},{"damage":2,"enemies":"Jaw Worm","floor":4,"turns":5},{"damage":29,"enemies":"Lagavulin","floor":6,"turns":8},{"damage":0,"enemies":"Small Slimes","floor":8,"turns":3},{"damage":4,"enemies":"Blue Slaver","floor":10,"turns":3},{"damage":6,"enemies":"Exordium Thugs","floor":11,"turns":4},{"damage":0,"enemies":"Looter","floor":13,"turns":3},{"damage":0,"enemies":"3 Louse","floor":14,"turns":1},{"damage":20,"enemies":"The Guardian","floor":16,"turns":9},{"damage":4,"enemies":"Chosen","floor":18,"turns":5},{"damage":0,"enemies":"2 Thieves","floor":20,"turns":4},{"damage":20,"enemies":"Centurion and Healer","floor":22,"turns":7},{"damage":21,"enemies":"Book of Stabbing","floor":24,"turns":5},{"damage":9,"enemies":"Snake Plant","floor":27,"turns":5},{"damage":44,"enemies":"Gremlin Leader","floor":28,"turns":9},{"damage":13,"enemies":"Book of Stabbing","floor":31,"turns":6},{"damage":48,"enemies":"Collector","floor":33,"turns":7},{"damage":11,"enemies":"3 Darklings","floor":35,"turns":8},{"damage":4,"enemies":"3 Shapes","floor":37,"turns":4},{"damage":42,"enemies":"Spire Growth","floor":39,"turns":6},{"damage":33,"enemies":"Maw","floor":42,"turns":8}],"seed_played":"4462163224275678070","potions_obtained":[{"floor":8,"key":"Poison Potion"},{"floor":13,"key":"Swift Potion"},{"floor":20,"key":"Weak Potion"},{"floor":31,"key":"Strength Potion"},{"floor":35,"key":"Explosive Potion"},{"floor":37,"key":"Block Potion"}],"is_trial":false,"path_per_floor":["M","$","?","M","?","E","R","M","T","M","M","R","M","M","R","B",null,"M","?","M","?","M","R","E","R","T","M","E","R","$","E","R","B",null,"M","?","M","?","M","R","?","M"],"character_chosen":"THE_SILENT","items_purchased":["Noxious Fumes","PrismaticShard"],"campfire_rested":5,"item_purchase_floors":[2,30],"current_hp_per_floor":[59,59,59,57,62,33,33,33,33,29,23,23,23,23,23,3,54,50,50,50,50,30,51,30,51,57,48,4,27,27,14,52,4,59,48,48,44,44,2,40,40,7],"gold":228,"neow_bonus":"ONE_RARE_RELIC","is_prod":false,"is_daily":false,"chose_seed":false,"campfire_upgraded":3,"win_rate":0,"timestamp":1558391211,"path_taken":["M","$","?","M","?","E","R","M","T","M","M","R","M","M","R","BOSS","M","?","M","?","M","R","E","R","T","M","E","R","$","E","R","BOSS","M","?","M","?","?","R","?","M"],"build_version":"2019-01-23","purchased_purges":1,"victory":false,"max_hp_per_floor":[66,66,66,66,71,71,71,71,71,71,71,71,71,71,71,71,71,71,71,71,71,71,71,71,71,77,77,77,77,77,77,77,77,77,77,77,77,77,77,77,77,77],"card_choices":[{"not_picked":["Slice","Blur"],"picked":"Dagger Spray","floor":1},{"not_picked":["Blade Dance","PiercingWail"],"picked":"Deadly Poison","floor":4},{"not_picked":["Backflip","Acrobatics"],"picked":"Bane","floor":6},{"not_picked":["Tactician","Quick Slash"],"picked":"PiercingWail","floor":8},{"not_picked":["Deadly Poison","Acrobatics"],"picked":"Backstab","floor":10},{"not_picked":["Tactician","Reflex"],"picked":"Dodge and Roll","floor":11},{"not_picked":["Flechettes","Dagger Spray"],"picked":"Caltrops","floor":13},{"not_picked":["Outmaneuver","Blur"],"picked":"PiercingWail","floor":14},{"not_picked":["Night Terror","Tools of the Trade"],"picked":"Adrenaline","floor":16},{"not_picked":["Flying Knee","Outmaneuver"],"picked":"Deflect+1","floor":18},{"not_picked":["Flying Knee","Deflect","Dodge and Roll"],"picked":"SKIP","floor":20},{"not_picked":["Accuracy","Terror"],"picked":"Backstab","floor":22},{"not_picked":["Dagger Throw+1","Concentrate"],"picked":"Backflip","floor":24},{"not_picked":["Underhanded Strike","Dodge and Roll"],"picked":"Night Terror","floor":27},{"not_picked":["Predator","Sucker Punch"],"picked":"PiercingWail+1","floor":28},{"not_picked":["Deflect","Bludgeon","Prepared"],"picked":"SKIP","floor":31},{"not_picked":["Deadly Poison+1","Bane"],"picked":"Backstab+1","floor":35},{"not_picked":["Rebound","Barrage","Wild Strike+1"],"picked":"SKIP","floor":37},{"not_picked":["BootSequence","Perfected Strike"],"picked":"Shrug It Off","floor":39},{"not_picked":["Mind Blast","Dark Shackles"],"picked":"Blind","floor":41}],"player_experience":387340,"relics_obtained":[{"floor":6,"key":"Anchor"},{"floor":9,"key":"Darkstone Periapt"},{"floor":24,"key":"Lantern"},{"floor":26,"key":"Torii"},{"floor":28,"key":"Oddly Smooth Stone"},{"floor":31,"key":"Regal Pillow"}],"event_choices":[{"damage_healed":0,"gold_gain":0,"player_choice":"Grow","damage_taken":0,"max_hp_gain":0,"max_hp_loss":0,"event_name":"Living Wall","floor":3,"gold_loss":0,"cards_upgraded":["Noxious Fumes"]},{"damage_healed":0,"gold_gain":0,"player_choice":"Donut","damage_taken":0,"max_hp_gain":5,"max_hp_loss":0,"event_name":"Big Fish","floor":5,"gold_loss":0},{"damage_healed":0,"gold_gain":0,"player_choice":"Inject Mutagens","damage_taken":0,"relics_obtained":["MutagenicStrength"],"max_hp_gain":0,"max_hp_loss":0,"event_name":"Drug Dealer","floor":19,"gold_loss":0},{"cards_removed":["Doubt"],"damage_healed":0,"gold_gain":0,"player_choice":"Gave Gold","damage_taken":0,"max_hp_gain":0,"max_hp_loss":0,"event_name":"Beggar","floor":21,"gold_loss":75},{"damage_healed":0,"gold_gain":0,"player_choice":"Ignored","damage_taken":0,"max_hp_gain":0,"max_hp_loss":0,"event_name":"Tomb of Lord Red Mask","floor":36,"gold_loss":0},{"damage_healed":0,"gold_gain":50,"player_choice":"Pray","damage_taken":0,"max_hp_gain":0,"max_hp_loss":0,"event_name":"Golden Shrine","floor":38,"gold_loss":0},{"damage_healed":0,"gold_gain":0,"player_choice":"Memory 1","damage_taken":0,"max_hp_gain":0,"max_hp_loss":0,"event_name":"SensoryStone","floor":41,"gold_loss":0}],"is_beta":false,"boss_relics":[{"not_picked":["Lizard Tail","Eternal Feather"],"picked":"Cursed Key"},{"not_picked":["WristBlade","Runic Dome"],"picked":"Philosopher\u0027s Stone"}],"items_purged_floors":[30],"is_endless":false,"potions_floor_spawned":[8,13,14,18,20,31,35,37],"killed_by":"Maw","ascension_level":19}