{"gold_per_floor":[20,20,20,195,206,206,222,222,222,222,232,232,247,97,97,193,193,211,211,1,11,21,21,52,71,71,87,106,106,206,124,124,221,271,288,288],"floor_reached":36,"playtime":3011,"items_purged":["Doubt","Strike_G"],"score":393,"play_id":"444e8bab-5e01-4603-84f2-58d669b61a48","local_time":"20190813205506","is_ascension_mode":true,"campfire_choices":[{"data":"Neutralize","floor":6,"key":"SMITH"},{"data":"Dash","floor":8,"key":"SMITH"},{"data":"Underhanded Strike","floor":12,"key":"SMITH"},{"data":"Noxious Fumes","floor":15,"key":"SMITH"},{"data":"Malaise","floor":23,"key":"SMITH"},{"floor":32,"key":"REST"}],"neow_cost":"NO_GOLD","seed_source_timestamp":17504097343457,"circlet_count":0,"master_deck":["Defend_G+1","Defend_G+1","Defend_G+1","Defend_G+1","Defend_G+1","Survivor+1","Neutralize+1","Underhanded Strike+1","Dagger Throw","Dash+1","Heel Hook","Bane","Blur","Noxious Fumes+1","Tools of the Trade","Prepared","Dodge and Roll","PiercingWail","Acrobatics","Caltrops+1","Footwork","Terror","Malaise+1","Acrobatics","Catalyst","Tactician+1","Dodge and Roll+1","Finesse","Burst","Noxious Fumes","PiercingWail"],"relics":["Ring of the Snake","Mercury Hourglass","Orrery","Shuriken","Incense Burner","StoneCalendar","Bottled Lightning","Tiny House"],"potions_floor_usage":[16,18,21,24,24,30,35,36],"damage_taken":[{"damage":10,"enemies":"Cultist","floor":1,"turns":7},{"damage":0,"enemies":"2 Louse","floor":5,"turns":4},{"damage":0,"enemies":"Small Slimes","floor":7,"turns":3},{"damage":0,"enemies":"2 Fungi Beasts","floor":11,"turns":2},{"damage":3,"enemies":"Red Slaver","floor":13,"turns":2},{"damage":6,"enemies":"Hexaghost","floor":16,"turns":8},{"damage":21,"enemies":"3 Byrds","floor":18,"turns":4},{"damage":0,"enemies":"Spheric Guardian","floor":21,"turns":6},{"damage":13,"enemies":"Chosen and Byrds","floor":22,"turns":6},{"damage":16,"enemies":"Gremlin Leader","floor":24,"turns":6},{"damage":0,"enemies":"Snake Plant","floor":25,"turns":6},{"damage":0,"enemies":"Shelled Parasite and Fungi","floor":27,"turns":5},{"damage":2,"enemies":"Centurion and Healer","floor":28,"turns":10},{"damage":0,"enemies":"Colosseum Slavers","floor":30,"turns":5},{"damage":2,"enemies":"Colosseum Nobs","floor":30,"turns":6},{"damage":31,"enemies":"Automaton","floor":33,"turns":12},{"damage":60,"enemies":"3 Shapes","floor":35,"turns":5},{"damage":27,"enemies":"2 Orb Walkers","floor":36,"turns":4}],"seed_played":"-2737683386382734293","potions_obtained":[{"floor":1,"key":"Strength Potion"},{"floor":11,"key":"Strength Potion"},{"floor":13,"key":"FairyPotion"},{"floor":19,"key":"AttackPotion"},{"floor":19,"key":"Block Potion"},{"floor":21,"key":"SpeedPotion"},{"floor":28,"key":"AttackPotion"},{"floor":30,"key":"SteroidPotion"},{"floor":33,"key":"Energy Potion"},{"floor":34,"key":"PowerPotion"}],"is_trial":false,"path_per_floor":["M","$","?","?","M","R","M","R","T","?","M","R","M","$","R","B",null,"M","?","$","M","M","R","E","M","T","M","M","?","?","$","R","B",null,"M","?"],"character_chosen":"THE_SILENT","items_purchased":["Noxious Fumes","Footwork","Terror","Finesse"],"campfire_rested":1,"item_purchase_floors":[14,20,20,31],"current_hp_per_floor":[60,60,53,53,53,53,53,53,53,53,53,53,50,50,50,44,70,49,49,49,49,36,36,20,20,20,20,18,18,16,16,37,6,75,15,7],"gold":288,"neow_bonus":"REMOVE_TWO","is_prod":false,"is_daily":false,"chose_seed":false,"campfire_upgraded":5,"win_rate":0,"timestamp":1565697306,"path_taken":["M","?","?","?","M","R","M","R","T","?","?","R","?","$","R","BOSS","M","?","?","M","M","R","E","?","T","M","M","?","?","$","R","BOSS","M","?"],"build_version":"2019-07-17","purchased_purges":2,"victory":false,"max_hp_per_floor":[70,70,70,70,70,70,70,70,70,70,70,70,70,70,70,70,70,70,70,70,70,70,70,70,70,70,70,70,70,70,70,70,70,75,75,75],"card_choices":[{"not_picked":["Distraction","Dodge and Roll"],"picked":"Underhanded Strike","floor":1},{"not_picked":["Reflex","Masterful Stab"],"picked":"Dagger Throw","floor":5},{"not_picked":["Quick Slash","Flying Knee"],"picked":"Dash","floor":7},{"not_picked":["Caltrops","Slice"],"picked":"Bane","floor":11},{"not_picked":["Underhanded Strike","Backflip"],"picked":"Blur","floor":13},{"not_picked":["A Thousand Cuts","Corpse Explosion"],"picked":"Tools of the Trade","floor":16},{"not_picked":["Quick Slash","Infinite Blades"],"picked":"Prepared","floor":17},{"not_picked":["Bouncing Flask","Flying Knee"],"picked":"Dodge and Roll","floor":17},{"not_picked":["Deadly Poison","Heel Hook"],"picked":"PiercingWail","floor":17},{"not_picked":["Flying Knee","Heel Hook"],"picked":"Acrobatics","floor":17},{"not_picked":["Underhanded Strike+1","Leg Sweep+1"],"picked":"Caltrops+1","floor":18},{"not_picked":["Tactician","Flying Knee"],"picked":"Malaise","floor":21},{"not_picked":["Heel Hook","Infinite Blades"],"picked":"Acrobatics","floor":22},{"not_picked":["Leg Sweep+1","Noxious Fumes"],"picked":"Catalyst","floor":24},{"not_picked":["Sucker Punch","PiercingWail"],"picked":"Tactician+1","floor":25},{"not_picked":["Infinite Blades+1","Acrobatics"],"picked":"Dodge and Roll+1","floor":27},{"not_picked":["Backflip+1","Terror","Dodge and Roll+1"],"picked":"SKIP","floor":28},{"not_picked":["Wraith Form v2","Doppelganger"],"picked":"Burst","floor":33},{"not_picked":["Infinite Blades+1","Bane"],"picked":"Noxious Fumes","floor":34},{"not_picked":["Sucker Punch+1","Dagger Spray"],"picked":"PiercingWail","floor":35}],"player_experience":91654,"relics_obtained":[{"floor":9,"key":"Mercury Hourglass"},{"floor":24,"key":"Shuriken"},{"floor":26,"key":"Incense Burner"},{"floor":30,"key":"StoneCalendar"},{"floor":30,"key":"Bottled Lightning"}],"event_choices":[{"cards_removed":["Strike_G"],"damage_healed":0,"gold_gain":0,"player_choice":"Card Removal","damage_taken":7,"max_hp_gain":0,"max_hp_loss":0,"event_name":"Golden Wing","floor":3,"gold_loss":0},{"damage_healed":0,"gold_gain":175,"player_choice":"AGREE","damage_taken":0,"max_hp_gain":0,"max_hp_loss":0,"event_name":"Liars Game","floor":4,"gold_loss":0,"cards_obtained":["Doubt"]},{"damage_healed":0,"gold_gain":0,"cards_transformed":["Strike_G"],"player_choice":"Transformed","damage_taken":0,"max_hp_gain":0,"max_hp_loss":0,"event_name":"Transmorgrifier","floor":10,"gold_loss":0,"cards_obtained":["Heel Hook"]},{"damage_healed":0,"gold_gain":0,"player_choice":"Got Potions","damage_taken":0,"max_hp_gain":0,"max_hp_loss":0,"event_name":"Lab","floor":19,"gold_loss":0},{"damage_healed":0,"gold_gain":0,"player_choice":"Simplicity","damage_taken":0,"max_hp_gain":0,"max_hp_loss":0,"event_name":"Back to Basics","floor":29,"gold_loss":0,"cards_upgraded":["Defend_G","Defend_G","Defend_G","Defend_G","Defend_G"]},{"damage_healed":0,"gold_gain":0,"player_choice":"Fight","damage_taken":0,"max_hp_gain":0,"max_hp_loss":0,"event_name":"Colosseum","floor":30,"gold_loss":0},{"damage_healed":0,"gold_gain":0,"player_choice":"Fought Nobs","damage_taken":0,"max_hp_gain":0,"max_hp_loss":0,"event_name":"Colosseum","floor":30,"gold_loss":0},{"damage_healed":0,"gold_gain":0,"player_choice":"Fight","damage_taken":0,"max_hp_gain":0,"max_hp_loss":0,"event_name":"Mysterious Sphere","floor":36,"gold_loss":0}],"is_beta":false,"boss_relics":[{"not_picked":["Black Star","Runic Dome"],"picked":"Orrery"},{"not_picked":["Ring of the Serpent","Snecko Eye"],"picked":"Tiny House"}],"items_purged_floors":[14,20],"is_endless":false,"potions_floor_spawned":[1,11,13,21,22,28,30,33],"killed_by":"2 Orb Walkers","ascension_level":1}