{"gold_per_floor":[112,14,89,54,54,54,81,95,95,126,126,139,157,167,167,244,244,259,26,26,26,26,26,39,39,39,52,66,77,77,92,92,163,163,176,176],"floor_reached":36,"playtime":3837,"items_purged":[],"score":721,"play_id":"5bb83078-13eb-4abf-aa3b-32fe0d97de69","local_time":"20190409155407","is_ascension_mode":true,"campfire_choices":[{"data":"Noxious Fumes","floor":6,"key":"SMITH"},{"data":"Catalyst","floor":15,"key":"SMITH"},{"floor":23,"key":"REST"},{"data":"Night Terror","floor":25,"key":"SMITH"},{"floor":30,"key":"REST"},{"floor":32,"key":"REST"}],"neow_cost":"NONE","seed_source_timestamp":219872031503919,"circlet_count":0,"master_deck":["AscendersBane","Survivor","Neutralize+1","Poisoned Stab","Noxious Fumes+1","Blade Dance","Well Laid Plans","Blur","Catalyst+1","Deadly Poison","Skewer","Adrenaline","Finisher","Night Terror+1","Bouncing Flask","Adrenaline","Slice","Quick Slash","Predator","Bouncing Flask","Infinite Blades","Backflip","Well Laid Plans","Backflip","Choke+1","Cloak And Dagger+1","Malaise","Backstab"],"relics":["Ring of the Snake","NeowsBlessing","Smiling Mask","Mummified Hand","Omamori","Pandora\u0027s Box","Toolbox","Paper Crane","Runic Pyramid"],"potions_floor_usage":[10,16,16,27,33,33],"damage_taken":[{"damage":0,"enemies":"Cultist","floor":1,"turns":1},{"damage":0,"enemies":"Lagavulin","floor":7,"turns":1},{"damage":0,"enemies":"Small Slimes","floor":8,"turns":1},{"damage":27,"enemies":"3 Sentries","floor":10,"turns":8},{"damage":0,"enemies":"Jaw Worm","floor":12,"turns":4},{"damage":12,"enemies":"Large Slime","floor":13,"turns":6},{"damage":0,"enemies":"Blue Slaver","floor":14,"turns":4},{"damage":15,"enemies":"Hexaghost","floor":16,"turns":10},{"damage":15,"enemies":"3 Byrds","floor":18,"turns":4},{"damage":23,"enemies":"2 Thieves","floor":24,"turns":4},{"damage":1,"enemies":"Chosen and Byrds","floor":27,"turns":3},{"damage":15,"enemies":"Shelled Parasite and Fungi","floor":28,"turns":3},{"damage":11,"enemies":"Snake Plant","floor":29,"turns":2},{"damage":0,"enemies":"Centurion and Healer","floor":31,"turns":3},{"damage":31,"enemies":"Collector","floor":33,"turns":7},{"damage":43,"enemies":"3 Darklings","floor":35,"turns":6},{"damage":14,"enemies":"3 Shapes","floor":36,"turns":2}],"seed_played":"-978711712163454927","potions_obtained":[{"floor":8,"key":"Poison Potion"},{"floor":12,"key":"SpeedPotion"},{"floor":13,"key":"EssenceOfSteel"},{"floor":16,"key":"SteroidPotion"},{"floor":24,"key":"Swift Potion"},{"floor":29,"key":"Weak Potion"},{"floor":31,"key":"Poison Potion"}],"is_trial":false,"path_per_floor":["M","$","?","$","?","R","E","M","T","E","?","M","M","M","R","B",null,"M","$","?","?","?","R","M","R","T","M","M","M","R","M","R","B",null,"M","M"],"character_chosen":"THE_SILENT","items_purchased":["Noxious Fumes","Blade Dance","Well Laid Plans","Well Laid Plans","Toolbox"],"campfire_rested":3,"item_purchase_floors":[2,2,4,19,19],"current_hp_per_floor":[59,59,48,48,35,35,35,35,35,8,30,30,18,18,18,3,50,35,35,35,35,35,54,31,31,31,30,15,4,23,23,42,11,52,9,0],"gold":176,"neow_bonus":"THREE_ENEMY_KILL","is_prod":false,"is_daily":false,"chose_seed":false,"campfire_upgraded":3,"win_rate":0,"timestamp":1554839647,"path_taken":["M","?","?","$","?","R","E","M","T","E","?","?","M","M","R","BOSS","M","$","?","?","?","R","M","R","T","M","?","M","R","?","R","BOSS","M","M"],"build_version":"2019-01-23","purchased_purges":0,"victory":false,"max_hp_per_floor":[66,66,66,66,66,66,66,66,66,66,66,66,66,66,66,66,66,66,66,66,66,66,66,66,66,66,66,66,66,66,66,66,66,66,66,66],"card_choices":[{"not_picked":["Concentrate","PiercingWail"],"picked":"Poisoned Stab","floor":1},{"not_picked":["Terror","Riddle With Holes"],"picked":"Blur","floor":7},{"not_picked":["Slice","Expertise","Outmaneuver"],"picked":"SKIP","floor":8},{"not_picked":["Terror","Bane"],"picked":"Catalyst","floor":10},{"not_picked":["Blade Dance","Setup","Dagger Throw"],"picked":"SKIP","floor":12},{"not_picked":["Bane","Quick Slash"],"picked":"Deadly Poison","floor":13},{"not_picked":["Expertise","Underhanded Strike"],"picked":"Skewer","floor":14},{"not_picked":["Venomology","Night Terror"],"picked":"Adrenaline","floor":16},{"not_picked":["Predator","Tactician"],"picked":"Backflip","floor":18},{"not_picked":["Deflect","Distraction","Prepared"],"picked":"SKIP","floor":24},{"not_picked":["Cloak And Dagger","Predator"],"picked":"Backflip","floor":27},{"not_picked":["Dodge and Roll","Backflip"],"picked":"Choke+1","floor":28},{"not_picked":["Sucker Punch","Prepared","Outmaneuver+1"],"picked":"SKIP","floor":29},{"not_picked":["Acrobatics+1","Dagger Throw"],"picked":"Cloak And Dagger+1","floor":31},{"not_picked":["Unload","Venomology"],"picked":"Malaise","floor":33},{"not_picked":["Heel Hook","Footwork+1"],"picked":"Backstab","floor":35}],"player_experience":248895,"relics_obtained":[{"floor":7,"key":"Smiling Mask"},{"floor":9,"key":"Mummified Hand"},{"floor":10,"key":"Omamori"},{"floor":26,"key":"Paper Crane"}],"event_choices":[{"damage_healed":0,"gold_gain":75,"player_choice":"Gather Gold","damage_taken":11,"max_hp_gain":0,"max_hp_loss":0,"event_name":"World of Goop","floor":3,"gold_loss":0},{"damage_healed":0,"gold_gain":0,"player_choice":"Entered Light","damage_taken":13,"max_hp_gain":0,"max_hp_loss":0,"event_name":"Shining Light","floor":5,"gold_loss":0,"cards_upgraded":["Defend_G","Neutralize"]},{"damage_healed":22,"gold_gain":0,"player_choice":"Banana","damage_taken":0,"max_hp_gain":0,"max_hp_loss":0,"event_name":"Big Fish","floor":11,"gold_loss":0},{"cards_removed":["Flechettes"],"damage_healed":0,"gold_gain":0,"player_choice":"Elegance","damage_taken":0,"max_hp_gain":0,"max_hp_loss":0,"event_name":"Back to Basics","floor":20,"gold_loss":0},{"damage_healed":0,"gold_gain":0,"player_choice":"Ignored","damage_taken":0,"max_hp_gain":0,"max_hp_loss":0,"event_name":"Beggar","floor":21,"gold_loss":0},{"damage_healed":0,"gold_gain":0,"player_choice":"0 cards matched","damage_taken":0,"max_hp_gain":0,"max_hp_loss":0,"event_name":"Match and Keep!","floor":22,"gold_loss":0,"cards_obtained":[]}],"is_beta":false,"boss_relics":[{"not_picked":["Lizard Tail","Eternal Feather"],"picked":"Pandora\u0027s Box"},{"not_picked":["White Beast Statue","Empty Cage"],"picked":"Runic Pyramid"}],"items_purged_floors":[],"is_endless":false,"potions_floor_spawned":[8,12,13,16,24,29,31],"killed_by":"3 Shapes","ascension_level":14}