{"gold_per_floor":[118,11,21,40,52,52,52,52,52,17,17,74,86,101,101,178,178,198,198,213,226,226],"floor_reached":22,"playtime":1974,"items_purged":[],"score":376,"play_id":"8c2bba44-320f-49d7-a037-795ea4411c56","local_time":"20181010011542","is_ascension_mode":true,"campfire_choices":[{"data":"Consume","floor":6,"key":"SMITH"},{"floor":8,"key":"REST"},{"data":"Hologram","floor":11,"key":"SMITH"},{"floor":15,"key":"REST"}],"neow_cost":"PERCENT_DAMAGE","seed_source_timestamp":2284322021657990,"circlet_count":0,"master_deck":["Zap","Dualcast","AscendersBane","Sweeping Beam","Beam Cell","Hologram+1","Cold Snap","Consume+1","Beam Cell","Conserve Battery","White Noise","Ball Lightning","All For One","Reprogram","Defragment","Lockon","Conserve Battery","Hello World","Barrage","Cold Snap","Loop","Leap","Writhe","Reinforced Body","Doom and Gloom+1"],"relics":["Cracked Core","Blue Candle","Shuriken","Tiny Chest","Pandora\u0027s Box","Symbiotic Virus"],"potions_floor_usage":[13,16,21,21],"damage_taken":[{"damage":4,"enemies":"Jaw Worm","floor":1,"turns":4},{"damage":0,"enemies":"Cultist","floor":3,"turns":2},{"damage":1,"enemies":"2 Louse","floor":4,"turns":3},{"damage":7,"enemies":"2 Fungi Beasts","floor":5,"turns":3},{"damage":15,"enemies":"Lagavulin","floor":12,"turns":6},{"damage":21,"enemies":"Gremlin Gang","floor":13,"turns":3},{"damage":0,"enemies":"Looter","floor":14,"turns":2},{"damage":24,"enemies":"Slime Boss","floor":16,"turns":9},{"damage":22,"enemies":"Spheric Guardian","floor":18,"turns":4},{"damage":32,"enemies":"3 Byrds","floor":20,"turns":4},{"damage":11,"enemies":"Sentry and Sphere","floor":21,"turns":6},{"damage":8,"enemies":"Centurion and Healer","floor":22,"turns":2}],"seed_played":"5105298195932863966","potions_obtained":[{"floor":1,"key":"PowerPotion"},{"floor":13,"key":"SkillPotion"},{"floor":14,"key":"Block Potion"},{"floor":16,"key":"Block Potion"}],"is_trial":false,"path_per_floor":["M","$","M","M","M","R","?","R","T","?","R","E","M","M","R","B",null,"M","?","M","M"],"character_chosen":"DEFECT","items_purchased":["Beam Cell","Hologram"],"campfire_rested":2,"item_purchase_floors":[2,2],"current_hp_per_floor":[56,56,56,55,48,48,13,38,38,59,59,44,23,23,48,24,70,48,48,16,5,0],"gold":226,"neow_bonus":"TWENTY_PERCENT_HP_BONUS","is_prod":false,"is_daily":false,"chose_seed":false,"campfire_upgraded":2,"win_rate":0,"timestamp":1539159342,"path_taken":["M","$","M","M","M","R","?","R","T","?","R","E","M","M","R","BOSS","M","?","M","M","M"],"build_version":"2018-10-08","purchased_purges":0,"victory":false,"max_hp_per_floor":[85,85,85,85,85,85,85,85,85,85,85,85,85,85,85,85,85,85,85,85,85,85],"card_choices":[{"not_picked":["Blizzard","Heatsinks"],"picked":"Sweeping Beam","floor":1},{"not_picked":["Steam","Compile Driver"],"picked":"Cold Snap","floor":3},{"not_picked":["Reinforced Body","Undo"],"picked":"Consume","floor":4},{"not_picked":["Turbo","Sweeping Beam"],"picked":"Beam Cell","floor":5},{"not_picked":["Blizzard","Leap"],"picked":"Conserve Battery","floor":12},{"not_picked":["Undo","Scrape"],"picked":"White Noise","floor":13},{"not_picked":["Static Discharge","Conserve Battery"],"picked":"Ball Lightning","floor":14},{"not_picked":["Buffer","Fission"],"picked":"All For One","floor":16},{"not_picked":["Barrage","Lockon"],"picked":"Leap","floor":18},{"not_picked":["Scrape","Hello World"],"picked":"Reinforced Body","floor":20},{"not_picked":["Leap","Hologram"],"picked":"Doom and Gloom+1","floor":21}],"player_experience":2502162,"relics_obtained":[{"floor":9,"key":"Shuriken"},{"floor":12,"key":"Tiny Chest"}],"event_choices":[{"event_name":"Scrap Ooze","player_choice":"success","floor":7,"damage_taken":35},{"event_name":"The Cleric","player_choice":"Healed","floor":10,"damage_taken":0},{"event_name":"The Mausoleum","player_choice":"Yes","floor":19,"damage_taken":0}],"is_beta":true,"boss_relics":[{"not_picked":["Eternal Feather","Runic Pyramid"],"picked":"Pandora\u0027s Box"}],"items_purged_floors":[],"is_endless":false,"potions_floor_spawned":[1,13,14,16,18],"killed_by":"Centurion and Healer","ascension_level":20}