{"gold_per_floor":[118,129,42,42,7,41,41,66,66,81,99,116,133,147,147,221,221,237,237,17,37,52,77,77,134,134,144,164,164,64,64,64,135,135,146,146,165,165,179,179,211,211,211,211,236,236,270,280,280,280],"floor_reached":50,"playtime":3240,"items_purged":["Pain","Strike_G"],"score":1389,"play_id":"1cdd30d1-04d8-40ef-991a-34eb25779bed","local_time":"20190824115249","is_ascension_mode":true,"campfire_choices":[{"data":"Malaise","floor":7,"key":"SMITH"},{"data":"Corpse Explosion","floor":15,"key":"SMITH"},{"floor":24,"key":"REST"},{"floor":29,"key":"REST"},{"floor":32,"key":"REST"},{"floor":40,"key":"REST"},{"floor":42,"key":"REST"},{"floor":46,"key":"REST"},{"floor":49,"key":"REST"}],"neow_cost":"NONE","seed_source_timestamp":651306979388569,"circlet_count":0,"master_deck":["AscendersBane","Strike_G","Strike_G","Strike_G","Strike_G","Defend_G","Defend_G","Defend_G","Defend_G","Defend_G","Survivor","Neutralize","Malaise+1","Leg Sweep","Dash","Deadly Poison","Sucker Punch","Leg Sweep","Skewer","Flechettes","Deadly Poison","Well Laid Plans","Well Laid Plans","Backflip","Corpse Explosion+1","Footwork","Malaise","Acrobatics+1","Mind Blast","Sucker Punch+1","After Image","Dagger Throw","PiercingWail","Tactician","Necronomicurse","Wraith Form v2+1","Parasite","Injury","Pain","Predator+1","Leg Sweep","Bullet Time","Discovery","Dodge and Roll+1","Backflip+1","Blur","Escape Plan+1"],"relics":["Ring of the Snake","Pocketwatch","Lantern","Prayer Wheel","Turnip","Fusion Hammer","WarpedTongs","Frozen Egg 2","Tiny Chest","Mango","Necronomicon","Calling Bell","Juzu Bracelet","Paper Crane","FossilizedHelix","PreservedInsect","Bottled Lightning","Pen Nib","Bag of Marbles","Happy Flower"],"potions_floor_usage":[13,13,23,33,39,45,47],"damage_taken":[{"damage":0,"enemies":"Small Slimes","floor":1,"turns":4},{"damage":5,"enemies":"Cultist","floor":2,"turns":6},{"damage":8,"enemies":"Lagavulin","floor":6,"turns":10},{"damage":6,"enemies":"3 Sentries","floor":8,"turns":13},{"damage":0,"enemies":"Jaw Worm","floor":10,"turns":5},{"damage":12,"enemies":"Blue Slaver","floor":11,"turns":4},{"damage":0,"enemies":"Large Slime","floor":12,"turns":5},{"damage":9,"enemies":"Exordium Thugs","floor":13,"turns":6},{"damage":20,"enemies":"Exordium Wildlife","floor":14,"turns":5},{"damage":0,"enemies":"The Guardian","floor":16,"turns":10},{"damage":6,"enemies":"Chosen","floor":18,"turns":4},{"damage":24,"enemies":"3 Byrds","floor":21,"turns":3},{"damage":2,"enemies":"Centurion and Healer","floor":22,"turns":4},{"damage":5,"enemies":"Book of Stabbing","floor":23,"turns":7},{"damage":36,"enemies":"Gremlin Leader","floor":25,"turns":9},{"damage":0,"enemies":"Snecko","floor":27,"turns":7},{"damage":0,"enemies":"Cultist and Chosen","floor":28,"turns":7},{"damage":10,"enemies":"Champ","floor":33,"turns":18},{"damage":35,"enemies":"3 Darklings","floor":35,"turns":6},{"damage":3,"enemies":"Orb Walker","floor":37,"turns":5},{"damage":3,"enemies":"Writhing Mass","floor":39,"turns":9},{"damage":13,"enemies":"Nemesis","floor":41,"turns":11},{"damage":28,"enemies":"Giant Head","floor":45,"turns":9},{"damage":59,"enemies":"Reptomancer","floor":47,"turns":8},{"damage":3,"enemies":"Maw","floor":48,"turns":7},{"damage":14,"enemies":"Awakened One","floor":50,"turns":5}],"seed_played":"8369128986950930531","potions_obtained":[{"floor":1,"key":"Regen Potion"},{"floor":8,"key":"Regen Potion"},{"floor":13,"key":"SpeedPotion"},{"floor":16,"key":"Regen Potion"},{"floor":21,"key":"Block Potion"},{"floor":25,"key":"Explosive Potion"},{"floor":27,"key":"GhostInAJar"},{"floor":35,"key":"SkillPotion"},{"floor":39,"key":"Fire Potion"},{"floor":47,"key":"SpeedPotion"}],"is_trial":false,"path_per_floor":["M","M","$","?","?","E","R","E","T","M","M","M","M","M","R","B",null,"M","?","$","M","M","E","R","E","T","M","M","R","$","?","R","B",null,"M","?","M","?","M","R","E","R","T","?","E","R","E","M","R","B"],"character_chosen":"THE_SILENT","items_purchased":["Deadly Poison","Sucker Punch","Mind Blast","Caltrops"],"campfire_rested":7,"item_purchase_floors":[3,3,20,20],"current_hp_per_floor":[59,54,54,43,59,51,51,45,45,45,33,33,66,46,46,46,61,55,55,55,31,29,39,58,22,36,36,36,60,60,39,63,53,73,38,38,35,35,32,56,43,67,67,67,39,63,4,1,25,11],"gold":280,"neow_bonus":"ONE_RANDOM_RARE_CARD","is_prod":false,"is_daily":false,"chose_seed":false,"campfire_upgraded":2,"win_rate":0,"timestamp":1566661969,"path_taken":["M","M","$","?","?","E","R","E","T","M","M","M","M","M","R","BOSS","M","?","$","M","M","E","R","E","T","M","?","R","?","?","R","BOSS","M","?","M","?","M","R","E","R","T","?","E","R","E","M","R","BOSS"],"build_version":"2019-07-17","purchased_purges":2,"victory":false,"max_hp_per_floor":[66,66,66,66,66,66,66,66,66,66,66,66,66,66,66,66,66,66,66,66,66,66,66,66,66,80,80,80,80,80,80,80,80,80,80,80,80,80,80,80,80,80,80,80,80,80,80,80,80,80],"card_choices":[{"not_picked":["Deflect","Sucker Punch"],"picked":"Leg Sweep","floor":1},{"not_picked":["Expertise","Predator"],"picked":"Dash","floor":2},{"not_picked":["Wraith Form v2","Quick Slash"],"picked":"Leg Sweep","floor":6},{"not_picked":["Cloak And Dagger","Dagger Throw"],"picked":"Skewer","floor":8},{"not_picked":["Setup","Finisher"],"picked":"Flechettes","floor":10},{"not_picked":["Skewer","Flying Knee"],"picked":"Deadly Poison","floor":10},{"not_picked":["Poisoned Stab","Bane"],"picked":"Well Laid Plans","floor":11},{"not_picked":["Bane","Blade Dance"],"picked":"Well Laid Plans","floor":11},{"not_picked":["Choke","Prepared"],"picked":"Backflip","floor":12},{"not_picked":["Bane","Endless Agony","Eviscerate"],"picked":"SKIP","floor":12},{"not_picked":["Dagger Spray","Terror"],"picked":"Corpse Explosion","floor":13},{"not_picked":["Prepared","Predator"],"picked":"Skewer","floor":13},{"not_picked":["Infinite Blades","Bane"],"picked":"Footwork","floor":14},{"not_picked":["Terror","Quick Slash","Sucker Punch"],"picked":"SKIP","floor":14},{"not_picked":["Die Die Die","Wraith Form v2"],"picked":"Malaise","floor":16},{"not_picked":["Backflip","Flying Knee"],"picked":"Acrobatics+1","floor":18},{"not_picked":["Blade Dance","Choke","Quick Slash"],"picked":"SKIP","floor":18},{"not_picked":["Bouncing Flask","Flying Knee"],"picked":"Sucker Punch+1","floor":21},{"not_picked":["All Out Attack","Dagger Throw"],"picked":"After Image","floor":21},{"not_picked":["Skewer","Bane+1"],"picked":"Dagger Throw","floor":22},{"not_picked":["Sucker Punch","Quick Slash"],"picked":"PiercingWail","floor":22},{"not_picked":["Flying Knee","Underhanded Strike+1","Dagger Throw"],"picked":"SKIP","floor":23},{"not_picked":["Cloak And Dagger","Sucker Punch","Dagger Throw"],"picked":"SKIP","floor":25},{"not_picked":["Acrobatics+1","Grand Finale","Deadly Poison"],"picked":"SKIP","floor":27},{"not_picked":["Flying Knee+1","Choke","Quick Slash"],"picked":"SKIP","floor":27},{"not_picked":["Endless Agony","Concentrate+1"],"picked":"Tactician","floor":28},{"not_picked":["Outmaneuver","Deadly Poison","Flechettes"],"picked":"SKIP","floor":28},{"not_picked":["Tools of the Trade+1","A Thousand Cuts+1"],"picked":"Wraith Form v2+1","floor":33},{"not_picked":["Eviscerate","Flying Knee"],"picked":"Predator+1","floor":35},{"not_picked":["Well Laid Plans+1","Infinite Blades+1"],"picked":"Leg Sweep","floor":35},{"not_picked":["Deflect","Leg Sweep"],"picked":"Bullet Time","floor":37},{"not_picked":["Dagger Spray","Well Laid Plans+1","Underhanded Strike+1"],"picked":"SKIP","floor":37},{"not_picked":["Jack Of All Trades","The Bomb"],"picked":"Discovery","floor":38},{"not_picked":["Blade Dance","Heel Hook"],"picked":"Dodge and Roll+1","floor":39},{"not_picked":["Dagger Spray+1","Prepared"],"picked":"Backflip+1","floor":39},{"not_picked":["PiercingWail","Caltrops+1"],"picked":"Blur","floor":41},{"not_picked":["Bouncing Flask","Grand Finale","Quick Slash"],"picked":"SKIP","floor":45},{"not_picked":["Heel Hook","Poisoned Stab","Concentrate"],"picked":"SKIP","floor":47},{"not_picked":["Dagger Spray","Cloak And Dagger"],"picked":"Escape Plan+1","floor":48},{"not_picked":["Dagger Spray","Infinite Blades+1","Blade Dance"],"picked":"SKIP","floor":48}],"player_experience":596099,"relics_obtained":[{"floor":6,"key":"Lantern"},{"floor":8,"key":"Prayer Wheel"},{"floor":9,"key":"Turnip"},{"floor":23,"key":"Frozen Egg 2"},{"floor":25,"key":"Tiny Chest"},{"floor":26,"key":"Mango"},{"floor":31,"key":"Necronomicon"},{"floor":34,"key":"Juzu Bracelet"},{"floor":34,"key":"Paper Crane"},{"floor":34,"key":"FossilizedHelix"},{"floor":41,"key":"PreservedInsect"},{"floor":43,"key":"Bottled Lightning"},{"floor":45,"key":"Bag of Marbles"},{"floor":47,"key":"Happy Flower"}],"event_choices":[{"damage_healed":0,"gold_gain":0,"player_choice":"Success","damage_taken":11,"relics_obtained":["Pocketwatch"],"max_hp_gain":0,"max_hp_loss":0,"event_name":"Scrap Ooze","floor":4,"gold_loss":0},{"damage_healed":16,"gold_gain":0,"player_choice":"Healed","damage_taken":0,"max_hp_gain":0,"max_hp_loss":0,"event_name":"The Cleric","floor":5,"gold_loss":35},{"damage_healed":0,"gold_gain":0,"player_choice":"Rummage","damage_taken":0,"relics_obtained":["WarpedTongs"],"max_hp_gain":0,"max_hp_loss":0,"event_name":"Accursed Blacksmith","floor":19,"gold_loss":0,"cards_obtained":["Pain"]},{"damage_healed":0,"gold_gain":0,"player_choice":"Obtained Book","damage_taken":21,"max_hp_gain":0,"max_hp_loss":0,"event_name":"Cursed Tome","floor":31,"gold_loss":0},{"cards_removed":["Caltrops"],"damage_healed":0,"gold_gain":0,"player_choice":"Removed Power","damage_taken":0,"max_hp_gain":0,"max_hp_loss":0,"event_name":"Falling","floor":36,"gold_loss":0},{"damage_healed":0,"gold_gain":0,"player_choice":"Memory 1","damage_taken":0,"max_hp_gain":0,"max_hp_loss":0,"event_name":"SensoryStone","floor":38,"gold_loss":0},{"cards_removed":["Skewer"],"damage_healed":0,"gold_gain":0,"player_choice":"Gave Card","damage_taken":0,"relics_obtained":["Pen Nib"],"max_hp_gain":0,"max_hp_loss":0,"event_name":"WeMeetAgain","floor":44,"gold_loss":0}],"is_beta":false,"boss_relics":[{"not_picked":["Eternal Feather","Astrolabe"],"picked":"Fusion Hammer"},{"not_picked":["WristBlade","Ring of the Serpent"],"picked":"Calling Bell"}],"items_purged_floors":[20,30],"is_endless":false,"potions_floor_spawned":[1,8,10,13,16,18,21,25,27,35,39,41,47],"killed_by":"Awakened One","ascension_level":20}