{"gold_per_floor":[112,112,131,131,131,161,161,161,161,201,201,201,201,226,226,345,345,361,361,381,402,422,422,458,471,553,573,614,334,369,131,131,250,250,264,264,289,289,84,127,127,127,208,228,246,286,307,321,321,321],"floor_reached":51,"playtime":2970,"items_purged":["Strike_R","Strike_R"],"score":1164,"play_id":"367a1ba1-c990-4674-bad7-71748c20c905","local_time":"20190902130027","is_ascension_mode":true,"campfire_choices":[{"floor":8,"key":"REST"},{"floor":13,"key":"REST"},{"data":"Armaments","floor":15,"key":"SMITH"},{"data":"Demon Form","floor":23,"key":"SMITH"},{"data":"Power Through","floor":32,"key":"SMITH"},{"floor":42,"key":"REST"},{"data":"Secret Technique","floor":49,"key":"SMITH"}],"neow_cost":"TEN_PERCENT_HP_LOSS","seed_source_timestamp":10749339175642,"circlet_count":0,"master_deck":["Strike_R","Strike_R","Strike_R","Defend_R","Defend_R","Defend_R","Defend_R","Bash","Clothesline","Offering","Armaments+1","Headbutt","Havoc","Whirlwind","Demon Form+1","Headbutt","Shrug It Off","Pommel Strike","Pummel","Power Through+1","Shrug It Off","Shockwave+1","Feed","Reaper","Flame Barrier+1","Secret Technique+1","Trip","Madness","Heavy Blade+1","Corruption+1","Wild Strike+1","Dual Wield+1"],"relics":["Burning Blood","Incense Burner","Orichalcum","StoneCalendar","Golden Idol","Vajra","Pantograph","Meat on the Bone","Sozu","Ornamental Fan","Boot","Self Forming Clay","Oddly Smooth Stone","Happy Flower","Mummified Hand","Velvet Choker","Bird Faced Urn","Medical Kit","Omamori","Pear","Red Skull"],"potions_floor_usage":[16,30],"damage_taken":[{"damage":9,"enemies":"Jaw Worm","floor":1,"turns":4},{"damage":7,"enemies":"Cultist","floor":3,"turns":3},{"damage":16,"enemies":"Gremlin Nob","floor":6,"turns":6},{"damage":25,"enemies":"3 Sentries","floor":10,"turns":7},{"damage":0,"enemies":"Small Slimes","floor":14,"turns":3},{"damage":0,"enemies":"Slime Boss","floor":16,"turns":7},{"damage":13,"enemies":"3 Byrds","floor":18,"turns":4},{"damage":16,"enemies":"2 Thieves","floor":20,"turns":4},{"damage":32,"enemies":"Snake Plant","floor":21,"turns":4},{"damage":19,"enemies":"Shelled Parasite and Fungi","floor":22,"turns":5},{"damage":14,"enemies":"Slavers","floor":24,"turns":4},{"damage":9,"enemies":"Snecko","floor":25,"turns":3},{"damage":20,"enemies":"3 Cultists","floor":27,"turns":4},{"damage":24,"enemies":"Book of Stabbing","floor":28,"turns":7},{"damage":1,"enemies":"Slavers","floor":30,"turns":1},{"damage":53,"enemies":"Automaton","floor":33,"turns":9},{"damage":6,"enemies":"Orb Walker","floor":35,"turns":4},{"damage":3,"enemies":"3 Shapes","floor":37,"turns":7},{"damage":53,"enemies":"Reptomancer","floor":40,"turns":7},{"damage":51,"enemies":"Transient","floor":44,"turns":5},{"damage":19,"enemies":"Spire Growth","floor":45,"turns":7},{"damage":26,"enemies":"Giant Head","floor":46,"turns":8},{"damage":23,"enemies":"Writhing Mass","floor":47,"turns":5},{"damage":8,"enemies":"Maw","floor":48,"turns":7},{"damage":68,"enemies":"Donu and Deca","floor":50,"turns":9}],"seed_played":"-642857262974441168","potions_obtained":[{"floor":6,"key":"SteroidPotion"},{"floor":14,"key":"PowerPotion"},{"floor":16,"key":"SteroidPotion"}],"is_trial":false,"path_per_floor":["M","?","M","?","?","E","?","R","T","E","T","T","R","M","R","B",null,"M","?","M","M","M","R","E","M","T","M","E","$","E","$","R","B",null,"M","?","M","T","$","E","?","R","T","M","M","E","M","M","R","B",null],"character_chosen":"IRONCLAD","items_purchased":["Happy Flower","Shrug It Off","Feed","Medical Kit"],"campfire_rested":3,"item_purchase_floors":[29,29,31,39],"current_hp_per_floor":[69,69,68,43,48,38,19,42,42,23,23,23,46,52,52,77,77,70,70,60,46,45,45,49,46,46,44,38,38,55,55,55,42,68,71,61,64,64,64,31,31,55,65,43,64,63,62,76,76,65],"gold":321,"neow_bonus":"ONE_RARE_RELIC","is_prod":false,"is_daily":false,"chose_seed":false,"campfire_upgraded":4,"win_rate":0,"timestamp":1567396827,"path_taken":["M","?","?","?","?","E","?","R","T","E","?","?","R","M","R","BOSS","M","?","?","M","M","R","E","M","T","M","E","$","E","$","R","BOSS","M","?","M","?","$","E","?","R","T","?","M","E","M","M","R","BOSS"],"build_version":"2019-07-17","purchased_purges":2,"victory":true,"max_hp_per_floor":[72,72,72,72,77,77,77,77,77,77,77,77,77,77,77,77,77,77,77,77,77,77,77,77,77,77,77,77,77,77,77,77,77,77,80,80,80,80,80,80,80,80,90,90,90,90,90,90,90,90],"card_choices":[{"not_picked":["Perfected Strike","Thunderclap"],"picked":"Clothesline","floor":1},{"not_picked":["Power Through","True Grit"],"picked":"Armaments","floor":3},{"not_picked":["Havoc","Power Through"],"picked":"Headbutt","floor":6},{"not_picked":["Rupture","Power Through"],"picked":"Havoc","floor":10},{"not_picked":["Spot Weakness","Headbutt"],"picked":"Whirlwind","floor":14},{"not_picked":["Barricade","Double Tap"],"picked":"Demon Form","floor":16},{"not_picked":["Rage+1","Wild Strike","Cleave"],"picked":"SKIP","floor":18},{"not_picked":["Armaments","Clothesline"],"picked":"Headbutt","floor":20},{"not_picked":["Sever Soul","Thunderclap"],"picked":"Shrug It Off","floor":21},{"not_picked":["Clash+1","Blood for Blood","Second Wind+1"],"picked":"SKIP","floor":22},{"not_picked":["Flex","Spot Weakness"],"picked":"Pommel Strike","floor":24},{"not_picked":["Body Slam+1","Iron Wave"],"picked":"Pummel","floor":25},{"not_picked":["Armaments","Clash+1"],"picked":"Power Through","floor":27},{"not_picked":["Fire Breathing+1","Clothesline","Reckless Charge"],"picked":"SKIP","floor":28},{"not_picked":["Fire Breathing","Havoc"],"picked":"Shockwave+1","floor":30},{"not_picked":["Double Tap","Fiend Fire"],"picked":"Reaper","floor":33},{"not_picked":["Iron Wave","Reckless Charge+1"],"picked":"Flame Barrier+1","floor":35},{"not_picked":["Impatience","Swift Strike"],"picked":"Secret Technique","floor":36},{"not_picked":["Secret Weapon","Jack Of All Trades"],"picked":"Trip","floor":36},{"not_picked":["Good Instincts","Purity"],"picked":"Madness","floor":36},{"not_picked":["Carnage","Wild Strike"],"picked":"Heavy Blade+1","floor":37},{"not_picked":["Heavy Blade","Havoc"],"picked":"Corruption+1","floor":40},{"not_picked":["Twin Strike","Second Wind","Clash"],"picked":"SKIP","floor":44},{"not_picked":["Corruption+1","Iron Wave"],"picked":"Wild Strike+1","floor":45},{"not_picked":["Heavy Blade+1","Spot Weakness"],"picked":"Dual Wield+1","floor":46},{"not_picked":["Evolve","Clothesline+1","Shockwave"],"picked":"SKIP","floor":47},{"not_picked":["Havoc+1","Dropkick+1","Immolate"],"picked":"SKIP","floor":48}],"player_experience":279617,"relics_obtained":[{"floor":6,"key":"StoneCalendar"},{"floor":9,"key":"Vajra"},{"floor":11,"key":"Pantograph"},{"floor":12,"key":"Meat on the Bone"},{"floor":24,"key":"Boot"},{"floor":26,"key":"Self Forming Clay"},{"floor":28,"key":"Oddly Smooth Stone"},{"floor":30,"key":"Mummified Hand"},{"floor":38,"key":"Bird Faced Urn"},{"floor":40,"key":"Omamori"},{"floor":43,"key":"Pear"},{"floor":46,"key":"Red Skull"}],"event_choices":[{"damage_healed":0,"gold_gain":0,"player_choice":"1 cards matched","damage_taken":0,"max_hp_gain":0,"max_hp_loss":0,"event_name":"Match and Keep!","floor":2,"gold_loss":0,"cards_obtained":["Offering"]},{"damage_healed":0,"gold_gain":0,"player_choice":"Success","damage_taken":25,"relics_obtained":["Orichalcum"],"max_hp_gain":0,"max_hp_loss":0,"event_name":"Scrap Ooze","floor":4,"gold_loss":0},{"damage_healed":0,"gold_gain":0,"player_choice":"Donut","damage_taken":0,"max_hp_gain":5,"max_hp_loss":0,"event_name":"Big Fish","floor":5,"gold_loss":0},{"damage_healed":0,"gold_gain":0,"player_choice":"Take Damage","damage_taken":19,"relics_obtained":["Golden Idol"],"max_hp_gain":0,"max_hp_loss":0,"event_name":"Golden Idol","floor":7,"gold_loss":0},{"damage_healed":0,"gold_gain":0,"player_choice":"Gave Potion","damage_taken":0,"relics_obtained":["Ornamental Fan"],"max_hp_gain":0,"max_hp_loss":0,"event_name":"WeMeetAgain","floor":19,"gold_loss":0},{"damage_healed":0,"gold_gain":0,"player_choice":"Memory 3","damage_taken":10,"max_hp_gain":0,"max_hp_loss":0,"event_name":"SensoryStone","floor":36,"gold_loss":0},{"damage_healed":0,"gold_gain":0,"player_choice":"Ignored","damage_taken":0,"max_hp_gain":0,"max_hp_loss":0,"event_name":"SecretPortal","floor":41,"gold_loss":0}],"is_beta":false,"boss_relics":[{"not_picked":["Runic Cube","Ectoplasm"],"picked":"Sozu"},{"not_picked":["Black Star","Calling Bell"],"picked":"Velvet Choker"}],"items_purged_floors":[29,31],"is_endless":false,"potions_floor_spawned":[6,14,16,22,25,28,30,35,37,48],"ascension_level":7}