{"gold_per_floor":[112,112,77,91,107,107,141,155,179,211,238,256,256,267,267,267],"floor_reached":16,"playtime":581,"items_purged":[],"score":224,"play_id":"49dd7301-865a-42fc-ac79-99c956a1a189","local_time":"20190818204333","is_ascension_mode":true,"campfire_choices":[{"data":"Streamline","floor":6,"key":"SMITH"},{"data":"Hologram","floor":13,"key":"SMITH"},{"data":"Zap","floor":15,"key":"SMITH"}],"neow_cost":"NONE","seed_source_timestamp":280698109462515,"circlet_count":0,"master_deck":["AscendersBane","Strike_B","Strike_B","Strike_B","Strike_B","Defend_B+1","Defend_B+1","Defend_B","Defend_B","Zap+1","Dualcast","Conserve Battery","Self Repair","Streamline+1","Rip and Tear","Hologram+1","Conserve Battery","Sweeping Beam","Ball Lightning"],"relics":["Cracked Core","Juzu Bracelet","PreservedInsect","Ancient Tea Set","DataDisk"],"potions_floor_usage":[10,10,14],"damage_taken":[{"damage":21,"enemies":"Small Slimes","floor":1,"turns":4},{"damage":7,"enemies":"Jaw Worm","floor":4,"turns":3},{"damage":3,"enemies":"2 Louse","floor":5,"turns":4},{"damage":32,"enemies":"Gremlin Nob","floor":7,"turns":4},{"damage":16,"enemies":"Red Slaver","floor":8,"turns":4},{"damage":4,"enemies":"3 Sentries","floor":10,"turns":7},{"damage":7,"enemies":"3 Louse","floor":12,"turns":4},{"damage":2,"enemies":"Exordium Wildlife","floor":14,"turns":3},{"damage":20,"enemies":"Hexaghost","floor":16,"turns":7}],"seed_played":"-464422508770258492","potions_obtained":[{"floor":1,"key":"PowerPotion"},{"floor":5,"key":"SkillPotion"},{"floor":7,"key":"PowerPotion"},{"floor":12,"key":"Fire Potion"}],"is_trial":false,"path_per_floor":["M","?","?","M","M","R","E","M","T","E","T","M","R","M","R","B"],"character_chosen":"DEFECT","items_purchased":[],"campfire_rested":0,"item_purchase_floors":[],"current_hp_per_floor":[50,27,46,39,43,43,18,9,9,12,12,12,12,17,17,0],"gold":267,"neow_bonus":"TEN_PERCENT_HP_BONUS","is_prod":false,"is_daily":false,"chose_seed":false,"campfire_upgraded":3,"win_rate":0,"timestamp":1566186213,"path_taken":["M","?","?","M","M","R","E","M","T","E","?","M","R","M","R","BOSS"],"build_version":"2019-08-15","purchased_purges":0,"victory":false,"max_hp_per_floor":[78,78,78,78,78,78,78,78,78,78,78,78,78,78,78,78],"card_choices":[{"not_picked":["Fusion","Rebound"],"picked":"Conserve Battery","floor":1},{"not_picked":["Melter","Scrape"],"picked":"Self Repair","floor":4},{"not_picked":["BootSequence","Turbo"],"picked":"Streamline","floor":5},{"not_picked":["Steam","Tempest"],"picked":"Rip and Tear","floor":7},{"not_picked":["Beam Cell","Hyperbeam"],"picked":"Hologram","floor":8},{"not_picked":["Capacitor","Force Field"],"picked":"Conserve Battery","floor":10},{"not_picked":["Redo","Turbo"],"picked":"Sweeping Beam","floor":12},{"not_picked":["Rebound","Coolheaded"],"picked":"Ball Lightning","floor":14}],"player_experience":2990052,"relics_obtained":[{"floor":7,"key":"Juzu Bracelet"},{"floor":9,"key":"PreservedInsect"},{"floor":10,"key":"Ancient Tea Set"},{"floor":11,"key":"DataDisk"}],"event_choices":[{"damage_healed":0,"gold_gain":0,"player_choice":"Entered Light","damage_taken":23,"max_hp_gain":0,"max_hp_loss":0,"event_name":"Shining Light","floor":2,"gold_loss":0,"cards_upgraded":["Defend_B","Defend_B"]},{"damage_healed":19,"gold_gain":0,"player_choice":"Healed","damage_taken":0,"max_hp_gain":0,"max_hp_loss":0,"event_name":"The Cleric","floor":3,"gold_loss":35}],"is_beta":true,"boss_relics":[],"items_purged_floors":[],"is_endless":false,"potions_floor_spawned":[1,5,7,8,12],"killed_by":"Hexaghost","ascension_level":20}