{"gold_per_floor":[214,229,56,70,70,87,116,116,116,18,28,59,59,91,91,193,193,207,232,278,230,242,279,291,12,42,42,67,67,102,31,31,31],"floor_reached":33,"playtime":886,"items_purged":["Decay"],"score":555,"play_id":"67df7322-ba0c-4fd3-9cc1-fad1c4ed22f1","local_time":"20190311200956","is_ascension_mode":true,"campfire_choices":[{"data":"Self Repair","floor":8,"key":"SMITH"},{"data":"Self Repair","floor":13,"key":"SMITH"},{"data":"Defragment","floor":15,"key":"SMITH"},{"data":"Ghostly","floor":24,"key":"SMITH"},{"data":"Zap","floor":27,"key":"SMITH"},{"data":"Capacitor","floor":29,"key":"SMITH"},{"data":"Static Discharge","floor":32,"key":"SMITH"}],"neow_cost":"NONE","seed_source_timestamp":1781657734262706,"circlet_count":0,"master_deck":["AscendersBane","Strike_B","Strike_B","Strike_B","Strike_B","Defend_B","Defend_B","Defend_B","Defend_B","Zap+1","Dualcast+1","Go for the Eyes","Self Repair+1","Ball Lightning","Self Repair+1","Ball Lightning","Leap","Capacitor+1","Defragment+1","Rainbow","Doom and Gloom","Ghostly+1","Ghostly+1","Ghostly","Ghostly","Ghostly","Storm+1","Static Discharge+1"],"relics":["Cracked Core","PreservedInsect","Oddly Smooth Stone","Anchor","Sundial","Strawberry","Busted Crown","MawBank","Red Mask","War Paint","Prayer Wheel","Tiny Chest","Pocketwatch","Lantern"],"potions_floor_usage":[1,16,18,20,28,28],"damage_taken":[{"damage":1,"enemies":"Cultist","floor":1,"turns":3},{"damage":6,"enemies":"2 Louse","floor":2,"turns":3},{"damage":3,"enemies":"Small Slimes","floor":4,"turns":3},{"damage":13,"enemies":"Exordium Wildlife","floor":6,"turns":4},{"damage":32,"enemies":"Gremlin Nob","floor":7,"turns":4},{"damage":11,"enemies":"Looter","floor":11,"turns":3},{"damage":24,"enemies":"Lagavulin","floor":12,"turns":7},{"damage":18,"enemies":"3 Sentries","floor":14,"turns":5},{"damage":40,"enemies":"Hexaghost","floor":16,"turns":9},{"damage":6,"enemies":"Shell Parasite","floor":18,"turns":7},{"damage":24,"enemies":"Masked Bandits","floor":20,"turns":4},{"damage":19,"enemies":"2 Thieves","floor":21,"turns":4},{"damage":12,"enemies":"Slavers","floor":23,"turns":6},{"damage":18,"enemies":"Book of Stabbing","floor":28,"turns":5},{"damage":0,"enemies":"Gremlin Leader","floor":30,"turns":7},{"damage":62,"enemies":"Champ","floor":33,"turns":10}],"seed_played":"5229229517412132949","potions_obtained":[{"floor":1,"key":"Fruit Juice"},{"floor":6,"key":"Strength Potion"},{"floor":11,"key":"Ancient Potion"},{"floor":12,"key":"Fire Potion"},{"floor":16,"key":"SkillPotion"},{"floor":20,"key":"Strength Potion"},{"floor":23,"key":"PowerPotion"},{"floor":30,"key":"FearPotion"}],"is_trial":false,"path_per_floor":["M","M","$","M","?","M","E","R","T","$","M","E","R","E","R","B",null,"M","T","?","M","?","E","R","$","T","R","E","R","E","$","R","B"],"character_chosen":"DEFECT","items_purchased":["PreservedInsect","Ball Lightning","Leap","Prayer Wheel","Static Discharge"],"campfire_rested":0,"item_purchase_floors":[3,3,10,25,31],"current_hp_per_floor":[72,66,66,70,70,71,53,53,53,53,59,52,52,61,61,41,76,87,87,73,74,43,43,43,43,43,43,43,43,43,43,43,0],"gold":31,"neow_bonus":"HUNDRED_GOLD","is_prod":false,"is_daily":false,"chose_seed":false,"campfire_upgraded":7,"win_rate":0,"timestamp":1552349396,"path_taken":["M","?","$","M","?","M","E","R","T","$","M","E","R","E","R","BOSS","M","?","?","M","?","E","R","$","T","R","E","R","E","$","R","BOSS"],"build_version":"2019-01-23","purchased_purges":1,"victory":false,"max_hp_per_floor":[80,80,80,80,80,80,80,80,80,80,80,80,80,87,87,87,87,87,87,87,87,43,43,43,43,43,43,43,43,43,43,43,43],"card_choices":[{"not_picked":["Skim","Barrage"],"picked":"Go for the Eyes","floor":1},{"not_picked":["Rebound","Coolheaded"],"picked":"Self Repair","floor":2},{"not_picked":["Barrage","Darkness"],"picked":"Self Repair","floor":4},{"not_picked":["Gash","Leap"],"picked":"Ball Lightning","floor":6},{"not_picked":["Rebound","Double Energy","Gash"],"picked":"SKIP","floor":7},{"not_picked":["Redo","Tempest","Beam Cell"],"picked":"SKIP","floor":11},{"not_picked":["Hello World","Ball Lightning"],"picked":"Capacitor","floor":12},{"not_picked":["Chaos","Cold Snap"],"picked":"Defragment","floor":14},{"not_picked":["Fission","All For One"],"picked":"Rainbow","floor":16},{"not_picked":[],"picked":"Doom and Gloom","floor":18},{"not_picked":["Steam Power"],"picked":"SKIP","floor":21},{"not_picked":["Beam Cell"],"picked":"SKIP","floor":23},{"not_picked":["Rebound"],"picked":"SKIP","floor":28},{"not_picked":[],"picked":"Storm+1","floor":30}],"player_experience":182732,"relics_obtained":[{"floor":7,"key":"Oddly Smooth Stone"},{"floor":9,"key":"Anchor"},{"floor":12,"key":"Sundial"},{"floor":14,"key":"Strawberry"},{"floor":19,"key":"MawBank"},{"floor":20,"key":"Red Mask"},{"floor":23,"key":"War Paint"},{"floor":26,"key":"Tiny Chest"},{"floor":28,"key":"Pocketwatch"},{"floor":30,"key":"Lantern"}],"event_choices":[{"damage_healed":0,"gold_gain":0,"player_choice":"Cursed","damage_taken":0,"max_hp_gain":0,"max_hp_loss":0,"event_name":"Wheel of Change","floor":5,"gold_loss":0,"cards_obtained":["Decay"]},{"damage_healed":0,"gold_gain":0,"player_choice":"Fought Bandits","damage_taken":0,"max_hp_gain":0,"max_hp_loss":0,"event_name":"Masked Bandits","floor":20,"gold_loss":0},{"damage_healed":0,"gold_gain":0,"player_choice":"Became a Ghost","damage_taken":0,"max_hp_gain":0,"max_hp_loss":44,"event_name":"Ghosts","floor":22,"gold_loss":0,"cards_obtained":["Ghostly","Ghostly","Ghostly","Ghostly","Ghostly"]}],"is_beta":false,"boss_relics":[{"not_picked":["Tiny House","FrozenCore"],"picked":"Busted Crown"}],"items_purged_floors":[10],"is_endless":false,"potions_floor_spawned":[1,6,11,12,16,20,23,30],"killed_by":"Champ","ascension_level":11}