{"gold_per_floor":[11,25,39,51,126,154,154,104,104,116,135,22,0,16,16,114,114,133,147,47,47,47,47,80,80,80,80,80,80,80,45,45,45],"floor_reached":33,"playtime":1928,"items_purged":["Strike_R","Bash"],"score":302,"play_id":"f4cbcc13-5c3c-4135-8fd4-4778ee2a22cc","local_time":"20190811124535","is_ascension_mode":true,"campfire_choices":[{"data":"Strike_R","floor":15,"key":"PURGE"},{"data":"Dark Embrace","floor":23,"key":"SMITH"},{"data":"Exhume","floor":25,"key":"SMITH"},{"data":"Seeing Red","floor":27,"key":"SMITH"},{"data":"Infernal Blade","floor":29,"key":"SMITH"},{"data":"Sentinel","floor":32,"key":"SMITH"}],"neow_cost":"NO_GOLD","seed_source_timestamp":7498761771174,"circlet_count":0,"master_deck":["Defend_R","Defend_R","Defend_R","Defend_R","Body Slam+1","Infernal Blade+1","Shockwave","Dark Embrace+1","True Grit","Intimidate","Burning Pact","Sentinel+1","Second Wind","True Grit","Impervious","Sentinel","Necronomicurse","Seeing Red+1","Exhume+1","Entrench"],"relics":["Burning Blood","Dead Branch","Regal Pillow","Peace Pipe","Kunai","Empty Cage","Necronomicon","Magic Flower","Dodecahedron"],"potions_floor_usage":[6,16,18],"damage_taken":[{"damage":10,"enemies":"Cultist","floor":1,"turns":4},{"damage":5,"enemies":"Small Slimes","floor":2,"turns":4},{"damage":0,"enemies":"2 Louse","floor":3,"turns":2},{"damage":9,"enemies":"Blue Slaver","floor":4,"turns":5},{"damage":6,"enemies":"Gremlin Nob","floor":6,"turns":3},{"damage":27,"enemies":"Large Slime","floor":10,"turns":9},{"damage":8,"enemies":"2 Fungi Beasts","floor":11,"turns":5},{"damage":0,"enemies":"Looter","floor":13,"turns":4},{"damage":14,"enemies":"Gremlin Gang","floor":14,"turns":4},{"damage":16,"enemies":"Slime Boss","floor":16,"turns":9},{"damage":14,"enemies":"2 Thieves","floor":18,"turns":2},{"damage":12,"enemies":"Shell Parasite","floor":19,"turns":7},{"damage":19,"enemies":"Slavers","floor":24,"turns":3},{"damage":29,"enemies":"Automaton","floor":33,"turns":6}],"seed_played":"6692765987047234134","potions_obtained":[{"floor":4,"key":"Strength Potion"},{"floor":14,"key":"PowerPotion"},{"floor":16,"key":"Fire Potion"}],"is_trial":false,"path_per_floor":["M","M","M","M","?","E","?","?","T","M","M","$","M","M","R","B",null,"M","M","$","?","?","R","E","R","T","R","?","R","?","$","R","B"],"character_chosen":"IRONCLAD","items_purchased":["Sentinel","Entrench"],"campfire_rested":0,"item_purchase_floors":[12,31],"current_hp_per_floor":[76,77,80,77,66,66,59,59,59,38,36,36,42,34,34,24,80,72,66,66,50,50,50,37,37,37,37,37,37,37,37,37,8],"gold":45,"neow_bonus":"ONE_RARE_RELIC","is_prod":false,"is_daily":false,"chose_seed":false,"campfire_upgraded":5,"win_rate":0,"timestamp":1565495135,"path_taken":["M","M","M","?","?","E","?","?","T","M","M","?","M","M","R","BOSS","M","M","$","?","?","R","E","R","T","R","?","R","?","$","R","BOSS"],"build_version":"2019-07-17","purchased_purges":2,"victory":false,"max_hp_per_floor":[80,80,80,80,80,80,80,80,80,80,80,80,80,80,80,80,80,80,80,80,80,80,80,80,80,80,80,80,80,80,80,80,80],"card_choices":[{"not_picked":["Headbutt","Perfected Strike"],"picked":"Body Slam","floor":1},{"not_picked":["Body Slam","Clash"],"picked":"Infernal Blade","floor":2},{"not_picked":["Battle Trance","Inflame"],"picked":"Shockwave","floor":3},{"not_picked":["Clash","Sword Boomerang"],"picked":"Dark Embrace","floor":4},{"not_picked":["Heavy Blade","Clothesline"],"picked":"True Grit","floor":6},{"not_picked":["Flex","Clash"],"picked":"Intimidate","floor":10},{"not_picked":["Twin Strike","Armaments"],"picked":"Burning Pact","floor":11},{"not_picked":["Bludgeon","Clothesline"],"picked":"Second Wind","floor":13},{"not_picked":["Spot Weakness","Flex"],"picked":"True Grit","floor":14},{"not_picked":["Dark Embrace","Feed"],"picked":"Impervious","floor":16},{"not_picked":["Spot Weakness+1","Power Through","Pommel Strike"],"picked":"SKIP","floor":18},{"not_picked":["Infernal Blade","Heavy Blade"],"picked":"Sentinel","floor":19},{"not_picked":["Heavy Blade","Rampage"],"picked":"Exhume","floor":24}],"player_experience":49979,"relics_obtained":[{"floor":6,"key":"Regal Pillow"},{"floor":9,"key":"Kunai"},{"floor":21,"key":"Necronomicon"},{"floor":24,"key":"Magic Flower"},{"floor":26,"key":"Dodecahedron"}],"event_choices":[{"damage_healed":0,"gold_gain":75,"player_choice":"Gather Gold","damage_taken":11,"max_hp_gain":0,"max_hp_loss":0,"event_name":"World of Goop","floor":5,"gold_loss":0},{"damage_healed":0,"gold_gain":0,"player_choice":"Success","damage_taken":7,"relics_obtained":["Peace Pipe"],"max_hp_gain":0,"max_hp_loss":0,"event_name":"Scrap Ooze","floor":7,"gold_loss":0},{"cards_removed":["Strike_R"],"damage_healed":0,"gold_gain":0,"player_choice":"Card Removal","damage_taken":0,"max_hp_gain":0,"max_hp_loss":0,"event_name":"The Cleric","floor":8,"gold_loss":50},{"damage_healed":0,"gold_gain":0,"player_choice":"Obtained Book","damage_taken":16,"max_hp_gain":0,"max_hp_loss":0,"event_name":"Cursed Tome","floor":21,"gold_loss":0},{"damage_healed":0,"gold_gain":0,"player_choice":"Read","damage_taken":0,"max_hp_gain":0,"max_hp_loss":0,"event_name":"The Library","floor":22,"gold_loss":0,"cards_obtained":["Seeing Red"]},{"damage_healed":0,"gold_gain":0,"player_choice":"Ignored","damage_taken":0,"max_hp_gain":0,"max_hp_loss":0,"event_name":"Ghosts","floor":28,"gold_loss":0},{"damage_healed":0,"gold_gain":0,"player_choice":"Upgraded","damage_taken":0,"max_hp_gain":0,"max_hp_loss":0,"event_name":"Upgrade Shrine","floor":30,"gold_loss":0,"cards_upgraded":["Body Slam"]}],"is_beta":false,"boss_relics":[{"not_picked":["Runic Cube","Astrolabe"],"picked":"Empty Cage"}],"items_purged_floors":[12,20],"is_endless":false,"potions_floor_spawned":[4,14,16],"killed_by":"Automaton","ascension_level":1}