{"gold_per_floor":[114,133,64,80,97,97,97,97,97,112,125,160,160,260,260,362,362,378,390,413,429,447,447,63,63,63,63,76,106,106,123,123,228,228,243,243,255,58,58,58,74,74,74,109,121,139,139,158,158,158],"floor_reached":51,"playtime":16487,"items_purged":[],"score":845,"play_id":"31d68652-0bae-42b1-96ae-de668fdf219b","local_time":"20190213175301","is_ascension_mode":true,"campfire_choices":[{"data":"Defragment","floor":6,"key":"SMITH"},{"data":"Zap","floor":8,"key":"SMITH"},{"data":"Loop","floor":13,"key":"SMITH"},{"data":"Tempest","floor":15,"key":"SMITH"},{"floor":23,"key":"REST"},{"floor":25,"key":"REST"},{"data":"Loop","floor":27,"key":"SMITH"},{"data":"Static Discharge","floor":32,"key":"SMITH"},{"data":"Fission","floor":40,"key":"SMITH"},{"data":"Self Repair","floor":42,"key":"SMITH"},{"data":"Fusion","floor":47,"key":"SMITH"},{"data":"Coolheaded","floor":49,"key":"SMITH"}],"neow_cost":"PERCENT_DAMAGE","seed_source_timestamp":595733076900190,"circlet_count":0,"master_deck":["Defend_B","Defend_B","Defend_B","Defend_B","Zap+1","Dualcast","Tempest+1","Loop+1","Defragment+1","Coolheaded+1","Cold Snap","Seek","Loop+1","Steam+1","Ball Lightning","Self Repair+1","Chill+1","Cold Snap","Static Discharge+1","Fission+1","Hyperbeam+1","Glacier+1","Fission+1","Consume+1","Flash of Steel","Coolheaded+1","Glacier+1","Capacitor+1","Fusion+1","Defragment+1","Tempest+1"],"relics":["Cracked Core","Bottled Tornado","Matryoshka","Velvet Choker","Ancient Tea Set","Happy Flower","Question Card","Blood Vial","Meat on the Bone","Dream Catcher","Darkstone Periapt","Astrolabe","ClockworkSouvenir","Oddly Smooth Stone","StoneCalendar"],"potions_floor_usage":[10,11,19,21,33,33,50,50],"damage_taken":[{"damage":0,"enemies":"Jaw Worm","floor":1,"turns":3},{"damage":0,"enemies":"Cultist","floor":2,"turns":2},{"damage":0,"enemies":"2 Louse","floor":4,"turns":2},{"damage":7,"enemies":"Red Slaver","floor":5,"turns":3},{"damage":0,"enemies":"Gremlin Gang","floor":10,"turns":3},{"damage":0,"enemies":"Looter","floor":11,"turns":2},{"damage":13,"enemies":"Lagavulin","floor":12,"turns":6},{"damage":9,"enemies":"Hexaghost","floor":16,"turns":9},{"damage":9,"enemies":"Shell Parasite","floor":18,"turns":4},{"damage":14,"enemies":"2 Thieves","floor":19,"turns":4},{"damage":4,"enemies":"Cultist and Chosen","floor":21,"turns":7},{"damage":14,"enemies":"Snake Plant","floor":22,"turns":3},{"damage":16,"enemies":"Sentry and Sphere","floor":28,"turns":4},{"damage":10,"enemies":"Book of Stabbing","floor":29,"turns":5},{"damage":11,"enemies":"Snecko","floor":31,"turns":4},{"damage":18,"enemies":"Automaton","floor":33,"turns":8},{"damage":12,"enemies":"Orb Walker","floor":35,"turns":3},{"damage":0,"enemies":"3 Darklings","floor":37,"turns":5},{"damage":19,"enemies":"Sphere and 2 Shapes","floor":41,"turns":8},{"damage":0,"enemies":"Nemesis","floor":44,"turns":10},{"damage":0,"enemies":"4 Shapes","floor":45,"turns":5},{"damage":11,"enemies":"3 Darklings","floor":46,"turns":5},{"damage":0,"enemies":"Spire Growth","floor":48,"turns":6},{"damage":26,"enemies":"Time Eater","floor":50,"turns":8}],"seed_played":"7027856921171802580","potions_obtained":[{"floor":1,"key":"Fire Potion"},{"floor":5,"key":"FearPotion"},{"floor":10,"key":"PowerPotion"},{"floor":16,"key":"FocusPotion"},{"floor":19,"key":"SpeedPotion"},{"floor":29,"key":"SpeedPotion"},{"floor":31,"key":"PowerPotion"},{"floor":41,"key":"Weak Potion"},{"floor":44,"key":"PowerPotion"}],"is_trial":false,"path_per_floor":["M","M","$","M","M","R","?","R","T","M","M","E","R","?","R","B",null,"M","M","T","M","M","R","$","R","T","R","M","E","?","M","R","B",null,"M","?","M","$","?","R","M","R","T","E","M","M","R","M","R","B",null],"character_chosen":"DEFECT","items_purchased":["Defragment","Ball Lightning","Self Repair","Question Card","ClockworkSouvenir"],"campfire_rested":2,"item_purchase_floors":[3,24,24,24,38],"current_hp_per_floor":[54,54,54,54,47,47,47,47,47,47,47,34,34,34,34,25,63,54,40,40,36,22,44,44,66,66,66,52,51,51,49,49,52,69,66,66,75,75,75,75,63,63,63,75,75,74,74,75,75,49],"gold":158,"neow_bonus":"TRANSFORM_TWO_CARDS","is_prod":false,"is_daily":false,"chose_seed":false,"campfire_upgraded":10,"win_rate":0,"timestamp":1550098381,"path_taken":["M","M","$","M","M","R","?","R","T","?","?","E","R","?","R","BOSS","M","M","?","?","M","R","$","R","T","R","M","E","?","M","R","BOSS","M","?","M","$","?","R","M","R","T","E","?","M","R","M","R","BOSS"],"build_version":"2019-01-23","purchased_purges":0,"victory":true,"max_hp_per_floor":[75,75,75,75,75,75,75,75,75,75,75,75,75,75,75,75,75,75,75,75,75,75,75,75,75,75,75,75,75,75,75,75,75,75,75,75,75,75,75,75,75,75,75,75,75,75,75,75,75,75],"card_choices":[{"not_picked":["Barrage","Stack"],"picked":"FTL","floor":1},{"not_picked":["Beam Cell","Steam Power"],"picked":"Loop","floor":2},{"not_picked":["Recycle","Heatsinks"],"picked":"Coolheaded","floor":4},{"not_picked":["BootSequence","Turbo","Rebound"],"picked":"SKIP","floor":5},{"not_picked":["Reprogram","Leap","Auto Shields"],"picked":"SKIP","floor":10},{"not_picked":["Coolheaded","Barrage"],"picked":"Cold Snap","floor":11},{"not_picked":["Gash","Turbo","Go for the Eyes"],"picked":"SKIP","floor":12},{"not_picked":["All For One","Rainbow"],"picked":"Seek","floor":16},{"not_picked":["Conserve Battery","Melter"],"picked":"Loop","floor":18},{"not_picked":["Chill","Aggregate"],"picked":"Steam+1","floor":19},{"not_picked":["Steam","Doom and Gloom+1","Turbo"],"picked":"SKIP","floor":21},{"not_picked":["Thunder Strike","Stack+1","Hologram"],"picked":"SKIP","floor":22},{"not_picked":["Conserve Battery","Leap+1","Compile Driver"],"picked":"Chill+1","floor":28},{"not_picked":["Chill","Leap","Auto Shields"],"picked":"Cold Snap","floor":29},{"not_picked":["Turbo","Ball Lightning","Go for the Eyes"],"picked":"Static Discharge","floor":31},{"not_picked":["Hyperbeam","Reboot","Machine Learning"],"picked":"Fission","floor":33},{"not_picked":["Go for the Eyes+1","Steam","Sweeping Beam"],"picked":"Consume+1","floor":35},{"not_picked":["Deep Breath","PanicButton","Madness"],"picked":"Flash of Steel","floor":36},{"not_picked":["Streamline+1","Rebound+1","Redo+1"],"picked":"Coolheaded+1","floor":37},{"not_picked":["Leap+1","Chaos","Turbo"],"picked":"Capacitor+1","floor":41},{"not_picked":["Redo","Leap","Storm+1"],"picked":"Fusion","floor":44},{"not_picked":["Sweeping Beam","White Noise+1","Tempest+1"],"picked":"Defragment+1","floor":45},{"not_picked":["Coolheaded","Skim+1","Sweeping Beam+1","Seek"],"picked":"SKIP","floor":46},{"not_picked":["Fusion","Rebound","Beam Cell"],"picked":"Tempest+1","floor":48}],"player_experience":60605,"relics_obtained":[{"floor":9,"key":"Bottled Tornado"},{"floor":12,"key":"Matryoshka"},{"floor":20,"key":"Ancient Tea Set"},{"floor":20,"key":"Happy Flower"},{"floor":26,"key":"Blood Vial"},{"floor":26,"key":"Meat on the Bone"},{"floor":29,"key":"Dream Catcher"},{"floor":43,"key":"Oddly Smooth Stone"},{"floor":44,"key":"StoneCalendar"}],"event_choices":[{"cards_removed":["Strike_B"],"damage_healed":0,"gold_gain":0,"player_choice":"Purged","damage_taken":0,"max_hp_gain":0,"max_hp_loss":0,"event_name":"Purifier","floor":7,"gold_loss":0},{"damage_healed":0,"gold_gain":100,"player_choice":"Pray","damage_taken":0,"max_hp_gain":0,"max_hp_loss":0,"event_name":"Golden Shrine","floor":14,"gold_loss":0},{"damage_healed":0,"gold_gain":0,"player_choice":"Opened","damage_taken":0,"relics_obtained":["Darkstone Periapt"],"max_hp_gain":0,"max_hp_loss":0,"event_name":"The Mausoleum","floor":30,"gold_loss":0},{"damage_healed":0,"gold_gain":0,"player_choice":"Memory 1","damage_taken":0,"max_hp_gain":0,"max_hp_loss":0,"event_name":"SensoryStone","floor":36,"gold_loss":0},{"damage_healed":0,"gold_gain":0,"player_choice":"Copied","damage_taken":0,"max_hp_gain":0,"max_hp_loss":0,"event_name":"Duplicator","floor":39,"gold_loss":0,"cards_obtained":["Glacier"]}],"is_beta":false,"boss_relics":[{"not_picked":["Calling Bell","Runic Pyramid"],"picked":"Velvet Choker"},{"not_picked":["Lizard Tail","Eternal Feather"],"picked":"Astrolabe"}],"items_purged_floors":[],"is_endless":false,"potions_floor_spawned":[1,5,10,16,19,29,31,41,44,45,48],"ascension_level":5}