{"gold_per_floor":[119,119,63,28,28,28,46,46,46,46,46,70,106,119,119,119],"floor_reached":16,"playtime":308,"items_purged":[],"score":186,"play_id":"18253ec7-ea3d-46c2-91ba-a8a37c4e5d8d","local_time":"20190511115220","is_ascension_mode":true,"campfire_choices":[{"data":"Creative AI","floor":6,"key":"SMITH"},{"data":"Static Discharge","floor":8,"key":"SMITH"},{"data":"Static Discharge","floor":10,"key":"SMITH"},{"floor":15,"key":"REST"}],"neow_cost":"TEN_PERCENT_HP_LOSS","seed_source_timestamp":60289419711311,"circlet_count":0,"master_deck":["AscendersBane","Strike_B","Strike_B","Defend_B","Defend_B+1","Defend_B+1","Defend_B+1","Zap+1","Dualcast","Thunder Strike","Creative AI+1","Static Discharge+1","Static Discharge+1","Core Surge","Self Repair","Thunder Strike","Self Repair"],"relics":["Cracked Core","Golden Idol","Singing Bowl","War Paint"],"potions_floor_usage":[13,16],"damage_taken":[{"damage":16,"enemies":"Jaw Worm","floor":1,"turns":6},{"damage":1,"enemies":"Small Slimes","floor":7,"turns":5},{"damage":0,"enemies":"2 Louse","floor":12,"turns":3},{"damage":10,"enemies":"Lagavulin","floor":13,"turns":5},{"damage":12,"enemies":"Lots of Slimes","floor":14,"turns":2},{"damage":45,"enemies":"Slime Boss","floor":16,"turns":5}],"seed_played":"2812479610416218470","potions_obtained":[{"floor":1,"key":"FearPotion"},{"floor":7,"key":"Energy Potion"},{"floor":14,"key":"Dexterity Potion"}],"is_trial":false,"path_per_floor":["M","?","$","?","?","R","M","R","T","R","?","M","E","M","R","B"],"character_chosen":"DEFECT","items_purchased":["Fire Potion"],"campfire_rested":1,"item_purchase_floors":[3],"current_hp_per_floor":[48,48,48,58,41,41,40,40,40,40,40,40,37,25,42,0],"gold":119,"neow_bonus":"TRANSFORM_TWO_CARDS","is_prod":false,"is_daily":false,"chose_seed":false,"campfire_upgraded":3,"win_rate":0,"timestamp":1557589940,"path_taken":["M","?","$","?","?","R","?","R","T","R","?","?","E","M","R","BOSS"],"build_version":"2019-01-23","purchased_purges":0,"victory":false,"max_hp_per_floor":[64,58,58,58,58,58,58,58,58,58,58,58,58,58,58,58],"card_choices":[{"not_picked":["Sweeping Beam","Stack"],"picked":"Static Discharge","floor":1},{"not_picked":["Sweeping Beam","FTL"],"picked":"Static Discharge","floor":7},{"not_picked":["Static Discharge","Genetic Algorithm"],"picked":"Self Repair","floor":12},{"not_picked":["Cold Snap","Fission"],"picked":"Thunder Strike","floor":13},{"not_picked":["Compile Driver","White Noise"],"picked":"Self Repair","floor":14}],"player_experience":352773,"relics_obtained":[{"floor":9,"key":"Singing Bowl"},{"floor":13,"key":"War Paint"}],"event_choices":[{"damage_healed":0,"gold_gain":0,"player_choice":"Lose Max HP","damage_taken":0,"relics_obtained":["Golden Idol"],"max_hp_gain":0,"max_hp_loss":6,"event_name":"Golden Idol","floor":2,"gold_loss":0},{"damage_healed":14,"gold_gain":0,"player_choice":"Healed","damage_taken":0,"max_hp_gain":0,"max_hp_loss":0,"event_name":"The Cleric","floor":4,"gold_loss":35},{"damage_healed":0,"gold_gain":0,"player_choice":"Entered Light","damage_taken":17,"max_hp_gain":0,"max_hp_loss":0,"event_name":"Shining Light","floor":5,"gold_loss":0,"cards_upgraded":["Defend_B","Defend_B"]},{"damage_healed":0,"gold_gain":0,"player_choice":"1 cards matched","damage_taken":0,"max_hp_gain":0,"max_hp_loss":0,"event_name":"Match and Keep!","floor":11,"gold_loss":0,"cards_obtained":["Core Surge"]}],"is_beta":false,"boss_relics":[],"items_purged_floors":[],"is_endless":false,"potions_floor_spawned":[1,7,12,14],"killed_by":"Slime Boss","ascension_level":18}