{"gold_per_floor":[114,114,114,140,290,290,4,44,118,118,153,153,174,215,215,215],"floor_reached":16,"playtime":613,"items_purged":["Doubt"],"score":320,"play_id":"7ad42230-7643-47f5-bd32-6744933377b1","local_time":"20190515220040","is_ascension_mode":true,"campfire_choices":[{"data":"Infernal Blade","floor":6,"key":"SMITH"},{"data":"Dual Wield","floor":12,"key":"SMITH"},{"data":"Armaments","floor":15,"key":"SMITH"}],"neow_cost":"NONE","seed_source_timestamp":442080702256724,"circlet_count":0,"master_deck":["AscendersBane","Strike_R","Strike_R+1","Strike_R","Strike_R","Strike_R","Defend_R","Defend_R","Defend_R","Defend_R+1","Bash","Infernal Blade+1","Shrug It Off","Flash of Steel","Dual Wield+1","Anger","Sword Boomerang","Ghostly Armor","Armaments+1"],"relics":["Burning Blood","NeowsBlessing","Golden Idol","Potion Belt","Du-Vu Doll","Blue Candle","Magic Flower","Oddly Smooth Stone","Matryoshka"],"potions_floor_usage":[16,16],"damage_taken":[{"damage":0,"enemies":"Small Slimes","floor":1,"turns":1},{"damage":0,"enemies":"3 Sentries","floor":8,"turns":2},{"damage":0,"enemies":"Lagavulin","floor":11,"turns":1},{"damage":0,"enemies":"2 Louse","floor":13,"turns":2},{"damage":32,"enemies":"Gremlin Nob","floor":14,"turns":4},{"damage":28,"enemies":"Hexaghost","floor":16,"turns":7}],"seed_played":"-3900706597214840931","potions_obtained":[{"floor":1,"key":"Weak Potion"},{"floor":14,"key":"Swift Potion"}],"is_trial":false,"path_per_floor":["M","?","?","T","?","R","$","E","T","T","E","R","M","E","R","B"],"character_chosen":"IRONCLAD","items_purchased":["Shrug It Off","Flash of Steel","Dual Wield"],"campfire_rested":0,"item_purchase_floors":[7,7,7],"current_hp_per_floor":[74,48,25,25,25,25,25,31,31,31,40,40,49,26,26,0],"gold":215,"neow_bonus":"THREE_ENEMY_KILL","is_prod":false,"is_daily":false,"chose_seed":false,"campfire_upgraded":3,"win_rate":0,"timestamp":1557972040,"path_taken":["M","?","?","?","?","R","$","E","T","?","E","R","M","E","R","BOSS"],"build_version":"2019-01-23","purchased_purges":1,"victory":false,"max_hp_per_floor":[75,75,75,75,75,75,75,75,75,75,75,75,75,75,75,75],"card_choices":[{"not_picked":["Flex","Havoc"],"picked":"Infernal Blade","floor":1},{"not_picked":["Body Slam","Cleave"],"picked":"Anger","floor":8},{"not_picked":["Bludgeon","Corruption"],"picked":"Sword Boomerang","floor":11},{"not_picked":["Carnage","Havoc"],"picked":"Ghostly Armor","floor":13},{"not_picked":["Corruption","Wild Strike"],"picked":"Armaments","floor":14}],"player_experience":369096,"relics_obtained":[{"floor":4,"key":"Potion Belt"},{"floor":8,"key":"Du-Vu Doll"},{"floor":9,"key":"Blue Candle"},{"floor":10,"key":"Magic Flower"},{"floor":11,"key":"Oddly Smooth Stone"},{"floor":14,"key":"Matryoshka"}],"event_choices":[{"damage_healed":0,"gold_gain":0,"player_choice":"Take Damage","damage_taken":26,"relics_obtained":["Golden Idol"],"max_hp_gain":0,"max_hp_loss":0,"event_name":"Golden Idol","floor":2,"gold_loss":0},{"damage_healed":0,"gold_gain":0,"player_choice":"Entered Light","damage_taken":23,"max_hp_gain":0,"max_hp_loss":0,"event_name":"Shining Light","floor":3,"gold_loss":0,"cards_upgraded":["Defend_R","Strike_R"]},{"damage_healed":0,"gold_gain":150,"player_choice":"AGREE","damage_taken":0,"max_hp_gain":0,"max_hp_loss":0,"event_name":"Liars Game","floor":5,"gold_loss":0,"cards_obtained":["Doubt"]}],"is_beta":false,"boss_relics":[],"items_purged_floors":[7],"is_endless":false,"potions_floor_spawned":[1,14],"killed_by":"Hexaghost","ascension_level":19}