{"gold_per_floor":[113,44,44,44,44,44,77,95,119,119,142,163,163,184,184,308,308,326,6,6,24,24],"floor_reached":22,"playtime":1201,"items_purged":["Strike_R"],"score":230,"play_id":"30988e9b-4b85-4431-a939-147bffce7656","local_time":"20190813161842","is_ascension_mode":true,"campfire_choices":[{"data":"Flame Barrier","floor":6,"key":"SMITH"},{"data":"True Grit","floor":10,"key":"SMITH"},{"data":"Rampage","floor":13,"key":"SMITH"},{"data":"Clothesline","floor":15,"key":"SMITH"}],"neow_cost":"NONE","seed_source_timestamp":2730611699974,"circlet_count":0,"master_deck":["Strike_R","Defend_R","Defend_R","Defend_R","Defend_R","Bash","Rampage+1","Flame Barrier+1","Burning Pact","True Grit+1","Clothesline+1","Demon Form+1","Juggernaut+1","Burning Pact+1","Blood for Blood+1","Body Slam","Heavy Blade","Shrug It Off"],"relics":["Burning Blood","NeowsBlessing","Blue Candle","Golden Idol","Darkstone Periapt","Frozen Egg 2","Potion Belt","Astrolabe","Singing Bowl"],"potions_floor_usage":[16,16,22],"damage_taken":[{"damage":0,"enemies":"Small Slimes","floor":1,"turns":1},{"damage":0,"enemies":"3 Sentries","floor":7,"turns":2},{"damage":0,"enemies":"2 Louse","floor":8,"turns":2},{"damage":0,"enemies":"Cultist","floor":11,"turns":4},{"damage":38,"enemies":"Exordium Thugs","floor":12,"turns":7},{"damage":7,"enemies":"Exordium Wildlife","floor":14,"turns":5},{"damage":47,"enemies":"The Guardian","floor":16,"turns":13},{"damage":14,"enemies":"Shell Parasite","floor":18,"turns":11},{"damage":8,"enemies":"3 Byrds","floor":21,"turns":5},{"damage":75,"enemies":"Masked Bandits","floor":22,"turns":5}],"seed_played":"2516718201063755111","potions_obtained":[{"floor":1,"key":"Weak Potion"},{"floor":7,"key":"LiquidBronze"},{"floor":14,"key":"BloodPotion"},{"floor":16,"key":"Fire Potion"}],"is_trial":false,"path_per_floor":["M","$","?","?","?","R","E","M","T","R","M","M","R","M","R","B",null,"M","$","?","M","?"],"character_chosen":"IRONCLAD","items_purchased":["Flame Barrier","Singing Bowl"],"campfire_rested":0,"item_purchase_floors":[2,19],"current_hp_per_floor":[80,80,73,53,53,53,59,65,65,65,71,39,39,38,38,17,80,72,72,72,70,0],"gold":24,"neow_bonus":"THREE_ENEMY_KILL","is_prod":false,"is_daily":false,"chose_seed":false,"campfire_upgraded":4,"win_rate":0,"timestamp":1565680722,"path_taken":["M","$","?","?","?","R","E","M","T","R","?","M","R","M","R","BOSS","M","$","?","M","?"],"build_version":"2019-07-17","purchased_purges":1,"victory":false,"max_hp_per_floor":[80,80,80,80,80,80,80,80,80,80,80,80,80,80,80,80,80,80,80,80,80,80],"card_choices":[{"not_picked":["Rage","Burning Pact"],"picked":"Rampage","floor":1},{"not_picked":["Headbutt","Pommel Strike"],"picked":"Burning Pact","floor":7},{"not_picked":["Inflame+1","Clothesline"],"picked":"True Grit","floor":8},{"not_picked":["Iron Wave","Sword Boomerang","Cleave"],"picked":"SKIP","floor":11},{"not_picked":["True Grit","Pummel"],"picked":"Clothesline","floor":12},{"not_picked":["Pummel","Rage","Twin Strike"],"picked":"SKIP","floor":14},{"not_picked":["Offering","Limit Break"],"picked":"Demon Form+1","floor":16},{"not_picked":["Anger+1","Havoc"],"picked":"Body Slam","floor":18},{"not_picked":["Anger+1","Heavy Blade"],"picked":"Shrug It Off","floor":21}],"player_experience":77060,"relics_obtained":[{"floor":7,"key":"Frozen Egg 2"},{"floor":9,"key":"Potion Belt"}],"event_choices":[{"damage_healed":0,"gold_gain":0,"player_choice":"Success","damage_taken":7,"relics_obtained":["Blue Candle"],"max_hp_gain":0,"max_hp_loss":0,"event_name":"Scrap Ooze","floor":3,"gold_loss":0},{"damage_healed":0,"gold_gain":0,"player_choice":"Take Damage","damage_taken":20,"relics_obtained":["Golden Idol"],"max_hp_gain":0,"max_hp_loss":0,"event_name":"Golden Idol","floor":4,"gold_loss":0},{"damage_healed":0,"gold_gain":0,"player_choice":"Gave Potion","damage_taken":0,"relics_obtained":["Darkstone Periapt"],"max_hp_gain":0,"max_hp_loss":0,"event_name":"WeMeetAgain","floor":5,"gold_loss":0},{"damage_healed":0,"gold_gain":0,"player_choice":"Read","damage_taken":0,"max_hp_gain":0,"max_hp_loss":0,"event_name":"The Library","floor":20,"gold_loss":0,"cards_obtained":["Heavy Blade"]},{"damage_healed":0,"gold_gain":0,"player_choice":"Fought Bandits","damage_taken":0,"max_hp_gain":0,"max_hp_loss":0,"event_name":"Masked Bandits","floor":22,"gold_loss":0}],"is_beta":false,"boss_relics":[{"not_picked":["Philosopher\u0027s Stone","Busted Crown"],"picked":"Astrolabe"}],"items_purged_floors":[19],"is_endless":false,"potions_floor_spawned":[1,7,14,16],"killed_by":"Masked Bandits","ascension_level":2}