{"gold_per_floor":[112,3,178,196,5,5,33,52,76,76,76,110,130,150,150,279,279,292,217,32,51,51,86,110,110,134,87,122,145,145,159,159,288,288,312,312,312],"floor_reached":37,"playtime":1253,"items_purged":["Doubt","Strike_B"],"score":607,"play_id":"ffeedbdd-8261-48c5-b683-e5d5f21f0c07","local_time":"20190218171523","is_ascension_mode":true,"campfire_choices":[{"data":"Defragment","floor":6,"key":"SMITH"},{"data":"Zap","floor":11,"key":"SMITH"},{"data":"Blizzard","floor":15,"key":"SMITH"},{"data":"Defragment","floor":25,"key":"SMITH"},{"data":"Blizzard","floor":30,"key":"SMITH"},{"data":"Capacitor","floor":32,"key":"SMITH"}],"neow_cost":"NONE","seed_source_timestamp":1043843834471965,"circlet_count":0,"master_deck":["Defend_B","Defend_B+1","Defend_B+1","Defend_B","Zap+1","Dualcast","Defragment+1","Flash of Steel","Conserve Battery","Ball Lightning","Self Repair","Glacier","Gash","Blizzard+1","Conserve Battery+1","Genetic Algorithm+1","Defragment+1","Hologram+1","Blizzard+1","Writhe","Cold Snap","Blizzard+1","Chill+1","Coolheaded+1","White Noise+1","Genetic Algorithm+1","Capacitor+1","Core Surge","Beam Cell+1","Meteor Strike+1","Core Surge+1"],"relics":["Cracked Core","NeowsBlessing","Vajra","War Paint","Golden Idol","Toxic Egg 2","Velvet Choker","Mummified Hand","Prayer Wheel","Orichalcum","Turnip","Astrolabe"],"potions_floor_usage":[14,16,23,23,24,24],"damage_taken":[{"damage":0,"enemies":"Small Slimes","floor":1,"turns":1},{"damage":0,"enemies":"2 Louse","floor":4,"turns":1},{"damage":0,"enemies":"3 Sentries","floor":7,"turns":1},{"damage":7,"enemies":"Jaw Worm","floor":8,"turns":3},{"damage":8,"enemies":"Gremlin Nob","floor":12,"turns":3},{"damage":1,"enemies":"Exordium Thugs","floor":13,"turns":4},{"damage":2,"enemies":"Gremlin Gang","floor":14,"turns":4},{"damage":15,"enemies":"Hexaghost","floor":16,"turns":10},{"damage":0,"enemies":"Chosen","floor":18,"turns":4},{"damage":6,"enemies":"Spheric Guardian","floor":21,"turns":6},{"damage":28,"enemies":"Slavers","floor":23,"turns":6},{"damage":3,"enemies":"Shelled Parasite and Fungi","floor":24,"turns":6},{"damage":0,"enemies":"Gremlin Leader","floor":28,"turns":6},{"damage":3,"enemies":"Snake Plant","floor":29,"turns":5},{"damage":0,"enemies":"Sentry and Sphere","floor":31,"turns":4},{"damage":7,"enemies":"Automaton","floor":33,"turns":10},{"damage":0,"enemies":"3 Shapes","floor":35,"turns":4},{"damage":80,"enemies":"Donu and Deca","floor":37,"turns":8}],"seed_played":"-3229282030199074611","potions_obtained":[{"floor":4,"key":"SteroidPotion"},{"floor":14,"key":"Block Potion"},{"floor":16,"key":"SkillPotion"},{"floor":18,"key":"Regen Potion"},{"floor":23,"key":"Poison Potion"},{"floor":24,"key":"SteroidPotion"}],"is_trial":false,"path_per_floor":["M","$","?","M","$","R","E","M","T","?","R","E","M","M","R","B",null,"M","?","$","M","?","E","M","R","T","$","E","M","R","M","R","B",null,"M","?","B"],"character_chosen":"DEFECT","items_purchased":["Flash of Steel","Conserve Battery","Self Repair","Fire Potion","Hologram+1","Blizzard","Coolheaded+1"],"campfire_rested":0,"item_purchase_floors":[2,2,5,5,20,20,27],"current_hp_per_floor":[68,68,68,68,68,68,68,68,68,50,50,49,55,60,60,52,69,75,75,75,75,75,54,73,73,73,73,75,75,75,75,75,75,75,75,75,0],"gold":312,"neow_bonus":"THREE_ENEMY_KILL","is_prod":false,"is_daily":false,"chose_seed":false,"campfire_upgraded":6,"win_rate":0,"timestamp":1550528123,"path_taken":["M","$","?","M","$","R","E","M","T","?","R","E","M","M","R","BOSS","M","?","$","M","?","E","M","R","T","?","E","?","R","M","R","BOSS","M","?","BOSS"],"build_version":"2019-01-23","purchased_purges":2,"victory":false,"max_hp_per_floor":[75,75,75,75,75,75,75,75,75,75,75,75,75,75,75,75,75,75,75,75,75,75,75,75,75,75,75,75,75,75,75,75,75,75,75,75,75],"card_choices":[{"not_picked":["Coolheaded","Steam"],"picked":"Defragment","floor":1},{"not_picked":["Hologram","Compile Driver"],"picked":"Ball Lightning","floor":4},{"not_picked":["Ball Lightning","Stack"],"picked":"Glacier","floor":7},{"not_picked":["Hyperbeam","Chaos"],"picked":"Gash","floor":8},{"not_picked":["Lockon","Sweeping Beam"],"picked":"Blizzard","floor":12},{"not_picked":["Stack+1","Beam Cell"],"picked":"Conserve Battery+1","floor":13},{"not_picked":["Steam+1","Redo+1"],"picked":"Genetic Algorithm+1","floor":14},{"not_picked":["Creative AI","All For One"],"picked":"Thunder Strike","floor":16},{"not_picked":["Compile Driver","Heatsinks"],"picked":"Defragment","floor":18},{"not_picked":["BootSequence+1","Go for the Eyes","Beam Cell+1"],"picked":"SKIP","floor":21},{"not_picked":["Chaos+1","Self Repair"],"picked":"Cold Snap","floor":23},{"not_picked":["Turbo+1","Undo+1"],"picked":"Blizzard+1","floor":24},{"not_picked":["Sunder","Rip and Tear"],"picked":"Chill+1","floor":24},{"not_picked":["Auto Shields+1","Beam Cell"],"picked":"White Noise+1","floor":28},{"not_picked":["Steam+1","All For One"],"picked":"Genetic Algorithm+1","floor":29},{"not_picked":["Blizzard","Rebound","Hologram+1"],"picked":"SKIP","floor":29},{"not_picked":["Go for the Eyes","Static Discharge"],"picked":"Capacitor","floor":31},{"not_picked":["Compile Driver","Melter+1","Recycle+1"],"picked":"SKIP","floor":31},{"not_picked":["Creative AI","Hyperbeam"],"picked":"Core Surge","floor":33},{"not_picked":["Gash","Aggregate+1","Rebound"],"picked":"SKIP","floor":35},{"not_picked":["Conserve Battery+1","Sweeping Beam+1","Barrage"],"picked":"SKIP","floor":35}],"player_experience":108214,"relics_obtained":[{"floor":7,"key":"Vajra"},{"floor":9,"key":"War Paint"},{"floor":12,"key":"Toxic Egg 2"},{"floor":23,"key":"Prayer Wheel"},{"floor":26,"key":"Orichalcum"},{"floor":28,"key":"Turnip"}],"event_choices":[{"damage_healed":0,"gold_gain":175,"player_choice":"AGREE","damage_taken":0,"max_hp_gain":0,"max_hp_loss":0,"event_name":"Liars Game","floor":3,"gold_loss":0,"cards_obtained":["Doubt"]},{"damage_healed":0,"gold_gain":0,"player_choice":"Take Damage","damage_taken":18,"relics_obtained":["Golden Idol"],"max_hp_gain":0,"max_hp_loss":0,"event_name":"Golden Idol","floor":10,"gold_loss":0},{"cards_removed":["Strike_B"],"damage_healed":0,"gold_gain":0,"player_choice":"Gave Gold","damage_taken":0,"max_hp_gain":0,"max_hp_loss":0,"event_name":"Beggar","floor":19,"gold_loss":75},{"damage_healed":0,"gold_gain":0,"player_choice":"Opened","damage_taken":0,"relics_obtained":["Mummified Hand"],"max_hp_gain":0,"max_hp_loss":0,"event_name":"The Mausoleum","floor":22,"gold_loss":0,"cards_obtained":["Writhe"]},{"damage_healed":0,"gold_gain":0,"player_choice":"Took Portal","damage_taken":0,"max_hp_gain":0,"max_hp_loss":0,"event_name":"SecretPortal","floor":36,"gold_loss":0}],"is_beta":false,"boss_relics":[{"not_picked":["Runic Dome","Tiny House"],"picked":"Velvet Choker"},{"not_picked":["Busted Crown","White Beast Statue"],"picked":"Astrolabe"}],"items_purged_floors":[5,20],"is_endless":false,"potions_floor_spawned":[4,14,16,18,23,24],"killed_by":"Donu and Deca","ascension_level":6}