{"gold_per_floor":[119,30,47,47,47,82,94,94,121,133,158,66,66,82,82,82],"floor_reached":16,"playtime":650,"items_purged":[],"score":263,"play_id":"6ef99465-9415-4eda-954f-c05f2cb6430a","local_time":"20190523111710","is_ascension_mode":true,"campfire_choices":[{"data":"Noxious Fumes","floor":8,"key":"SMITH"},{"data":"Footwork","floor":13,"key":"SMITH"},{"data":"Footwork","floor":15,"key":"SMITH"}],"neow_cost":"NONE","seed_source_timestamp":1094675339892810,"circlet_count":0,"master_deck":["AscendersBane","Defend_G","Defend_G","Defend_G","Defend_G","Defend_G","Strike_G","Strike_G","Strike_G","Strike_G","Strike_G","Survivor","Neutralize","Footwork+1","Noxious Fumes+1","Blur","Footwork+1","Footwork","Flash of Steel","Dagger Throw"],"relics":["Ring of the Snake","NeowsBlessing","Orichalcum","Question Card","Pen Nib","Art of War"],"potions_floor_usage":[16,16],"damage_taken":[{"damage":0,"enemies":"Cultist","floor":1,"turns":1},{"damage":0,"enemies":"Small Slimes","floor":3,"turns":1},{"damage":0,"enemies":"Lagavulin","floor":6,"turns":1},{"damage":2,"enemies":"Jaw Worm","floor":7,"turns":7},{"damage":7,"enemies":"Red Slaver","floor":10,"turns":6},{"damage":15,"enemies":"3 Sentries","floor":11,"turns":9},{"damage":0,"enemies":"Blue Slaver","floor":14,"turns":7},{"damage":40,"enemies":"Slime Boss","floor":16,"turns":10}],"seed_played":"4715719151166021271","potions_obtained":[{"floor":1,"key":"Dexterity Potion"},{"floor":10,"key":"Block Potion"},{"floor":11,"key":"FearPotion"}],"is_trial":false,"path_per_floor":["M","$","M","$","?","E","M","R","T","M","E","$","R","M","R","B"],"character_chosen":"THE_SILENT","items_purchased":["Noxious Fumes","Flash of Steel"],"campfire_rested":0,"item_purchase_floors":[2,12],"current_hp_per_floor":[59,59,59,59,59,59,57,57,57,50,35,35,35,35,35,0],"gold":82,"neow_bonus":"THREE_ENEMY_KILL","is_prod":false,"is_daily":false,"chose_seed":false,"campfire_upgraded":3,"win_rate":0,"timestamp":1558624630,"path_taken":["M","$","M","$","?","E","M","R","T","?","E","$","R","M","R","BOSS"],"build_version":"2019-01-23","purchased_purges":0,"victory":false,"max_hp_per_floor":[66,66,66,66,66,66,66,66,66,66,66,66,66,66,66,66],"card_choices":[{"not_picked":["Sucker Punch","Crippling Poison"],"picked":"Footwork","floor":1},{"not_picked":["Outmaneuver","Choke","Heel Hook"],"picked":"SKIP","floor":3},{"not_picked":["Slice","Acrobatics","Deflect"],"picked":"SKIP","floor":6},{"not_picked":["All Out Attack","Blade Dance","Flying Knee"],"picked":"Blur","floor":7},{"not_picked":["Blade Dance","PiercingWail","Deflect"],"picked":"Footwork","floor":10},{"not_picked":["Tools of the Trade","Slice","Bouncing Flask"],"picked":"Footwork","floor":11},{"not_picked":["Flechettes","Cloak And Dagger","Setup"],"picked":"Dagger Throw","floor":14}],"player_experience":404046,"relics_obtained":[{"floor":6,"key":"Question Card"},{"floor":9,"key":"Pen Nib"},{"floor":11,"key":"Art of War"}],"event_choices":[{"damage_healed":0,"gold_gain":0,"player_choice":"Gave Potion","damage_taken":0,"relics_obtained":["Orichalcum"],"max_hp_gain":0,"max_hp_loss":0,"event_name":"WeMeetAgain","floor":5,"gold_loss":0}],"is_beta":false,"boss_relics":[],"items_purged_floors":[],"is_endless":false,"potions_floor_spawned":[1,10,11],"killed_by":"Slime Boss","ascension_level":19}