{"gold_per_floor":[115,190,208,223,223,223,257,268,268,268,268,281,299,326,326,326],"floor_reached":16,"playtime":1041,"items_purged":[],"score":224,"play_id":"76136c6f-532e-4fe2-963b-03850c372d69","local_time":"20190104014005","is_ascension_mode":true,"campfire_choices":[{"floor":6.0,"key":"RECALL"},{"floor":10.0,"key":"REST"},{"floor":15,"key":"REST"}],"neow_cost":"NONE","seed_source_timestamp":1031196956977562,"circlet_count":0,"master_deck":["AscendersBane","Strike_B","Strike_B","Strike_B","Strike_B","Defend_B","Defend_B","Defend_B","Defend_B","Zap","Dualcast","Gash","Gash","Go for the Eyes","Coolheaded","Streamline+1","Ball Lightning","Conserve Battery","Beam Cell","Glacier"],"special_seed":0,"relics":["Cracked Core","The Courier","Frozen Egg 2","Kunai","Pen Nib"],"potions_floor_usage":[14,14],"damage_taken":[{"damage":2.0,"enemies":"2 Louse","floor":1.0,"turns":4.0},{"damage":3.0,"enemies":"Small Slimes","floor":3.0,"turns":3.0},{"damage":2.0,"enemies":"Jaw Worm","floor":4.0,"turns":3.0},{"damage":22.0,"enemies":"3 Sentries","floor":7.0,"turns":9.0},{"damage":8.0,"enemies":"2 Fungi Beasts","floor":8.0,"turns":3.0},{"damage":7.0,"enemies":"Exordium Wildlife","floor":12.0,"turns":3.0},{"damage":2.0,"enemies":"Looter","floor":13.0,"turns":3.0},{"damage":6,"enemies":"Gremlin Nob","floor":14,"turns":3},{"damage":41,"enemies":"Hexaghost","floor":16,"turns":10}],"seed_played":"-9188054381105393713","potions_obtained":[{"floor":1.0,"key":"FearPotion"},{"floor":4.0,"key":"FearPotion"},{"floor":12.0,"key":"Explosive Potion"}],"is_trial":false,"path_per_floor":["M","?","M","M","?","R","E","M","T","R","?","M","M","E","R","B"],"character_chosen":"DEFECT","items_purchased":[],"campfire_rested":2,"item_purchase_floors":[],"current_hp_per_floor":[62,51,48,46,41,41,19,11,11,32,32,25,23,17,38,0],"gold":326,"neow_bonus":"THREE_CARDS","is_prod":false,"is_daily":false,"chose_seed":false,"campfire_upgraded":0,"win_rate":0,"timestamp":1546594805,"path_taken":["M","?","M","M","?","R","E","M","T","R","?","M","M","E","R","BOSS"],"build_version":"2019-01-03v3","purchased_purges":0,"victory":false,"max_hp_per_floor":[71,71,71,71,71,71,71,71,71,71,71,71,71,71,71,71],"card_choices":[{"not_picked":["Go for the Eyes","Turbo"],"picked":"Gash","floor":0.0},{"not_picked":["Darkness","Auto Shields"],"picked":"Gash","floor":1.0},{"not_picked":["Turbo","Stack"],"picked":"Go for the Eyes","floor":3.0},{"not_picked":["Streamline","Rebound"],"picked":"Coolheaded","floor":4.0},{"not_picked":["Sweeping Beam","Hyperbeam"],"picked":"Streamline","floor":7.0},{"not_picked":["Force Field","Barrage"],"picked":"Ball Lightning","floor":8.0},{"not_picked":["Skim","Reprogram"],"picked":"Conserve Battery","floor":12.0},{"not_picked":["Barrage","Leap"],"picked":"Beam Cell","floor":13.0},{"not_picked":["Core Surge","Ball Lightning"],"picked":"Glacier","floor":14}],"player_experience":2708894,"relics_obtained":[{"floor":7.0,"key":"Frozen Egg 2"},{"floor":9.0,"key":"Kunai"},{"floor":14,"key":"Pen Nib"}],"event_choices":[{"damage_healed":0.0,"max_hp_gain":0.0,"max_hp_loss":0.0,"gold_gain":75.0,"event_name":"World of Goop","player_choice":"Gather Gold","floor":2.0,"gold_loss":0.0,"damage_taken":11.0},{"damage_healed":0.0,"max_hp_gain":0.0,"max_hp_loss":0.0,"gold_gain":0.0,"event_name":"Scrap Ooze","player_choice":"Success","floor":5.0,"gold_loss":0.0,"damage_taken":5.0,"relics_obtained":["The Courier"]},{"damage_healed":0.0,"max_hp_gain":0.0,"max_hp_loss":0.0,"gold_gain":0.0,"event_name":"Living Wall","player_choice":"Grow","floor":11.0,"gold_loss":0.0,"damage_taken":0.0,"cards_upgraded":["Streamline"]}],"is_beta":true,"boss_relics":[],"items_purged_floors":[],"is_endless":false,"potions_floor_spawned":[1,4,12],"killed_by":"Hexaghost","ascension_level":20}