{"gold_per_floor":[116,116,41,41,61,94,94,121,151,151,161,178,133],"floor_reached":13,"playtime":587,"items_purged":["Strike_G"],"score":130,"play_id":"6c1e765b-62f8-4470-9daa-d7d95fd32c3a","local_time":"20190815122848","is_ascension_mode":true,"campfire_choices":[{"data":"Malaise","floor":7,"key":"SMITH"}],"neow_cost":"NONE","seed_source_timestamp":101359544186156,"circlet_count":0,"master_deck":["Strike_G","Strike_G","Strike_G","Strike_G","Defend_G","Defend_G","Defend_G","Defend_G","Defend_G","Survivor","Neutralize+1","Blur","Backflip","Malaise+1","Catalyst","Dodge and Roll"],"relics":["Ring of the Snake","NeowsBlessing","Vajra","Tiny Chest","Pantograph"],"potions_floor_usage":[8,13],"damage_taken":[{"damage":0,"enemies":"2 Louse","floor":1,"turns":1},{"damage":0,"enemies":"Small Slimes","floor":5,"turns":1},{"damage":0,"enemies":"Gremlin Nob","floor":6,"turns":1},{"damage":31,"enemies":"Lagavulin","floor":8,"turns":17},{"damage":0,"enemies":"Cultist","floor":11,"turns":5},{"damage":8,"enemies":"Large Slime","floor":12,"turns":12},{"damage":10,"enemies":"Exordium Thugs","floor":13,"turns":5}],"seed_played":"-6636735878877956400","potions_obtained":[{"floor":6,"key":"Explosive Potion"},{"floor":8,"key":"PowerPotion"},{"floor":11,"key":"Ancient Potion"},{"floor":12,"key":"Ancient Potion"}],"is_trial":false,"path_per_floor":["M","?","$","?","M","E","R","E","T","T","M","M","M"],"character_chosen":"THE_SILENT","items_purchased":[],"campfire_rested":0,"item_purchase_floors":[],"current_hp_per_floor":[70,70,70,75,75,75,75,44,44,44,44,36,26],"gold":133,"neow_bonus":"THREE_ENEMY_KILL","is_prod":false,"is_daily":false,"chose_seed":false,"campfire_upgraded":1,"win_rate":0,"timestamp":1565839728,"path_taken":["M","?","$","?","M","E","R","E","T","?","M","?","M"],"build_version":"2019-07-17","purchased_purges":1,"victory":false,"max_hp_per_floor":[70,70,70,75,75,75,75,75,75,75,75,75,75],"card_choices":[{"not_picked":["Cloak And Dagger","Backflip"],"picked":"Blur","floor":1},{"not_picked":["Bane","Riddle With Holes"],"picked":"Backflip","floor":5},{"not_picked":["Blade Dance","Underhanded Strike"],"picked":"Malaise","floor":6},{"not_picked":["Blur","Dagger Throw"],"picked":"Catalyst","floor":8},{"not_picked":["Backflip","Expertise","Deadly Poison"],"picked":"SKIP","floor":11},{"not_picked":["Underhanded Strike","Choke"],"picked":"Dodge and Roll","floor":12}],"player_experience":119446,"relics_obtained":[{"floor":8,"key":"Vajra"},{"floor":9,"key":"Tiny Chest"},{"floor":10,"key":"Pantograph"}],"event_choices":[{"damage_healed":0,"gold_gain":0,"player_choice":"Grow","damage_taken":0,"max_hp_gain":0,"max_hp_loss":0,"event_name":"Living Wall","floor":2,"gold_loss":0,"cards_upgraded":["Neutralize"]},{"damage_healed":0,"gold_gain":0,"player_choice":"Donut","damage_taken":0,"max_hp_gain":5,"max_hp_loss":0,"event_name":"Big Fish","floor":4,"gold_loss":0}],"is_beta":false,"boss_relics":[],"items_purged_floors":[3],"is_endless":false,"potions_floor_spawned":[6,8,11,12],"killed_by":"Exordium Thugs","ascension_level":2}