{"gold_per_floor":[369,369,384,384,398,398,10,10,37,62,75,75,75,0,0,78,78,89,4,4,4,14,14,14],"floor_reached":24,"playtime":539,"items_purged":[],"score":384,"play_id":"bd616134-f4ae-4258-96a3-f854a02b8672","local_time":"20190821134435","is_ascension_mode":true,"campfire_choices":[{"floor":6,"key":"REST"},{"data":"Hologram","floor":13,"key":"SMITH"},{"data":"Reinforced Body","floor":15,"key":"SMITH"},{"floor":23,"key":"REST"}],"neow_cost":"TEN_PERCENT_HP_LOSS","seed_source_timestamp":401473765363284,"circlet_count":0,"master_deck":["AscendersBane","Strike_B","Defend_B","Defend_B","Defend_B","Defend_B","Zap","Dualcast","Rip and Tear+1","FTL","Hologram+1","Genetic Algorithm+1","Loop+1","Reinforced Body+1","Core Surge","Coolheaded","Self Repair+1","Sweeping Beam","Fusion","Defragment+1"],"special_seed":0,"relics":["Cracked Core","Frozen Egg 2","Toolbox","PreservedInsect","Boot","Runic Pyramid"],"potions_floor_usage":[5,16,16],"damage_taken":[{"damage":5.0,"enemies":"Small Slimes","floor":1.0,"turns":4.0},{"damage":7.0,"enemies":"Jaw Worm","floor":3.0,"turns":3.0},{"damage":6,"enemies":"2 Louse","floor":5,"turns":2},{"damage":8,"enemies":"Gremlin Nob","floor":10,"turns":3},{"damage":6,"enemies":"2 Fungi Beasts","floor":11,"turns":4},{"damage":12,"enemies":"Slime Boss","floor":16,"turns":8},{"damage":28,"enemies":"3 Byrds","floor":18,"turns":5},{"damage":15,"enemies":"Spheric Guardian","floor":22,"turns":5},{"damage":38,"enemies":"Book of Stabbing","floor":24,"turns":5}],"seed_played":"-6139027499985328601","potions_obtained":[{"floor":3.0,"key":"Poison Potion"},{"floor":5,"key":"SkillPotion"},{"floor":10,"key":"Strength Potion"}],"is_trial":false,"path_per_floor":["M","?","M","?","M","R","$","?","T","E","M","?","R","?","R","B",null,"M","$","?","?","M","R","E"],"character_chosen":"DEFECT","items_purchased":["Genetic Algorithm","Loop+1","Toolbox","Self Repair+1"],"campfire_rested":2,"item_purchase_floors":[7,7,7,19],"current_hp_per_floor":[59,14,7,7,1,20,20,41,41,33,27,27,27,27,27,15,52,24,24,24,24,19,38,0],"gold":14,"neow_bonus":"TWO_FIFTY_GOLD","is_prod":false,"is_daily":false,"chose_seed":false,"campfire_upgraded":2,"win_rate":0,"timestamp":1566409475,"path_taken":["M","?","M","?","M","R","$","?","T","E","M","?","R","?","R","BOSS","M","$","?","?","M","R","E"],"build_version":"2019-07-17","purchased_purges":0,"victory":false,"max_hp_per_floor":[64,64,64,64,64,64,64,64,64,64,64,64,64,64,64,64,64,64,64,64,64,64,64,64],"card_choices":[{"not_picked":["Barrage","Capacitor"],"picked":"Rip and Tear","floor":1.0},{"not_picked":["White Noise","Turbo"],"picked":"FTL","floor":3.0},{"not_picked":["Steam Power","Streamline"],"picked":"Hologram","floor":5},{"not_picked":["Sweeping Beam","Gash"],"picked":"Reinforced Body","floor":10},{"not_picked":["Redo","Double Energy","Leap"],"picked":"SKIP","floor":11},{"not_picked":["Reboot","Fission"],"picked":"Core Surge","floor":16},{"not_picked":["Gash","Steam Power"],"picked":"Coolheaded","floor":18},{"not_picked":["Leap","Stack"],"picked":"Defragment+1","floor":22}],"player_experience":588858,"relics_obtained":[{"floor":9,"key":"PreservedInsect"},{"floor":10,"key":"Boot"}],"event_choices":[{"damage_healed":0.0,"max_hp_gain":0.0,"max_hp_loss":0.0,"gold_gain":0.0,"event_name":"Scrap Ooze","player_choice":"Success","floor":2.0,"gold_loss":0.0,"damage_taken":45.0,"relics_obtained":["Frozen Egg 2"]},{"damage_healed":0.0,"max_hp_gain":0.0,"max_hp_loss":0.0,"gold_gain":0.0,"event_name":"Living Wall","player_choice":"Grow","floor":4.0,"gold_loss":0.0,"damage_taken":0.0,"cards_upgraded":["Rip and Tear"]},{"damage_healed":21,"gold_gain":0,"player_choice":"Banana","damage_taken":0,"max_hp_gain":0,"max_hp_loss":0,"event_name":"Big Fish","floor":8,"gold_loss":0},{"damage_healed":0,"gold_gain":0,"player_choice":"Ignored","damage_taken":0,"max_hp_gain":0,"max_hp_loss":0,"event_name":"Liars Game","floor":12,"gold_loss":0},{"cards_removed":["Strike_B"],"damage_healed":0,"gold_gain":0,"player_choice":"Card Removal","damage_taken":0,"max_hp_gain":0,"max_hp_loss":0,"event_name":"The Cleric","floor":14,"gold_loss":75},{"damage_healed":0,"gold_gain":0,"cards_transformed":["Strike_B","Strike_B"],"player_choice":"Became Test Subject","damage_taken":0,"max_hp_gain":0,"max_hp_loss":0,"event_name":"Drug Dealer","floor":20,"gold_loss":0,"cards_obtained":["Sweeping Beam","Fusion"]},{"damage_healed":0,"gold_gain":0,"player_choice":"Upgraded","damage_taken":0,"max_hp_gain":0,"max_hp_loss":0,"event_name":"Upgrade Shrine","floor":21,"gold_loss":0,"cards_upgraded":["Genetic Algorithm"]}],"is_beta":false,"boss_relics":[{"not_picked":["Runic Dome","Empty Cage"],"picked":"Runic Pyramid"}],"items_purged_floors":[],"is_endless":false,"potions_floor_spawned":[3,5,10],"killed_by":"Book of Stabbing","ascension_level":20}