{"gold_per_floor":[363,131,143,143,143,143,156,188,488,505,505,576,592,36,36,140,190,208,283,50,63,74,74,74,86,86,9,9,41,61,74,74,174,174,187,287,287,287,287,287],"floor_reached":40,"playtime":2549,"items_purged":["Strike_G","Strike_G"],"score":680,"play_id":"f7dcc67e-f564-4a58-8c7b-e0ca803c30f1","local_time":"20190822213559","is_ascension_mode":true,"campfire_choices":[{"floor":6,"key":"REST"},{"floor":11,"key":"REST"},{"data":"Cloak And Dagger","floor":15,"key":"SMITH"},{"data":"Burst","floor":23,"key":"SMITH"},{"floor":32,"key":"REST"}],"neow_cost":"PERCENT_DAMAGE","seed_source_timestamp":8670037040586,"circlet_count":0,"master_deck":["Strike_G","Defend_G","Defend_G","Defend_G","Defend_G","Defend_G","Survivor","Neutralize","PiercingWail","Dash","Cloak And Dagger+1","Footwork","Cloak And Dagger","Crippling Poison+1","Burst+1","PiercingWail","Backflip","Well Laid Plans","A Thousand Cuts","Slice","Tactician","Infinite Blades","Finisher+1","Shame","Accuracy","Footwork","A Thousand Cuts","Acrobatics","Slice","Dodge and Roll","Adrenaline","Blade Dance","Blade Dance+1","Cloak And Dagger+1","Acrobatics+1","Madness","Madness"],"relics":["Ring of the Snake","FossilizedHelix","Ninja Scroll","Old Coin","Shuriken","Calipers","Tiny House","Oddly Smooth Stone","Prayer Wheel","Pantograph","Juzu Bracelet","Orrery","Torii"],"potions_floor_usage":[8,16,18,29,29,29,31,40],"damage_taken":[{"damage":9,"enemies":"Jaw Worm","floor":1,"turns":7},{"damage":4,"enemies":"Small Slimes","floor":3,"turns":4},{"damage":0,"enemies":"2 Louse","floor":7,"turns":3},{"damage":23,"enemies":"Lagavulin","floor":8,"turns":14},{"damage":0,"enemies":"Lots of Slimes","floor":10,"turns":7},{"damage":5,"enemies":"3 Louse","floor":13,"turns":7},{"damage":0,"enemies":"Hexaghost","floor":16,"turns":11},{"damage":10,"enemies":"Shell Parasite","floor":18,"turns":6},{"damage":0,"enemies":"3 Byrds","floor":21,"turns":3},{"damage":0,"enemies":"Centurion and Healer","floor":22,"turns":7},{"damage":20,"enemies":"Snake Plant","floor":25,"turns":6},{"damage":11,"enemies":"Book of Stabbing","floor":29,"turns":7},{"damage":26,"enemies":"Snecko","floor":30,"turns":7},{"damage":1,"enemies":"Centurion and Healer","floor":31,"turns":9},{"damage":0,"enemies":"Champ","floor":33,"turns":12},{"damage":12,"enemies":"Orb Walker","floor":35,"turns":4},{"damage":22,"enemies":"Mind Bloom Boss Battle","floor":36,"turns":9},{"damage":47,"enemies":"Reptomancer","floor":40,"turns":6}],"seed_played":"3238139361587723923","potions_obtained":[{"floor":3,"key":"Energy Potion"},{"floor":13,"key":"AttackPotion"},{"floor":16,"key":"PowerPotion"},{"floor":17,"key":"Regen Potion"},{"floor":25,"key":"AttackPotion"},{"floor":30,"key":"EssenceOfSteel"},{"floor":33,"key":"Explosive Potion"}],"is_trial":false,"path_per_floor":["M","$","M","?","?","R","M","E","T","M","R","T","M","$","R","B",null,"M","?","$","M","M","R","?","M","T","$","?","E","M","M","R","B",null,"M","?","?","?","?","E"],"character_chosen":"THE_SILENT","items_purchased":["Dash","Cloak And Dagger","Footwork","EssenceOfSteel","Well Laid Plans","Calipers","Infinite Blades","Oddly Smooth Stone","Accuracy"],"campfire_rested":3,"item_purchase_floors":[2,2,2,14,14,14,20,20,27],"current_hp_per_floor":[40,40,36,18,11,32,32,9,9,9,30,30,25,25,25,25,64,69,62,62,62,62,62,62,42,42,42,42,31,5,4,26,51,69,57,53,53,53,44,0],"gold":287,"neow_bonus":"TWO_FIFTY_GOLD","is_prod":false,"is_daily":false,"chose_seed":false,"campfire_upgraded":2,"win_rate":0,"timestamp":1566477359,"path_taken":["M","$","M","?","?","R","M","E","T","M","R","?","M","$","R","BOSS","M","?","$","?","M","R","?","M","T","$","?","E","M","M","R","BOSS","M","?","?","?","?","E"],"build_version":"2019-07-17","purchased_purges":2,"victory":false,"max_hp_per_floor":[70,70,70,70,70,70,70,70,70,70,70,70,70,70,70,70,75,75,75,75,75,75,75,75,75,75,75,75,75,75,75,75,75,75,75,75,75,75,75,75],"card_choices":[{"not_picked":["Sucker Punch","Deflect"],"picked":"PiercingWail","floor":1},{"not_picked":["Bane","Sucker Punch"],"picked":"Cloak And Dagger","floor":3},{"not_picked":["Reflex","Deadly Poison"],"picked":"Crippling Poison","floor":7},{"not_picked":["Sucker Punch","Concentrate"],"picked":"Burst","floor":8},{"not_picked":["Backstab","Flying Knee"],"picked":"PiercingWail","floor":10},{"not_picked":["Reflex","Bane"],"picked":"Backflip","floor":13},{"not_picked":["Corpse Explosion","Burst"],"picked":"A Thousand Cuts","floor":16},{"not_picked":["Deadly Poison","Choke"],"picked":"Slice","floor":17},{"not_picked":["Flying Knee","Acrobatics"],"picked":"Tactician","floor":18},{"not_picked":["Expertise","Distraction","PiercingWail"],"picked":"SKIP","floor":21},{"not_picked":["Well Laid Plans","Tactician+1"],"picked":"Finisher+1","floor":22},{"not_picked":["Distraction","Underhanded Strike","Poisoned Stab+1"],"picked":"SKIP","floor":25},{"not_picked":["Backflip","Dodge and Roll","Quick Slash"],"picked":"SKIP","floor":25},{"not_picked":["Sucker Punch","Dash"],"picked":"A Thousand Cuts","floor":29},{"not_picked":["Dodge and Roll+1","Deflect"],"picked":"Acrobatics","floor":30},{"not_picked":["Backflip+1","Deadly Poison+1"],"picked":"Slice","floor":30},{"not_picked":["Sucker Punch+1","Slice"],"picked":"Dodge and Roll","floor":31},{"not_picked":["Leg Sweep","Outmaneuver","Bane+1"],"picked":"SKIP","floor":31},{"not_picked":["Corpse Explosion","Venomology"],"picked":"Adrenaline","floor":33},{"not_picked":["Deadly Poison","Flying Knee"],"picked":"Blade Dance","floor":34},{"not_picked":["Dagger Spray","Glass Knife"],"picked":"Blade Dance+1","floor":34},{"not_picked":["Leg Sweep","Sucker Punch"],"picked":"Cloak And Dagger+1","floor":34},{"not_picked":["Slice","Masterful Stab+1"],"picked":"Acrobatics+1","floor":34},{"not_picked":["Backflip+1","Blade Dance+1"],"picked":"Slice+1","floor":35},{"not_picked":["Dagger Spray","Blade Dance","Sucker Punch+1"],"picked":"SKIP","floor":35}],"player_experience":220383,"relics_obtained":[{"floor":8,"key":"Ninja Scroll"},{"floor":9,"key":"Old Coin"},{"floor":12,"key":"Shuriken"},{"floor":26,"key":"Pantograph"},{"floor":29,"key":"Juzu Bracelet"},{"floor":36,"key":"Torii"}],"event_choices":[{"damage_healed":0,"gold_gain":0,"player_choice":"Success","damage_taken":18,"relics_obtained":["FossilizedHelix"],"max_hp_gain":0,"max_hp_loss":0,"event_name":"Scrap Ooze","floor":4,"gold_loss":0},{"cards_removed":["Strike_G"],"damage_healed":0,"gold_gain":0,"player_choice":"Card Removal","damage_taken":7,"max_hp_gain":0,"max_hp_loss":0,"event_name":"Golden Wing","floor":5,"gold_loss":0},{"damage_healed":0,"gold_gain":75,"player_choice":"Touch","damage_taken":7,"max_hp_gain":0,"max_hp_loss":0,"event_name":"FaceTrader","floor":19,"gold_loss":0},{"damage_healed":0,"gold_gain":0,"player_choice":"Stole Relic","damage_taken":0,"relics_obtained":["Prayer Wheel"],"max_hp_gain":0,"max_hp_loss":0,"event_name":"Addict","floor":24,"gold_loss":0,"cards_obtained":["Shame"]},{"damage_healed":0,"gold_gain":0,"player_choice":"Read","damage_taken":0,"max_hp_gain":0,"max_hp_loss":0,"event_name":"The Library","floor":28,"gold_loss":0,"cards_obtained":["Footwork"]},{"damage_healed":0,"gold_gain":0,"player_choice":"Fight","damage_taken":0,"max_hp_gain":0,"max_hp_loss":0,"event_name":"MindBloom","floor":36,"gold_loss":0},{"cards_removed":["Strike_G"],"damage_healed":0,"gold_gain":0,"player_choice":"Purged","damage_taken":0,"max_hp_gain":0,"max_hp_loss":0,"event_name":"Purifier","floor":37,"gold_loss":0},{"cards_removed":["Slice"],"damage_healed":0,"gold_gain":0,"player_choice":"Removed Attack","damage_taken":0,"max_hp_gain":0,"max_hp_loss":0,"event_name":"Falling","floor":38,"gold_loss":0},{"damage_healed":0,"gold_gain":0,"player_choice":"Embrace Madness","damage_taken":9,"max_hp_gain":0,"max_hp_loss":0,"event_name":"Winding Halls","floor":39,"gold_loss":0,"cards_obtained":["Madness","Madness"]}],"is_beta":false,"boss_relics":[{"not_picked":["Calling Bell","Fusion Hammer"],"picked":"Tiny House"},{"not_picked":["Black Star","Velvet Choker"],"picked":"Orrery"}],"items_purged_floors":[2,14],"is_endless":false,"potions_floor_spawned":[3,13,16,25,30,33],"killed_by":"Reptomancer","ascension_level":5}