{"gold_per_floor":[218,198,29,47,7,7,7,38,61,61,74,90,110,126,126,205,205,222,147,147,160,160,160,183,183,228,247,247,261,278,7,7,7],"floor_reached":33,"playtime":2319,"items_purged":[],"score":594,"play_id":"12869f26-75cf-4dbe-985c-ca39054e598b","local_time":"20181005032319","is_ascension_mode":true,"campfire_choices":[{"data":"Defragment","floor":6,"key":"SMITH"},{"data":"Chaos","floor":10,"key":"SMITH"},{"data":"Zap","floor":15,"key":"SMITH"},{"data":"Electrodynamics","floor":23,"key":"SMITH"},{"data":"Hologram","floor":25,"key":"SMITH"},{"data":"Force Field","floor":28,"key":"SMITH"},{"floor":32,"key":"REST"}],"neow_cost":"NONE","seed_source_timestamp":1859633531907686,"circlet_count":0,"master_deck":["Defend_B","Defend_B","Defend_B","Defend_B","Zap+1","Dualcast","AscendersBane","Leap","Chaos+1","Defragment+1","Hologram+1","Cold Snap","Cold Snap","Core Surge","Coolheaded","Electrodynamics+1","Thunder Strike+1","Reprogram+1","BootSequence+1","Force Field+1","Storm","Reinforced Body+1","Conserve Battery","Stack","Storm","Master of Strategy"],"relics":["Cracked Core","PreservedInsect","Bottled Lightning","Anchor","Astrolabe","Orichalcum","Boot"],"potions_floor_usage":[16,16,33,33],"damage_taken":[{"damage":5,"enemies":"2 Louse","floor":1,"turns":3},{"damage":0,"enemies":"Cultist","floor":4,"turns":4},{"damage":10,"enemies":"Lagavulin","floor":8,"turns":7},{"damage":0,"enemies":"Jaw Worm","floor":11,"turns":3},{"damage":3,"enemies":"Exordium Thugs","floor":12,"turns":4},{"damage":2,"enemies":"3 Louse","floor":13,"turns":4},{"damage":3,"enemies":"Lots of Slimes","floor":14,"turns":5},{"damage":0,"enemies":"Slime Boss","floor":16,"turns":10},{"damage":4,"enemies":"Spheric Guardian","floor":18,"turns":4},{"damage":0,"enemies":"3 Byrds","floor":21,"turns":2},{"damage":15,"enemies":"Colosseum Slavers","floor":22,"turns":4},{"damage":11,"enemies":"Sentry and Sphere","floor":27,"turns":5},{"damage":29,"enemies":"Shelled Parasite and Fungi","floor":29,"turns":5},{"damage":0,"enemies":"Snake Plant","floor":30,"turns":4},{"damage":34,"enemies":"Champ","floor":33,"turns":14}],"seed_played":"2562205945200287283","potions_obtained":[{"floor":1,"key":"SneckoOil"},{"floor":2,"key":"FearPotion"},{"floor":11,"key":"Fire Potion"},{"floor":16,"key":"EssenceOfSteel"},{"floor":21,"key":"Poison Potion"},{"floor":30,"key":"Weak Potion"}],"is_trial":false,"path_per_floor":["M","?","$","M","$","R","$","E","T","R","M","M","M","M","R","B",null,"M","?","?","M","?","R","T","R","T","M","R","M","M","$","R"],"character_chosen":"DEFECT","items_purchased":["PreservedInsect","Defragment","Storm","Master of Strategy"],"campfire_rested":1,"item_purchase_floors":[3,5,31,31],"current_hp_per_floor":[59,59,59,59,59,59,59,49,49,49,49,46,44,41,41,41,64,60,60,60,60,45,45,45,45,45,34,34,5,5,5,26,0],"gold":7,"neow_bonus":"HUNDRED_GOLD","is_prod":false,"is_daily":false,"chose_seed":false,"campfire_upgraded":6,"win_rate":0,"timestamp":1538734999,"path_taken":["M","?","?","?","?","R","$","E","T","R","M","M","?","?","R","BOSS","M","?","?","?","?","R","?","R","T","?","R","?","M","$","R","BOSS"],"build_version":"2018-10-04","purchased_purges":0,"victory":false,"max_hp_per_floor":[71,71,71,71,71,71,71,71,71,71,71,71,71,71,71,71,71,71,71,71,71,71,71,71,71,71,71,71,71,71,71,71,71],"card_choices":[{"not_picked":["Reprogram","Scrape"],"picked":"Leap","floor":1},{"not_picked":["Blizzard","Recycle"],"picked":"Chaos","floor":4},{"not_picked":["Doom and Gloom","Auto Shields"],"picked":"Hologram","floor":8},{"not_picked":["Sweeping Beam","Coolheaded"],"picked":"Cold Snap","floor":11},{"not_picked":["BootSequence","Ball Lightning"],"picked":"Cold Snap","floor":12},{"not_picked":["Barrage","Hologram"],"picked":"Core Surge","floor":13},{"not_picked":["Leap","Barrage"],"picked":"Coolheaded","floor":14},{"not_picked":["Core Surge","Multi-Cast"],"picked":"Electrodynamics","floor":16},{"not_picked":["Beam Cell","Chaos"],"picked":"Force Field","floor":18},{"not_picked":["Coolheaded","Redo"],"picked":"Storm","floor":21},{"not_picked":["Static Discharge","Ball Lightning"],"picked":"Reinforced Body+1","floor":27},{"not_picked":["Tempest","Turbo"],"picked":"Conserve Battery","floor":29},{"not_picked":["Compile Driver","Leap"],"picked":"Stack","floor":30}],"player_experience":2480467,"relics_obtained":[{"floor":8,"key":"Bottled Lightning"},{"floor":9,"key":"Anchor"},{"floor":24,"key":"Orichalcum"},{"floor":26,"key":"Boot"}],"event_choices":[{"event_name":"The Woman in Blue","player_choice":"Bought 1 Potion","floor":2,"damage_taken":0},{"event_name":"Beggar","player_choice":"Gave Gold","floor":19,"damage_taken":0},{"event_name":"Vampires","player_choice":"Ignored","floor":20,"damage_taken":0},{"event_name":"Colosseum","player_choice":"Fight","floor":22,"damage_taken":0},{"event_name":"Colosseum","player_choice":"Fled From Nobs","floor":22,"damage_taken":0}],"is_beta":true,"boss_relics":[{"not_picked":["Pandora\u0027s Box","Coffee Dripper"],"picked":"Astrolabe"}],"items_purged_floors":[],"is_endless":false,"potions_floor_spawned":[1,11,14,16,21,27,30],"killed_by":"Champ","ascension_level":20}