{"gold_per_floor":[112,187,187,205,223,258,275,301,301,301,316,316,32,47,47,125,125,143,193,248,258,8,8,28,53,76,76,87,105,105,137,137,208,208,226,326,343,356,356,356,356],"floor_reached":41,"playtime":1655,"items_purged":["Strike_B"],"score":961,"play_id":"9ce16c40-c1e8-4258-94d5-c2f10198f983","local_time":"20190529225624","is_ascension_mode":true,"campfire_choices":[{"data":"Creative AI","floor":10.0,"key":"SMITH"},{"floor":12.0,"key":"REST"},{"data":"Sunder","floor":15.0,"key":"SMITH"},{"data":"Capacitor","floor":23.0,"key":"SMITH"},{"floor":30.0,"key":"REST"},{"floor":32.0,"key":"REST"},{"floor":40,"key":"REST"}],"neow_cost":"NONE","seed_source_timestamp":1653933001239608,"circlet_count":0,"master_deck":["AscendersBane","Strike_B","Strike_B","Defend_B+1","Defend_B","Defend_B","Defend_B","Zap","Dualcast","Sunder+1","Doom and Gloom","Conserve Battery","Creative AI+1","Conserve Battery+1","Capacitor+1","Rip and Tear","Ball Lightning","Echo Form","Conserve Battery","Glacier","Compile Driver","Glacier","Loop+1","Decay","Reinforced Body+1"],"special_seed":0,"relics":["Cracked Core","NeowsBlessing","Vajra","Singing Bowl","Ginger","DataDisk","Busted Crown","Tiny Chest","Anchor","Nunchaku","Smiling Mask","War Paint","Cursed Key","StoneCalendar"],"potions_floor_usage":[41],"damage_taken":[{"damage":0.0,"enemies":"Small Slimes","floor":1.0,"turns":1.0},{"damage":0.0,"enemies":"Cultist","floor":4.0,"turns":1.0},{"damage":0.0,"enemies":"Jaw Worm","floor":5.0,"turns":1.0},{"damage":20.0,"enemies":"Lagavulin","floor":6.0,"turns":7.0},{"damage":0.0,"enemies":"2 Fungi Beasts","floor":7.0,"turns":2.0},{"damage":16.0,"enemies":"3 Sentries","floor":8.0,"turns":4.0},{"damage":6.0,"enemies":"Blue Slaver","floor":11.0,"turns":3.0},{"damage":0.0,"enemies":"Looter","floor":14.0,"turns":3.0},{"damage":19.0,"enemies":"Hexaghost","floor":16.0,"turns":8.0},{"damage":22.0,"enemies":"Shell Parasite","floor":18.0,"turns":5.0},{"damage":7.0,"enemies":"3 Byrds","floor":21.0,"turns":3.0},{"damage":0.0,"enemies":"Snecko","floor":24.0,"turns":4.0},{"damage":13.0,"enemies":"Gremlin Leader","floor":25.0,"turns":8.0},{"damage":12.0,"enemies":"3 Cultists","floor":28.0,"turns":5.0},{"damage":30.0,"enemies":"Cultist and Chosen","floor":29.0,"turns":6.0},{"damage":30.0,"enemies":"Slavers","floor":31.0,"turns":5.0},{"damage":0.0,"enemies":"Champ","floor":33.0,"turns":13.0},{"damage":43.0,"enemies":"3 Darklings","floor":35.0,"turns":8.0},{"damage":8.0,"enemies":"Mind Bloom Boss Battle","floor":36.0,"turns":8.0},{"damage":0.0,"enemies":"3 Shapes","floor":37.0,"turns":7.0},{"damage":20,"enemies":"Maw","floor":38,"turns":8},{"damage":34,"enemies":"Reptomancer","floor":41,"turns":6}],"seed_played":"8491901750790148145","potions_obtained":[{"floor":1.0,"key":"Dexterity Potion"},{"floor":4.0,"key":"EssenceOfSteel"},{"floor":6.0,"key":"SkillPotion"},{"floor":14.0,"key":"Explosive Potion"},{"floor":16.0,"key":"Regen Potion"},{"floor":21.0,"key":"SmokeBomb"},{"floor":24.0,"key":"SkillPotion"},{"floor":28.0,"key":"FairyPotion"},{"floor":29.0,"key":"Regen Potion"},{"floor":33.0,"key":"Energy Potion"},{"floor":37.0,"key":"Fire Potion"}],"is_trial":false,"path_per_floor":["M","?","?","M","M","E","M","E","T","R","M","R","$","M","R","B",null,"M","?","T","M","$","R","M","E","T","?","M","M","R","E","R","B",null,"M","?","M","M","?","R","E"],"character_chosen":"DEFECT","items_purchased":["DataDisk","Rip and Tear","Glacier","Anchor","Compile Driver"],"campfire_rested":4,"item_purchase_floors":[13,13,22,22,22],"current_hp_per_floor":[64,53,53,53,53,33,33,19,19,19,13,34,34,34,34,15,59,39,39,39,32,32,32,32,19,19,19,23,9,32,16,39,41,71,30,24,26,8,8,34,0],"gold":356,"neow_bonus":"THREE_ENEMY_KILL","is_prod":false,"is_daily":false,"chose_seed":false,"campfire_upgraded":3,"win_rate":0,"timestamp":1559184984,"path_taken":["M","?","?","M","M","E","?","E","T","R","M","R","$","?","R","BOSS","M","?","?","M","$","R","M","E","T","?","M","M","R","E","R","BOSS","M","?","M","M","?","R","E"],"build_version":"2019-01-23","purchased_purges":1,"victory":false,"max_hp_per_floor":[71,71,71,71,71,71,71,73,73,73,73,73,73,73,73,73,73,75,75,75,75,75,75,75,75,75,75,77,79,79,79,79,81,81,83,85,87,89,89,89,89],"card_choices":[{"not_picked":["BootSequence","Hologram"],"picked":"Sunder","floor":1.0},{"not_picked":["Turbo","Steam Power"],"picked":"Doom and Gloom","floor":4.0},{"not_picked":["Force Field","Scrape"],"picked":"Conserve Battery","floor":5.0},{"not_picked":["Hello World","Storm"],"picked":"Creative AI","floor":6.0},{"not_picked":["BootSequence","Chaos"],"picked":"Conserve Battery","floor":7.0},{"not_picked":["Storm","Steam","Barrage"],"picked":"Singing Bowl","floor":8.0},{"not_picked":["Rebound","Ball Lightning"],"picked":"Capacitor","floor":11.0},{"not_picked":["Reprogram","Compile Driver"],"picked":"Ball Lightning","floor":14.0},{"not_picked":["Electrodynamics","Core Surge"],"picked":"Echo Form","floor":16.0},{"not_picked":["Auto Shields"],"picked":"Singing Bowl","floor":18.0},{"not_picked":[],"picked":"Conserve Battery","floor":21.0},{"not_picked":[],"picked":"Glacier","floor":24.0},{"not_picked":[],"picked":"Loop+1","floor":25.0},{"not_picked":["Steam Power"],"picked":"Singing Bowl","floor":28.0},{"not_picked":["Stack"],"picked":"Singing Bowl","floor":29.0},{"not_picked":[],"picked":"Reinforced Body+1","floor":31.0},{"not_picked":["All For One"],"picked":"Singing Bowl","floor":33.0},{"not_picked":["Conserve Battery"],"picked":"Singing Bowl","floor":35.0},{"not_picked":["Sweeping Beam+1"],"picked":"Singing Bowl","floor":36.0},{"not_picked":["Genetic Algorithm"],"picked":"Singing Bowl","floor":37.0},{"not_picked":["Storm"],"picked":"Singing Bowl","floor":38}],"player_experience":417954,"relics_obtained":[{"floor":6.0,"key":"Vajra"},{"floor":8.0,"key":"Singing Bowl"},{"floor":9.0,"key":"Ginger"},{"floor":20.0,"key":"Tiny Chest"},{"floor":25.0,"key":"Nunchaku"},{"floor":26.0,"key":"Smiling Mask"},{"floor":31.0,"key":"War Paint"},{"floor":36.0,"key":"StoneCalendar"}],"event_choices":[{"damage_healed":0.0,"max_hp_gain":0.0,"max_hp_loss":0.0,"gold_gain":75.0,"event_name":"World of Goop","player_choice":"Gather Gold","floor":2.0,"gold_loss":0.0,"damage_taken":11.0},{"cards_removed":["Strike_B"],"damage_healed":0.0,"max_hp_gain":0.0,"max_hp_loss":0.0,"gold_gain":0.0,"event_name":"Purifier","player_choice":"Purged","floor":3.0,"gold_loss":0.0,"damage_taken":0.0},{"damage_healed":0.0,"max_hp_gain":0.0,"max_hp_loss":0.0,"gold_gain":50.0,"event_name":"Nest","player_choice":"Stole From Cult","floor":19.0,"gold_loss":0.0,"damage_taken":0.0},{"damage_healed":0.0,"max_hp_gain":0.0,"max_hp_loss":0.0,"gold_gain":0.0,"event_name":"Forgotten Altar","player_choice":"Smashed Altar","floor":27.0,"gold_loss":0.0,"damage_taken":0.0,"cards_obtained":["Decay"]},{"damage_healed":0.0,"max_hp_gain":0.0,"max_hp_loss":0.0,"gold_gain":0.0,"event_name":"MindBloom","player_choice":"Fight","floor":36.0,"gold_loss":0.0,"damage_taken":0.0},{"damage_healed":0,"gold_gain":0,"player_choice":"Ignored","damage_taken":0,"max_hp_gain":0,"max_hp_loss":0,"event_name":"Tomb of Lord Red Mask","floor":39,"gold_loss":0}],"is_beta":false,"boss_relics":[{"not_picked":["Lizard Tail","Ectoplasm"],"picked":"Busted Crown"},{"not_picked":["Pandora\u0027s Box","Velvet Choker"],"picked":"Cursed Key"}],"items_purged_floors":[13],"is_endless":false,"potions_floor_spawned":[1,4,6,7,14,16,21,24,28,29,33,37],"killed_by":"Reptomancer","ascension_level":19}