{"gold_per_floor":[111,128,78,78,3,3,28,28,28,28,58,58,72,91,91,188,188,203,203,53,0,0,33,33,62,62,62,76,76,86,86,86,187,187,204,254,304,9,24,24,37,187,187,257,307,326,85,135,135,135],"floor_reached":51,"playtime":1717,"items_purged":["Decay"],"score":1112,"play_id":"aeacbf52-26bc-4c71-b510-90333d44aac7","local_time":"20190323005327","is_ascension_mode":true,"campfire_choices":[{"data":"Cloak And Dagger","floor":6,"key":"SMITH"},{"data":"Well Laid Plans","floor":8,"key":"SMITH"},{"data":"Neutralize","floor":12,"key":"SMITH"},{"data":"Bouncing Flask","floor":15,"key":"SMITH"},{"floor":24,"key":"REST"},{"data":"Poisoned Stab","floor":27,"key":"SMITH"},{"data":"Envenom","floor":29,"key":"SMITH"},{"floor":32,"key":"REST"},{"floor":40,"key":"REST"},{"floor":49,"key":"REST"}],"neow_cost":"NONE","seed_source_timestamp":801666862474073,"circlet_count":0,"master_deck":["AscendersBane","Defend_G","Defend_G","Defend_G","Defend_G","Survivor","Neutralize+1","Cloak And Dagger+1","Poisoned Stab+1","Well Laid Plans+1","Die Die Die","Bouncing Flask+1","Bullet Time","Envenom+1","Crippling Poison+1","Dagger Spray","Burst","Tools of the Trade","Quick Slash+1","Deflect+1","Backflip+1","Backflip","PiercingWail","Escape Plan","Backstab","Blade Dance","Normality","Footwork","After Image","Clumsy"],"relics":["Ring of the Snake","NeowsBlessing","Bag of Marbles","Meat on the Bone","Shuriken","Cursed Key","PreservedInsect","Centennial Puzzle","Letter Opener","Kunai","SsserpentHead","Astrolabe","ClockworkSouvenir","Torii","Boot","Blue Candle","Ninja Scroll","Question Card"],"potions_floor_usage":[16,16,30],"damage_taken":[{"damage":0,"enemies":"Jaw Worm","floor":1,"turns":1},{"damage":0,"enemies":"2 Louse","floor":2,"turns":2},{"damage":0,"enemies":"3 Sentries","floor":7,"turns":1},{"damage":22,"enemies":"Gremlin Nob","floor":11,"turns":4},{"damage":1,"enemies":"Small Slimes","floor":13,"turns":2},{"damage":0,"enemies":"2 Fungi Beasts","floor":14,"turns":2},{"damage":8,"enemies":"Hexaghost","floor":16,"turns":7},{"damage":0,"enemies":"3 Byrds","floor":18,"turns":5},{"damage":14,"enemies":"Colosseum Slavers","floor":19,"turns":4},{"damage":47,"enemies":"Book of Stabbing","floor":23,"turns":6},{"damage":7,"enemies":"Gremlin Leader","floor":25,"turns":3},{"damage":0,"enemies":"Chosen","floor":28,"turns":4},{"damage":0,"enemies":"Snake Plant","floor":30,"turns":4},{"damage":42,"enemies":"Collector","floor":33,"turns":9},{"damage":14,"enemies":"3 Darklings","floor":35,"turns":4},{"damage":0,"enemies":"3 Shapes","floor":39,"turns":4},{"damage":11,"enemies":"Transient","floor":41,"turns":5},{"damage":1,"enemies":"Mind Bloom Boss Battle","floor":42,"turns":5},{"damage":19,"enemies":"Sphere and 2 Shapes","floor":44,"turns":4},{"damage":18,"enemies":"Maw","floor":46,"turns":6},{"damage":41,"enemies":"Awakened One","floor":50,"turns":13}],"seed_played":"-7285076388991113555","potions_obtained":[{"floor":13,"key":"LiquidBronze"},{"floor":14,"key":"AttackPotion"},{"floor":23,"key":"Ancient Potion"},{"floor":28,"key":"GamblersBrew"},{"floor":41,"key":"Strength Potion"}],"is_trial":false,"path_per_floor":["M","M","?","?","$","R","E","R","T","?","E","R","M","M","R","B",null,"M","?","$","?","?","E","R","E","T","R","M","R","M","?","R","B",null,"M","?","?","$","M","R","M","?","T","M","?","M","$","T","R","B",null],"character_chosen":"THE_SILENT","items_purchased":["Well Laid Plans","PreservedInsect","ClockworkSouvenir","PiercingWail","Ninja Scroll"],"campfire_rested":4,"item_purchase_floors":[5,20,38,38,47],"current_hp_per_floor":[63,63,63,56,56,56,56,56,56,56,46,46,45,45,45,37,62,62,48,48,48,48,13,34,39,39,39,39,39,39,39,60,30,60,46,46,46,46,46,67,56,55,55,36,36,30,30,30,51,22],"gold":135,"neow_bonus":"THREE_ENEMY_KILL","is_prod":false,"is_daily":false,"chose_seed":false,"campfire_upgraded":6,"win_rate":0,"timestamp":1553316807,"path_taken":["M","M","?","?","$","R","E","R","T","?","E","R","M","M","R","BOSS","M","?","$","?","?","E","R","E","T","R","M","R","?","?","R","BOSS","M","?","?","$","M","R","M","?","T","?","?","M","$","?","R","BOSS"],"build_version":"2019-01-23","purchased_purges":1,"victory":true,"max_hp_per_floor":[70,70,70,70,70,70,70,70,70,70,70,70,70,70,70,70,70,70,70,70,70,70,70,70,70,70,70,70,70,70,70,70,70,70,70,70,70,70,70,70,70,70,70,70,70,70,70,70,70,70],"card_choices":[{"not_picked":["Dagger Throw","Acrobatics"],"picked":"Cloak And Dagger","floor":1},{"not_picked":["Bane","Acrobatics"],"picked":"Poisoned Stab","floor":2},{"not_picked":["Flechettes","Slice"],"picked":"Quick Slash","floor":7},{"not_picked":["Deadly Poison","Expertise"],"picked":"Die Die Die","floor":11},{"not_picked":["Acrobatics","Deadly Poison"],"picked":"Bouncing Flask","floor":13},{"not_picked":["Dodge and Roll","Deflect","Poisoned Stab"],"picked":"SKIP","floor":14},{"not_picked":["Unload","Grand Finale"],"picked":"Bullet Time","floor":16},{"not_picked":["Deadly Poison","Quick Slash","Underhanded Strike"],"picked":"SKIP","floor":18},{"not_picked":["Bane","Slice"],"picked":"Envenom","floor":23},{"not_picked":["Sucker Punch","Concentrate"],"picked":"Crippling Poison+1","floor":25},{"not_picked":["Backflip+1","Calculated Gamble"],"picked":"Dagger Spray","floor":28},{"not_picked":["Blur","Reflex"],"picked":"Burst","floor":30},{"not_picked":["Wraith Form v2","Burst"],"picked":"Tools of the Trade","floor":33},{"not_picked":["Quick Slash","Well Laid Plans"],"picked":"Backflip","floor":35},{"not_picked":["Reflex","Skewer"],"picked":"Escape Plan","floor":39},{"not_picked":["Catalyst","Concentrate"],"picked":"Backstab","floor":41},{"not_picked":["Endless Agony","Well Laid Plans"],"picked":"Blade Dance","floor":42},{"not_picked":["Choke+1","Flying Knee+1"],"picked":"Footwork","floor":44},{"not_picked":["Endless Agony","Concentrate"],"picked":"After Image","floor":46}],"player_experience":205716,"relics_obtained":[{"floor":7,"key":"Bag of Marbles"},{"floor":9,"key":"Meat on the Bone"},{"floor":11,"key":"Shuriken"},{"floor":23,"key":"Centennial Puzzle"},{"floor":25,"key":"Letter Opener"},{"floor":26,"key":"Kunai"},{"floor":42,"key":"Torii"},{"floor":43,"key":"Boot"},{"floor":45,"key":"Blue Candle"},{"floor":48,"key":"Question Card"}],"event_choices":[{"cards_removed":["Strike_G"],"damage_healed":0,"gold_gain":0,"player_choice":"Card Removal","damage_taken":0,"max_hp_gain":0,"max_hp_loss":0,"event_name":"The Cleric","floor":3,"gold_loss":50},{"cards_removed":["Strike_G"],"damage_healed":0,"gold_gain":0,"player_choice":"Card Removal","damage_taken":7,"max_hp_gain":0,"max_hp_loss":0,"event_name":"Golden Wing","floor":4,"gold_loss":0},{"damage_healed":0,"gold_gain":0,"player_choice":"Ignored","damage_taken":0,"max_hp_gain":0,"max_hp_loss":0,"event_name":"Liars Game","floor":10,"gold_loss":0},{"damage_healed":0,"gold_gain":0,"player_choice":"Fight","damage_taken":0,"max_hp_gain":0,"max_hp_loss":0,"event_name":"Colosseum","floor":19,"gold_loss":0},{"damage_healed":0,"gold_gain":0,"player_choice":"Fled From Nobs","damage_taken":0,"max_hp_gain":0,"max_hp_loss":0,"event_name":"Colosseum","floor":19,"gold_loss":0},{"damage_healed":0,"gold_gain":0,"player_choice":"Paid Fearfully","damage_taken":0,"max_hp_gain":0,"max_hp_loss":0,"event_name":"Masked Bandits","floor":21,"gold_loss":53},{"cards_removed":["Strike_G"],"damage_healed":0,"gold_gain":0,"player_choice":"Card Removal","damage_taken":0,"max_hp_gain":0,"max_hp_loss":0,"event_name":"Wheel of Change","floor":22,"gold_loss":0},{"damage_healed":0,"gold_gain":0,"player_choice":"Trade","damage_taken":0,"relics_obtained":["SsserpentHead"],"max_hp_gain":0,"max_hp_loss":0,"event_name":"FaceTrader","floor":31,"gold_loss":0},{"cards_removed":["Defend_G"],"damage_healed":0,"gold_gain":0,"player_choice":"Removed Skill","damage_taken":0,"max_hp_gain":0,"max_hp_loss":0,"event_name":"Falling","floor":36,"gold_loss":0},{"damage_healed":0,"gold_gain":0,"player_choice":"Ignored","damage_taken":0,"max_hp_gain":0,"max_hp_loss":0,"event_name":"Tomb of Lord Red Mask","floor":37,"gold_loss":0},{"damage_healed":0,"gold_gain":0,"player_choice":"Fight","damage_taken":0,"max_hp_gain":0,"max_hp_loss":0,"event_name":"MindBloom","floor":42,"gold_loss":0},{"damage_healed":0,"gold_gain":0,"player_choice":"Relic","damage_taken":0,"max_hp_gain":0,"max_hp_loss":0,"event_name":"Wheel of Change","floor":45,"gold_loss":0}],"is_beta":false,"boss_relics":[{"not_picked":["Empty Cage","Tiny House"],"picked":"Cursed Key"},{"not_picked":["Coffee Dripper","Velvet Choker"],"picked":"Astrolabe"}],"items_purged_floors":[38],"is_endless":false,"potions_floor_spawned":[13,14,23,28,41],"ascension_level":12}