{"gold_per_floor":[218,74,92,102,102,128,146,176,215,227,270,282,257,285,297,406,468,450,552,579,606,637,649],"floor_reached":23,"playtime":2800,"items_purged":[],"score":309,"play_id":"9c6ee550-1534-48a7-af7d-760b31a4c979","local_time":"20190723165348","is_ascension_mode":true,"campfire_choices":[{"floor":10.0,"key":"REST"},{"floor":15.0,"key":"REST"}],"neow_cost":"NONE","seed_source_timestamp":0,"circlet_count":0,"master_deck":["Strike_G","Strike_G","Strike_G","Strike_G","Strike_G","Defend_G","Defend_G+1","Defend_G","Defend_G","Defend_G+1","Survivor","Neutralize+1","PiercingWail","Backstab","Footwork","Dagger Throw","Flying Knee","Calculated Gamble","Riddle With Holes","Skewer","Wraith Form v2","Slice","Venomology","Dagger Spray","Blade Dance+1","Backflip","Crippling Poison"],"special_seed":0,"relics":["Ring of the Snake","War Paint","MawBank","Bag of Preparation","Vajra","Lantern","Tiny House"],"potions_floor_usage":[18,20,21,22,23,23,23],"damage_taken":[{"damage":1.0,"enemies":"2 Louse","floor":1.0,"turns":5.0},{"damage":0.0,"enemies":"Small Slimes","floor":3.0,"turns":5.0},{"damage":0.0,"enemies":"Cultist","floor":4.0,"turns":4.0},{"damage":31.0,"enemies":"3 Sentries","floor":6.0,"turns":12.0},{"damage":0.0,"enemies":"Blue Slaver","floor":7.0,"turns":3.0},{"damage":16.0,"enemies":"Lagavulin","floor":8.0,"turns":9.0},{"damage":26.0,"enemies":"3 Sentries","floor":11.0,"turns":9.0},{"damage":0.0,"enemies":"Red Slaver","floor":14.0,"turns":2.0},{"damage":23.0,"enemies":"Hexaghost","floor":16.0,"turns":14.0},{"damage":5,"enemies":"2 Thieves","floor":18,"turns":5},{"damage":14,"enemies":"Shell Parasite","floor":20,"turns":4},{"damage":7,"enemies":"Cultist and Chosen","floor":21,"turns":7},{"damage":2,"enemies":"Centurion and Healer","floor":22,"turns":6},{"damage":21,"enemies":"Gremlin Leader","floor":23,"turns":4}],"seed_played":"-5522042451821674380","potions_obtained":[{"floor":1.0,"key":"SkillPotion"},{"floor":6.0,"key":"Fire Potion"},{"floor":8.0,"key":"AttackPotion"},{"floor":11.0,"key":"Explosive Potion"},{"floor":14.0,"key":"SkillPotion"},{"floor":17,"key":"Dexterity Potion"},{"floor":18,"key":"LiquidBronze"},{"floor":20,"key":"Dexterity Potion"}],"is_trial":false,"path_per_floor":["M","$","M","M","?","E","M","E","T","R","E","?","?","M","R","B",null,"M","?","M","M","M","E"],"character_chosen":"THE_SILENT","items_purchased":["Backstab","Footwork"],"campfire_rested":2,"item_purchase_floors":[2,2],"current_hp_per_floor":[62,62,62,62,67,36,36,20,20,42,16,4,4,4,26,3,62,57,41,27,20,18,0],"gold":649,"neow_bonus":"HUNDRED_GOLD","is_prod":false,"is_daily":false,"chose_seed":false,"campfire_upgraded":0,"win_rate":0,"timestamp":1563926028,"path_taken":["M","$","M","M","?","E","M","E","T","R","E","?","?","M","R","BOSS","M","?","M","?","M","E"],"build_version":"2019-07-17","purchased_purges":0,"victory":false,"max_hp_per_floor":[70,70,70,70,75,75,75,75,75,75,75,75,75,75,75,75,80,80,80,80,80,80,80],"card_choices":[{"not_picked":["Setup","Dodge and Roll"],"picked":"PiercingWail","floor":1.0},{"not_picked":["Footwork","Choke"],"picked":"Dagger Throw","floor":3.0},{"not_picked":["Crippling Poison","Leg Sweep"],"picked":"Flying Knee","floor":4.0},{"not_picked":["Accuracy","Underhanded Strike"],"picked":"Calculated Gamble","floor":6.0},{"not_picked":["Leg Sweep","Tactician"],"picked":"Riddle With Holes","floor":7.0},{"not_picked":["Tools of the Trade","Backflip"],"picked":"Skewer","floor":8.0},{"not_picked":["Deadly Poison","Slice"],"picked":"Wraith Form v2","floor":11.0},{"not_picked":["Finisher","Flechettes"],"picked":"Slice","floor":14.0},{"not_picked":["Unload","Wraith Form v2"],"picked":"Venomology","floor":16.0},{"not_picked":["Flying Knee","Poisoned Stab"],"picked":"Dagger Spray","floor":17},{"not_picked":["Accuracy","Riddle With Holes"],"picked":"Blade Dance+1","floor":18},{"not_picked":["Underhanded Strike","Poisoned Stab"],"picked":"Backflip","floor":20},{"not_picked":["Skewer","Blade Dance"],"picked":"Crippling Poison","floor":21},{"not_picked":["Finisher","Poisoned Stab+1","Deadly Poison"],"picked":"SKIP","floor":22}],"player_experience":401082,"relics_obtained":[{"floor":6.0,"key":"War Paint"},{"floor":8.0,"key":"MawBank"},{"floor":9.0,"key":"Bag of Preparation"},{"floor":11.0,"key":"Vajra"}],"event_choices":[{"damage_healed":0.0,"max_hp_gain":5.0,"max_hp_loss":0.0,"gold_gain":0.0,"event_name":"Big Fish","player_choice":"Donut","floor":5.0,"gold_loss":0.0,"damage_taken":0.0},{"damage_healed":0.0,"max_hp_gain":0.0,"max_hp_loss":0.0,"gold_gain":0.0,"event_name":"Scrap Ooze","player_choice":"Success","floor":12.0,"gold_loss":0.0,"damage_taken":12.0,"relics_obtained":["Lantern"]},{"damage_healed":0.0,"max_hp_gain":0.0,"max_hp_loss":0.0,"gold_gain":0.0,"event_name":"World of Goop","player_choice":"Left Gold","floor":13.0,"gold_loss":37.0,"damage_taken":0.0},{"damage_healed":0,"gold_gain":90,"player_choice":"GOLD ","damage_taken":16,"max_hp_gain":0,"max_hp_loss":0,"event_name":"Knowing Skull","floor":19,"potions_obtained":[],"gold_loss":0,"cards_obtained":[]}],"is_beta":false,"boss_relics":[{"not_picked":["Calling Bell","Busted Crown"],"picked":"Tiny House"}],"items_purged_floors":[],"is_endless":false,"potions_floor_spawned":[1,6,8,11,14,18,20],"killed_by":"Gremlin Leader","ascension_level":9}