{"gold_per_floor":[112,387,110,35,50,50,50,65,65,65,88,104,104,122,122,220,220,238,258,258],"floor_reached":20,"playtime":569,"items_purged":["Regret"],"score":332,"play_id":"6e1b26e2-40fa-4a37-a0a7-60c5886811e0","local_time":"20180927014206","is_ascension_mode":true,"campfire_choices":[{"data":"Defragment","floor":6.0,"key":"SMITH"},{"data":"Defragment","floor":13.0,"key":"SMITH"},{"floor":15.0,"key":"REST"}],"neow_cost":"NONE","seed_source_timestamp":1163950094113358,"circlet_count":0,"master_deck":["Strike_B","Strike_B","Strike_B","Defend_B","Defend_B","Defend_B","Defend_B","Zap+1","Dualcast","AscendersBane","Ball Lightning","Defragment+1","Gash","BootSequence","White Noise+1","Defragment+1","Capacitor","Stack","Self Repair","Echo Form","Steam","Coolheaded"],"special_seed":0,"relics":["Cracked Core","Symbiotic Virus","Golden Idol","Cursed Key"],"potions_floor_usage":[16,19,20],"damage_taken":[{"damage":2.0,"enemies":"2 Louse","floor":1.0,"turns":3.0},{"damage":1.0,"enemies":"Cultist","floor":5.0,"turns":3.0},{"damage":2.0,"enemies":"Jaw Worm","floor":8.0,"turns":3.0},{"damage":11.0,"enemies":"Blue Slaver","floor":11.0,"turns":4.0},{"damage":7.0,"enemies":"2 Fungi Beasts","floor":12.0,"turns":3.0},{"damage":5.0,"enemies":"Exordium Wildlife","floor":14.0,"turns":3.0},{"damage":28,"enemies":"The Guardian","floor":16,"turns":10},{"damage":49,"enemies":"3 Byrds","floor":18,"turns":3},{"damage":11,"enemies":"2 Thieves","floor":19,"turns":4},{"damage":14,"enemies":"Centurion and Healer","floor":20,"turns":2}],"seed_played":"3429472513318390305","potions_obtained":[{"floor":1.0,"key":"Swift Potion"},{"floor":11.0,"key":"GamblersBrew"},{"floor":12.0,"key":"Block Potion"},{"floor":19,"key":"Block Potion"}],"is_trial":false,"path_per_floor":["M","?","$","?","M","R","?","M","T","?","M","M","R","M","R","B",null,"M","M"],"character_chosen":"DEFECT","items_purchased":["Defragment","Gash","BootSequence"],"campfire_rested":1,"item_purchase_floors":[3,3,3],"current_hp_per_floor":[62,62,62,62,61,61,61,59,59,35,24,17,17,12,33,12,56,14,10,0],"gold":258,"neow_bonus":"UPGRADE_CARD","is_prod":false,"is_daily":false,"chose_seed":false,"campfire_upgraded":2,"win_rate":0,"timestamp":1538037726,"path_taken":["M","?","$","?","M","R","?","M","T","?","M","M","R","?","R","BOSS","M","M","M"],"build_version":"2018-09-26","purchased_purges":1,"victory":false,"max_hp_per_floor":[71,71,71,71,71,71,71,71,71,71,71,71,71,71,71,71,71,71,71,71],"card_choices":[{"not_picked":["Hello World","Melter"],"picked":"Ball Lightning","floor":1.0},{"not_picked":["Redo","Rebound"],"picked":"White Noise","floor":5.0},{"not_picked":["Barrage","Loop"],"picked":"Defragment","floor":8.0},{"not_picked":["Redo","Consume"],"picked":"Capacitor","floor":11.0},{"not_picked":["Rebound","Go for the Eyes"],"picked":"Stack","floor":12.0},{"not_picked":["Sweeping Beam","Lockon"],"picked":"Self Repair","floor":14.0},{"not_picked":["Multi-Cast","Thunder Strike"],"picked":"Echo Form","floor":16},{"not_picked":["Turbo","Streamline"],"picked":"Steam","floor":18},{"not_picked":["Doom and Gloom","Ball Lightning+1"],"picked":"Coolheaded","floor":19}],"player_experience":2424767,"relics_obtained":[{"floor":9.0,"key":"Symbiotic Virus"}],"event_choices":[{"event_name":"Golden Shrine","player_choice":"Desecrate","floor":2.0,"damage_taken":0.0},{"event_name":"The Cleric","player_choice":"Card Removal","floor":4.0,"damage_taken":0.0},{"event_name":"Living Wall","player_choice":"Grow","floor":7.0,"damage_taken":0.0},{"event_name":"Golden Idol","player_choice":"Take Damage","floor":10.0,"damage_taken":0.0}],"is_beta":true,"boss_relics":[{"not_picked":["Coffee Dripper","Astrolabe"],"picked":"Cursed Key"}],"items_purged_floors":[3],"is_endless":false,"potions_floor_spawned":[1,11,12,14,19],"killed_by":"Centurion and Healer","ascension_level":20}