{"gold_per_floor":[116,116,116,128,146,146,165,165,192,192,211,223,223,256,256,332,332,332,332,332,218,138,138,138,138,138,138,138,138,138,138,138,138,138,138,53,53,53,53,53,53,53,53,12,12,12,12,12,12,12,12],"floor_reached":52,"playtime":5501,"items_purged":[],"score":1604,"play_id":"6210471d-8ecb-4fb5-932f-6e698886f024","local_time":"20181014020305","is_ascension_mode":true,"campfire_choices":[{"data":"Defragment","floor":6.0,"key":"SMITH"},{"data":"Zap","floor":8.0,"key":"SMITH"},{"floor":13.0,"key":"REST"},{"floor":15.0,"key":"REST"},{"data":"Loop","floor":23.0,"key":"SMITH"},{"data":"Defragment","floor":27.0,"key":"SMITH"},{"floor":32.0,"key":"REST"},{"data":"Biased Cognition","floor":41.0,"key":"SMITH"},{"floor":46.0,"key":"REST"},{"floor":49.0,"key":"REST"}],"neow_cost":"NONE","seed_source_timestamp":288756738037306,"circlet_count":0,"master_deck":["Strike_B+1","Strike_B+1","Strike_B+1","Defend_B+1","Defend_B+1","Defend_B+1","Defend_B+1","Zap+1","Dualcast","AscendersBane","Defragment+1","Coolheaded","Go for the Eyes","Hologram","BootSequence","Capacitor+1","Glacier","Sweeping Beam","Machine Learning","Rebound+1","RitualDagger","Coolheaded","Loop+1","Compile Driver","Defragment+1","Compile Driver","Biased Cognition+1","Cold Snap","Compile Driver+1","White Noise","Turbo+1","Defragment"],"special_seed":0,"relics":["Cracked Core","Regal Pillow","Art of War","Potion Belt","Oddly Smooth Stone","Ectoplasm","Lantern","Tiny House","Bird Faced Urn","Centennial Puzzle"],"potions_floor_usage":[51],"damage_taken":[{"damage":3.0,"enemies":"2 Louse","floor":1.0,"turns":3.0},{"damage":0.0,"enemies":"Cultist","floor":4.0,"turns":3.0},{"damage":7.0,"enemies":"Jaw Worm","floor":5.0,"turns":3.0},{"damage":0.0,"enemies":"2 Fungi Beasts","floor":7.0,"turns":2.0},{"damage":24.0,"enemies":"Gremlin Gang","floor":11.0,"turns":4.0},{"damage":2.0,"enemies":"3 Louse","floor":12.0,"turns":3.0},{"damage":37.0,"enemies":"Gremlin Nob","floor":14.0,"turns":8.0},{"damage":16.0,"enemies":"Hexaghost","floor":16.0,"turns":13.0},{"damage":5.0,"enemies":"Shell Parasite","floor":18.0,"turns":9.0},{"damage":2.0,"enemies":"2 Thieves","floor":22.0,"turns":4.0},{"damage":7.0,"enemies":"Centurion and Healer","floor":24.0,"turns":11.0},{"damage":12.0,"enemies":"Snake Plant","floor":25.0,"turns":7.0},{"damage":2.0,"enemies":"Shelled Parasite and Fungi","floor":29.0,"turns":7.0},{"damage":1.0,"enemies":"Chosen and Byrds","floor":31.0,"turns":11.0},{"damage":27.0,"enemies":"Automaton","floor":33.0,"turns":17.0},{"damage":1.0,"enemies":"3 Shapes","floor":35.0,"turns":10.0},{"damage":0.0,"enemies":"Mind Bloom Boss Battle","floor":39.0,"turns":6.0},{"damage":15.0,"enemies":"Orb Walker","floor":40.0,"turns":4.0},{"damage":48.0,"enemies":"Transient","floor":42.0,"turns":6.0},{"damage":16.0,"enemies":"Spire Growth","floor":48.0,"turns":7.0},{"damage":50.0,"enemies":"Donu and Deca","floor":50.0,"turns":13.0},{"damage":28,"enemies":"Time Eater","floor":51,"turns":15}],"seed_played":"-4591780263470681869","potions_obtained":[{"floor":4.0,"key":"AttackPotion"},{"floor":5.0,"key":"AttackPotion"},{"floor":11.0,"key":"Block Potion"},{"floor":14.0,"key":"Block Potion"},{"floor":18.0,"key":"Swift Potion"},{"floor":24.0,"key":"EssenceOfSteel"},{"floor":31.0,"key":"Ancient Potion"},{"floor":33.0,"key":"SneckoOil"},{"floor":34.0,"key":"Weak Potion"},{"floor":39.0,"key":"GamblersBrew"},{"floor":48.0,"key":"Poison Potion"}],"is_trial":false,"path_per_floor":["M","?","?","M","M","R","M","R","T","?","M","M","R","E","R","B",null,"M","?","?","$","M","R","M","M","T","R","?","M","?","M","R","B",null,"M","$","?","$","?","M","R","M","T","$","?","R","?","M","R","B","B"],"character_chosen":"DEFECT","items_purchased":["Coolheaded","Loop","White Noise","Defragment"],"campfire_rested":5,"item_purchase_floors":[21,21,36,44],"current_hp_per_floor":[61,61,43,43,36,36,36,36,36,36,12,10,46,9,45,29,61,56,50,50,50,48,48,41,29,29,29,29,27,27,26,62,35,67,66,66,66,66,66,61,61,21,21,21,21,58,58,58,76,42,68],"gold":12,"neow_bonus":"RANDOM_COMMON_RELIC","is_prod":false,"is_daily":false,"chose_seed":false,"campfire_upgraded":5,"win_rate":0,"timestamp":1539507785,"path_taken":["M","?","?","M","M","R","M","R","T","?","M","M","R","E","R","BOSS","M","?","?","?","M","R","M","?","T","R","?","M","?","M","R","BOSS","M","$","?","$","?","M","R","M","T","$","?","R","?","M","R","BOSS","BOSS"],"build_version":"2018-10-11","purchased_purges":0,"victory":true,"max_hp_per_floor":[71,71,71,71,71,71,71,71,71,71,71,71,71,71,71,71,71,71,71,71,71,71,71,71,71,71,71,71,71,71,71,71,71,76,76,76,76,76,76,76,76,76,76,76,76,76,76,76,76,76,76],"card_choices":[{"not_picked":["Coolheaded","Scrape"],"picked":"Defragment","floor":1.0},{"not_picked":["Doom and Gloom","Sweeping Beam"],"picked":"Go for the Eyes","floor":4.0},{"not_picked":["Barrage","Auto Shields"],"picked":"Hologram","floor":5.0},{"not_picked":["Storm","Rip and Tear"],"picked":"BootSequence","floor":7.0},{"not_picked":["Reprogram","Streamline"],"picked":"Capacitor","floor":11.0},{"not_picked":["Gash","Redo"],"picked":"Glacier","floor":12.0},{"not_picked":["Rebound","Gash"],"picked":"Sweeping Beam","floor":14.0},{"not_picked":["Reboot","All For One"],"picked":"Machine Learning","floor":16.0},{"not_picked":["Sweeping Beam","Beam Cell"],"picked":"Rebound+1","floor":18.0},{"not_picked":["Multi-Cast","Scrape"],"picked":"Compile Driver","floor":22.0},{"not_picked":["Tempest+1","Cold Snap"],"picked":"Defragment","floor":24.0},{"not_picked":["Stack","Go for the Eyes","Lockon+1"],"picked":"SKIP","floor":25.0},{"not_picked":["Reprogram","Barrage","Turbo"],"picked":"SKIP","floor":29.0},{"not_picked":["Beam Cell","Steam"],"picked":"Compile Driver","floor":31.0},{"not_picked":["Fission","Reboot"],"picked":"Biased Cognition","floor":33.0},{"not_picked":["Scrape","Compile Driver"],"picked":"Cold Snap","floor":34.0},{"not_picked":["Go for the Eyes","Steam"],"picked":"Compile Driver+1","floor":35.0},{"not_picked":["Stack","Redo","Barrage+1"],"picked":"SKIP","floor":40.0},{"not_picked":["Gash","Thunder Strike"],"picked":"Turbo+1","floor":42.0},{"not_picked":["Rebound","Redo","Cold Snap"],"picked":"SKIP","floor":48.0}],"player_experience":2535076,"relics_obtained":[{"floor":9.0,"key":"Potion Belt"},{"floor":14.0,"key":"Oddly Smooth Stone"},{"floor":26.0,"key":"Lantern"},{"floor":39.0,"key":"Bird Faced Urn"},{"floor":43.0,"key":"Centennial Puzzle"}],"event_choices":[{"event_name":"Match and Keep!","player_choice":"1 cards matched","floor":2.0,"damage_taken":0.0},{"event_name":"Scrap Ooze","player_choice":"success","floor":3.0,"damage_taken":18.0},{"event_name":"Purifier","player_choice":"One Purge","floor":10.0,"damage_taken":0.0},{"event_name":"Nest","player_choice":"Joined the Cult","floor":19.0,"damage_taken":0.0},{"event_name":"Back to Basics","player_choice":"Simplicity","floor":20.0,"damage_taken":0.0},{"event_name":"The Mausoleum","player_choice":"No","floor":28.0,"damage_taken":0.0},{"event_name":"Vampires","player_choice":"Ignored","floor":30.0,"damage_taken":0.0},{"event_name":"Match and Keep!","player_choice":"0 cards matched","floor":37.0,"damage_taken":0.0},{"event_name":"MindBloom","player_choice":"Fight","floor":39.0,"damage_taken":0.0},{"event_name":"SensoryStone","player_choice":"Memory 1","floor":45.0,"damage_taken":0.0},{"event_name":"Mysterious Sphere","player_choice":"Ignore","floor":47.0,"damage_taken":0.0}],"is_beta":true,"boss_relics":[{"not_picked":["Sozu","Lizard Tail"],"picked":"Ectoplasm"},{"not_picked":["Empty Cage","Cursed Key"],"picked":"Tiny House"}],"items_purged_floors":[],"is_endless":false,"potions_floor_spawned":[4,5,11,14,18,24,31,33,39,48],"ascension_level":20}