{"gold_per_floor":[114,114,126,138,156,185,185,185],"floor_reached":8,"playtime":332,"items_purged":[],"score":116,"play_id":"334c8176-4156-48dc-87f7-d8b8ccd58b72","local_time":"20190827213307","is_ascension_mode":true,"campfire_choices":[],"neow_cost":"NONE","seed_source_timestamp":948253690805780,"circlet_count":0,"master_deck":["AscendersBane","Strike_B","Strike_B","Defend_B","Defend_B","Defend_B","Defend_B","Zap","Dualcast","Rip and Tear","Conserve Battery","Gash","Ball Lightning","Rip and Tear","Coolheaded"],"relics":["Cracked Core","Happy Flower"],"potions_floor_usage":[4,6],"damage_taken":[{"damage":2,"enemies":"Jaw Worm","floor":1,"turns":4},{"damage":0,"enemies":"Cultist","floor":3,"turns":3},{"damage":5,"enemies":"Small Slimes","floor":4,"turns":2},{"damage":1,"enemies":"Looter","floor":5,"turns":3},{"damage":15,"enemies":"Lagavulin","floor":6,"turns":5},{"damage":34,"enemies":"Gremlin Nob","floor":8,"turns":3}],"seed_played":"1146160374755878514","potions_obtained":[{"floor":1,"key":"SkillPotion"},{"floor":3,"key":"Swift Potion"}],"is_trial":false,"path_per_floor":["M","?","M","M","M","E","?","E"],"character_chosen":"DEFECT","items_purchased":[],"campfire_rested":0,"item_purchase_floors":[],"current_hp_per_floor":[62,62,62,57,56,41,34,0],"gold":185,"neow_bonus":"THREE_CARDS","is_prod":false,"is_daily":false,"chose_seed":false,"campfire_upgraded":0,"win_rate":0,"timestamp":1566955987,"path_taken":["M","?","M","M","?","E","?","E"],"build_version":"2019-07-17","purchased_purges":0,"victory":false,"max_hp_per_floor":[71,71,71,71,71,71,71,71],"card_choices":[{"not_picked":["Go for the Eyes","Coolheaded"],"picked":"Rip and Tear","floor":0},{"not_picked":["Sweeping Beam","Undo"],"picked":"Conserve Battery","floor":1},{"not_picked":["Blizzard","Go for the Eyes"],"picked":"Gash","floor":3},{"not_picked":["Chill","Go for the Eyes"],"picked":"Ball Lightning","floor":4},{"not_picked":["Scrape","Loop"],"picked":"Rip and Tear","floor":5},{"not_picked":["Sunder","Chaos"],"picked":"Coolheaded","floor":6}],"player_experience":609203,"relics_obtained":[{"floor":6,"key":"Happy Flower"}],"event_choices":[{"cards_removed":["Strike_B"],"damage_healed":0,"gold_gain":0,"player_choice":"Offered Basic","damage_taken":0,"max_hp_gain":0,"max_hp_loss":0,"event_name":"Bonfire Elementals","floor":2,"gold_loss":0},{"cards_removed":["Strike_B"],"damage_healed":0,"gold_gain":0,"player_choice":"Card Removal","damage_taken":7,"max_hp_gain":0,"max_hp_loss":0,"event_name":"Golden Wing","floor":7,"gold_loss":0}],"is_beta":false,"boss_relics":[],"items_purged_floors":[],"is_endless":false,"potions_floor_spawned":[1,3],"killed_by":"Gremlin Nob","ascension_level":20}