{"gold_per_floor":[112,3,3,21,40,40,71,95,125,125,139,139,5,0,0,89,89,107,32,44,94,118,118,118],"floor_reached":24,"playtime":545,"items_purged":["Strike_B"],"score":372,"play_id":"ceba1e85-4c4c-44fb-9445-8bafd7cc8b22","local_time":"20190511230820","is_ascension_mode":true,"campfire_choices":[{"data":"Defragment","floor":6,"key":"SMITH"},{"floor":15,"key":"REST"},{"floor":23,"key":"REST"}],"neow_cost":"NONE","seed_source_timestamp":100611699073792,"circlet_count":0,"master_deck":["AscendersBane","Strike_B","Strike_B","Defend_B","Defend_B","Defend_B","Defend_B","Zap","Dualcast","Conserve Battery","Defragment+1","Sweeping Beam","Cold Snap","Creative AI","Reinforced Body","Leap","Biased Cognition","Storm","Defragment","White Noise"],"relics":["FrozenCore","NeowsBlessing","Golden Idol","Bronze Scales","Tiny Chest","Bottled Flame"],"potions_floor_usage":[7,7,11,18,24],"damage_taken":[{"damage":0,"enemies":"Small Slimes","floor":1,"turns":1},{"damage":0,"enemies":"Jaw Worm","floor":4,"turns":1},{"damage":0,"enemies":"2 Louse","floor":5,"turns":1},{"damage":5,"enemies":"3 Sentries","floor":7,"turns":5},{"damage":12,"enemies":"Large Slime","floor":8,"turns":3},{"damage":17,"enemies":"Exordium Thugs","floor":11,"turns":3},{"damage":24,"enemies":"Slime Boss","floor":16,"turns":8},{"damage":18,"enemies":"Shell Parasite","floor":18,"turns":10},{"damage":12,"enemies":"2 Thieves","floor":20,"turns":5},{"damage":17,"enemies":"Centurion and Healer","floor":22,"turns":6},{"damage":44,"enemies":"Slavers","floor":24,"turns":3}],"seed_played":"7014917856926639433","potions_obtained":[{"floor":1,"key":"Block Potion"},{"floor":5,"key":"Explosive Potion"},{"floor":7,"key":"SkillPotion"},{"floor":16,"key":"Dexterity Potion"},{"floor":22,"key":"Energy Potion"}],"is_trial":false,"path_per_floor":["M","$","?","M","M","R","E","M","T","?","M","T","$","?","R","B",null,"M","?","M","?","M","R","E"],"character_chosen":"DEFECT","items_purchased":["Defragment","Sweeping Beam","Leap"],"campfire_rested":2,"item_purchase_floors":[2,2,13],"current_hp_per_floor":[64,64,40,40,40,40,35,23,23,23,6,6,6,6,27,3,54,36,36,24,24,7,28,0],"gold":118,"neow_bonus":"THREE_ENEMY_KILL","is_prod":false,"is_daily":false,"chose_seed":false,"campfire_upgraded":1,"win_rate":0,"timestamp":1557630500,"path_taken":["M","$","?","M","M","R","E","M","T","?","M","?","$","?","R","BOSS","M","?","M","?","M","R","E"],"build_version":"2019-01-23","purchased_purges":1,"victory":false,"max_hp_per_floor":[71,71,71,71,71,71,71,71,71,71,71,71,71,71,71,71,71,71,71,71,71,71,71,71],"card_choices":[{"not_picked":["Reinforced Body","Go for the Eyes"],"picked":"Conserve Battery","floor":1},{"not_picked":["Sweeping Beam","Blizzard"],"picked":"Cold Snap","floor":4},{"not_picked":["Rebound","Turbo"],"picked":"Creative AI","floor":5},{"not_picked":["Gash","Scrape","Redo"],"picked":"SKIP","floor":7},{"not_picked":["Skim","Go for the Eyes","Rebound"],"picked":"SKIP","floor":8},{"not_picked":["Blizzard","Auto Shields"],"picked":"Reinforced Body","floor":11},{"not_picked":["Meteor Strike","Seek"],"picked":"Biased Cognition","floor":16},{"not_picked":["Streamline","Hologram"],"picked":"Storm","floor":18},{"not_picked":["Consume","Beam Cell"],"picked":"Defragment","floor":20},{"not_picked":["Beam Cell","Gash"],"picked":"White Noise","floor":22}],"player_experience":357956,"relics_obtained":[{"floor":7,"key":"Bronze Scales"},{"floor":9,"key":"Tiny Chest"},{"floor":12,"key":"Bottled Flame"}],"event_choices":[{"damage_healed":0,"gold_gain":0,"player_choice":"Take Damage","damage_taken":24,"relics_obtained":["Golden Idol"],"max_hp_gain":0,"max_hp_loss":0,"event_name":"Golden Idol","floor":3,"gold_loss":0},{"damage_healed":0,"gold_gain":0,"player_choice":"Searched \u00270\u0027 times","damage_taken":0,"max_hp_gain":0,"max_hp_loss":0,"event_name":"Dead Adventurer","floor":10,"gold_loss":0},{"damage_healed":0,"gold_gain":0,"player_choice":"Left Gold","damage_taken":0,"max_hp_gain":0,"max_hp_loss":0,"event_name":"World of Goop","floor":14,"gold_loss":5},{"cards_removed":["Strike_B"],"damage_healed":0,"gold_gain":0,"player_choice":"Gave Gold","damage_taken":0,"max_hp_gain":0,"max_hp_loss":0,"event_name":"Beggar","floor":19,"gold_loss":75},{"damage_healed":0,"gold_gain":50,"player_choice":"Stole From Cult","damage_taken":0,"max_hp_gain":0,"max_hp_loss":0,"event_name":"Nest","floor":21,"gold_loss":0}],"is_beta":false,"boss_relics":[{"not_picked":["Eternal Feather","Runic Dome"],"picked":"FrozenCore"}],"items_purged_floors":[13],"is_endless":false,"potions_floor_spawned":[1,5,7,16,22],"killed_by":"Slavers","ascension_level":18}