{"gold_per_floor":[12,30,44,44,56,56,90,90,168,168,179,191,224,244,244,317,317,332,257,257,3,3,3,20,20,47,79,35,55,67,87,87,160,160,174,174,174,189,200,225,225,254,254,266,266,266,296,0,0,0],"floor_reached":50,"playtime":2426,"items_purged":["Strike_B","Strike_B"],"score":1274,"play_id":"5857b8bc-0718-415a-805c-c97914eec0fd","local_time":"20190204014650","is_ascension_mode":true,"campfire_choices":[{"data":"Zap","floor":6.0,"key":"SMITH"},{"data":"Rip and Tear","floor":8.0,"key":"SMITH"},{"data":"White Noise","floor":10.0,"key":"SMITH"},{"data":"Defragment","floor":15.0,"key":"SMITH"},{"data":"Defragment","floor":23.0,"key":"SMITH"},{"data":"Fission","floor":25.0,"key":"SMITH"},{"floor":32.0,"key":"REST"},{"floor":41,"key":"REST"},{"floor":45,"key":"REST"},{"floor":49,"key":"RECALL"}],"neow_cost":"NO_GOLD","seed_source_timestamp":535536780960359,"circlet_count":0,"master_deck":["AscendersBane","Strike_B+1","Defend_B+1","Defend_B+1","Defend_B+1","Defend_B+1","Zap+1","Dualcast+1","White Noise+1","Streamline+1","Chill+1","Steam+1","Rip and Tear+1","Ball Lightning+1","Cold Snap+1","Defragment+1","Glacier+1","Thunder Strike+1","Go for the Eyes+1","Redo+1","Defragment+1","Fission+1","Cold Snap+1","Conserve Battery+1","Glacier+1","All For One+1","Darkness+1","Fusion+1","Electrodynamics+1","Reinforced Body+1","Mind Blast+1","Transmutation+1","Mayhem+1","Coolheaded+1","Cold Snap+1","Redo+1","Injury","Ball Lightning+1","Hologram"],"special_seed":0,"relics":["Cracked Core","Mango","Molten Egg 2","Omamori","Cursed Key","Happy Flower","Pen Nib","Sozu","Bottled Tornado","Mercury Hourglass","Mark of the Bloom","Thread and Needle","Red Mask"],"potions_floor_usage":[],"damage_taken":[{"damage":7.0,"enemies":"Jaw Worm","floor":1.0,"turns":3.0},{"damage":2.0,"enemies":"Cultist","floor":2.0,"turns":4.0},{"damage":2.0,"enemies":"2 Louse","floor":3.0,"turns":3.0},{"damage":5.0,"enemies":"Blue Slaver","floor":5.0,"turns":4.0},{"damage":22.0,"enemies":"Gremlin Nob","floor":7.0,"turns":4.0},{"damage":3.0,"enemies":"Large Slime","floor":11.0,"turns":4.0},{"damage":11.0,"enemies":"Lots of Slimes","floor":12.0,"turns":3.0},{"damage":9.0,"enemies":"3 Sentries","floor":13.0,"turns":6.0},{"damage":4.0,"enemies":"Looter","floor":14.0,"turns":2.0},{"damage":0.0,"enemies":"Hexaghost","floor":16.0,"turns":8.0},{"damage":0.0,"enemies":"Chosen","floor":18.0,"turns":3.0},{"damage":21.0,"enemies":"Shell Parasite","floor":24.0,"turns":4.0},{"damage":9.0,"enemies":"Book of Stabbing","floor":27.0,"turns":5.0},{"damage":0.0,"enemies":"Centurion and Healer","floor":29.0,"turns":7.0},{"damage":0.0,"enemies":"Cultist and Chosen","floor":30.0,"turns":6.0},{"damage":4.0,"enemies":"3 Cultists","floor":31.0,"turns":4.0},{"damage":1.0,"enemies":"Collector","floor":33.0,"turns":10.0},{"damage":21.0,"enemies":"3 Darklings","floor":35.0,"turns":3.0},{"damage":0.0,"enemies":"Orb Walker","floor":38.0,"turns":2.0},{"damage":31.0,"enemies":"Transient","floor":39.0,"turns":6.0},{"damage":8,"enemies":"Giant Head","floor":40,"turns":8},{"damage":24,"enemies":"Reptomancer","floor":42,"turns":7},{"damage":11,"enemies":"4 Shapes","floor":44,"turns":4},{"damage":18,"enemies":"Giant Head","floor":47,"turns":7},{"damage":31,"enemies":"Awakened One","floor":50,"turns":11}],"seed_played":"-5554950007047698480","potions_obtained":[{"floor":1.0,"key":"Weak Potion"},{"floor":5.0,"key":"Dexterity Potion"},{"floor":7.0,"key":"EssenceOfSteel"},{"floor":12.0,"key":"LiquidBronze"},{"floor":27.0,"key":"SpeedPotion"},{"floor":29.0,"key":"Ancient Potion"},{"floor":30.0,"key":"Block Potion"}],"is_trial":false,"path_per_floor":["M","M","M","?","M","R","E","R","T","R","M","M","E","M","R","B",null,"M","$","?","$","?","R","M","R","T","E","$","M","M","M","R","B",null,"M","?","?","M","M","E","R","E","T","M","R","?","E","?","R","B"],"character_chosen":"DEFECT","items_purchased":["Defragment","Fission","Glacier"],"campfire_rested":3,"item_purchase_floors":[21,21,28],"current_hp_per_floor":[71,69,67,67,62,62,54,54,54,54,51,40,31,27,27,27,81,81,81,81,81,81,81,60,60,60,51,51,51,51,47,76,75,93,72,62,62,62,31,23,52,28,28,17,46,46,28,28,28,0],"gold":0,"neow_bonus":"TWENTY_PERCENT_HP_BONUS","is_prod":false,"is_daily":false,"chose_seed":false,"campfire_upgraded":6,"win_rate":0,"timestamp":1549273610,"path_taken":["M","M","M","?","?","R","E","R","T","R","M","M","E","M","R","BOSS","M","$","?","?","?","R","M","R","T","E","?","M","M","?","R","BOSS","M","?","?","M","?","E","R","E","T","M","R","?","E","?","R","BOSS"],"build_version":"2019-01-23","purchased_purges":2,"victory":false,"max_hp_per_floor":[85,85,85,85,85,85,99,99,99,99,99,99,99,99,99,99,99,99,99,99,99,99,99,99,99,99,99,99,99,99,99,99,99,99,99,99,99,99,99,99,99,99,99,99,99,99,99,99,99,99],"card_choices":[{"not_picked":["Barrage","Compile Driver"],"picked":"White Noise","floor":1.0},{"not_picked":["Fusion","Scrape"],"picked":"Streamline","floor":2.0},{"not_picked":["Melter","Aggregate"],"picked":"Chill","floor":3.0},{"not_picked":["Double Energy","Stack"],"picked":"Steam","floor":5.0},{"not_picked":["Tempest","Fusion"],"picked":"Rip and Tear","floor":7.0},{"not_picked":["Stack","Tempest"],"picked":"Ball Lightning+1","floor":11.0},{"not_picked":["Coolheaded","Storm"],"picked":"Cold Snap+1","floor":12.0},{"not_picked":["BootSequence","Redo"],"picked":"Defragment","floor":13.0},{"not_picked":["Aggregate","Streamline+1"],"picked":"Glacier","floor":14.0},{"not_picked":["Multi-Cast","Biased Cognition"],"picked":"Thunder Strike+1","floor":16.0},{"not_picked":["Stack","Streamline+1"],"picked":"Go for the Eyes+1","floor":18.0},{"not_picked":["Sweeping Beam+1","Redo"],"picked":"Cold Snap+1","floor":24.0},{"not_picked":["Leap","Melter+1"],"picked":"Conserve Battery","floor":27.0},{"not_picked":["Steam Power","Rebound+1"],"picked":"All For One+1","floor":29.0},{"not_picked":["Conserve Battery","Undo"],"picked":"Darkness","floor":30.0},{"not_picked":["Double Energy","Storm"],"picked":"Fusion+1","floor":31.0},{"not_picked":["Multi-Cast","Fission"],"picked":"Electrodynamics","floor":33.0},{"not_picked":["Gash+1","Turbo"],"picked":"Reinforced Body+1","floor":35.0},{"not_picked":["Mayhem","Thinking Ahead"],"picked":"Mind Blast+1","floor":36.0},{"not_picked":["Good Instincts","Madness"],"picked":"Transmutation","floor":36.0},{"not_picked":["PanicButton","Secret Weapon"],"picked":"Mayhem","floor":36.0},{"not_picked":["Rebound+1","Consume"],"picked":"Coolheaded","floor":38.0},{"not_picked":["Barrage+1","Doom and Gloom+1","Reprogram"],"picked":"SKIP","floor":39.0},{"not_picked":["Gash+1","Auto Shields"],"picked":"Cold Snap+1","floor":40},{"not_picked":["Compile Driver+1","Steam"],"picked":"Redo+1","floor":42},{"not_picked":["Self Repair","Hologram"],"picked":"Ball Lightning+1","floor":44},{"not_picked":["Rebound+1","Biased Cognition"],"picked":"Hologram","floor":47}],"player_experience":2780534,"relics_obtained":[{"floor":7.0,"key":"Mango"},{"floor":9.0,"key":"Molten Egg 2"},{"floor":13.0,"key":"Omamori"},{"floor":26.0,"key":"Happy Flower"},{"floor":27.0,"key":"Pen Nib"},{"floor":40,"key":"Bottled Tornado"},{"floor":42,"key":"Mercury Hourglass"},{"floor":47,"key":"Thread and Needle"}],"event_choices":[{"damage_healed":0.0,"max_hp_gain":0.0,"max_hp_loss":0.0,"gold_gain":0.0,"event_name":"Upgrade Shrine","player_choice":"Upgraded","floor":4.0,"gold_loss":0.0,"damage_taken":0.0,"cards_upgraded":["Streamline"]},{"damage_healed":0.0,"max_hp_gain":0.0,"max_hp_loss":0.0,"gold_gain":0.0,"cards_transformed":["Strike_B"],"event_name":"Transmorgrifier","player_choice":"Transformed","floor":20.0,"gold_loss":0.0,"damage_taken":0.0,"cards_obtained":["Redo"]},{"damage_healed":0.0,"max_hp_gain":0.0,"max_hp_loss":0.0,"gold_gain":0.0,"event_name":"Forgotten Altar","player_choice":"Smashed Altar","floor":22.0,"gold_loss":0.0,"damage_taken":0.0,"cards_obtained":["Decay"]},{"damage_healed":0.0,"max_hp_gain":0.0,"max_hp_loss":0.0,"gold_gain":0.0,"event_name":"SensoryStone","player_choice":"Memory 3","floor":36.0,"gold_loss":0.0,"damage_taken":10.0},{"damage_healed":0.0,"max_hp_gain":0.0,"max_hp_loss":0.0,"gold_gain":0.0,"event_name":"Upgrade Shrine","player_choice":"Upgraded","floor":37.0,"gold_loss":0.0,"damage_taken":0.0,"cards_upgraded":["Transmutation"]},{"damage_healed":0,"gold_gain":0,"player_choice":"Upgrade","damage_taken":0,"relics_obtained":["Mark of the Bloom"],"max_hp_gain":0,"max_hp_loss":0,"event_name":"MindBloom","floor":46,"gold_loss":0,"cards_upgraded":["Strike_B","Defend_B","Defend_B","Defend_B","Defend_B","Dualcast","Chill","Steam","Glacier","Redo","Conserve Battery","Glacier","Darkness","Electrodynamics","Mayhem","Coolheaded"]},{"damage_healed":0,"gold_gain":0,"player_choice":"Paid","damage_taken":0,"relics_obtained":["Red Mask"],"max_hp_gain":0,"max_hp_loss":0,"event_name":"Tomb of Lord Red Mask","floor":48,"gold_loss":296}],"is_beta":true,"boss_relics":[{"not_picked":["Philosopher\u0027s Stone","Nuclear Battery"],"picked":"Cursed Key"},{"not_picked":["Pandora\u0027s Box","Calling Bell"],"picked":"Sozu"}],"items_purged_floors":[19,21],"is_endless":false,"potions_floor_spawned":[1,5,7,11,12,27,29,30,38,39,40,44],"killed_by":"Awakened One","ascension_level":20}