{"gold_per_floor":[116,116,134,157,177,212,212,255,255,299,299,324,324,342,342,463,463,477,491,406,422,67,67,67,83,157,157,157,180,180,193,193,319,319,342,342,363,384,717,717,717,727,780,41,41,58,58,69,69,69],"floor_reached":51,"playtime":1691,"items_purged":["Strike_R","Normality"],"score":979,"play_id":"d3980615-d29a-44cf-a4bd-095adbc45d4d","local_time":"20190223153237","is_ascension_mode":true,"campfire_choices":[{"data":"Infernal Blade","floor":7,"key":"SMITH"},{"floor":11,"key":"REST"},{"data":"Demon Form","floor":13,"key":"SMITH"},{"data":"Uppercut","floor":15,"key":"SMITH"},{"data":"Limit Break","floor":23,"key":"SMITH"},{"floor":30,"key":"REST"},{"data":"Inflame","floor":32,"key":"SMITH"},{"data":"Limit Break","floor":40,"key":"SMITH"},{"floor":47,"key":"REST"},{"floor":49,"key":"REST"}],"neow_cost":"NONE","seed_source_timestamp":385280442598908,"circlet_count":0,"master_deck":["Strike_R+1","Strike_R+1","Strike_R+1","Strike_R+1","Defend_R+1","Defend_R+1","Defend_R+1","Defend_R+1","Bash","Infernal Blade+1","Uppercut+1","Intimidate","Immolate","Demon Form+1","Heavy Blade+1","Limit Break+1","Feel No Pain+1","Inflame+1","Shrug It Off","Madness","Ghostly Armor","Limit Break+1","Armaments+1","Parasite","Apotheosis","Flash of Steel+1","Intimidate+1"],"relics":["Burning Blood","Oddly Smooth Stone","Question Card","Blue Candle","Molten Egg 2","Ancient Tea Set","Cursed Key","Art of War","Orichalcum","Nilry\u0027s Codex","Singing Bowl","Matryoshka","Runic Cube","Anchor","Potion Belt","Lantern","Calipers"],"potions_floor_usage":[6,8,10,16,16,19,21,25,33,46,50,50],"damage_taken":[{"damage":14,"enemies":"Small Slimes","floor":1,"turns":5},{"damage":7,"enemies":"2 Louse","floor":3,"turns":3},{"damage":4,"enemies":"Jaw Worm","floor":4,"turns":4},{"damage":0,"enemies":"3 Louse","floor":5,"turns":3},{"damage":24,"enemies":"Lagavulin","floor":6,"turns":5},{"damage":26,"enemies":"3 Sentries","floor":8,"turns":10},{"damage":24,"enemies":"Gremlin Nob","floor":10,"turns":4},{"damage":3,"enemies":"2 Fungi Beasts","floor":12,"turns":2},{"damage":6,"enemies":"Exordium Wildlife","floor":14,"turns":2},{"damage":18,"enemies":"Hexaghost","floor":16,"turns":6},{"damage":26,"enemies":"3 Byrds","floor":18,"turns":6},{"damage":1,"enemies":"Spheric Guardian","floor":19,"turns":3},{"damage":13,"enemies":"Centurion and Healer","floor":21,"turns":6},{"damage":8,"enemies":"Snake Plant","floor":25,"turns":4},{"damage":1,"enemies":"Snecko","floor":29,"turns":3},{"damage":4,"enemies":"Cultist and Chosen","floor":31,"turns":5},{"damage":50,"enemies":"Collector","floor":33,"turns":7},{"damage":10,"enemies":"3 Darklings","floor":35,"turns":4},{"damage":7,"enemies":"3 Shapes","floor":37,"turns":3},{"damage":12,"enemies":"Sphere and 2 Shapes","floor":38,"turns":6},{"damage":40,"enemies":"Transient","floor":42,"turns":5},{"damage":26,"enemies":"Jaw Worm Horde","floor":46,"turns":5},{"damage":6,"enemies":"Sphere and 2 Shapes","floor":48,"turns":4},{"damage":57,"enemies":"Donu and Deca","floor":50,"turns":9}],"seed_played":"4014596280703235941","potions_obtained":[{"floor":1,"key":"Fire Potion"},{"floor":5,"key":"Poison Potion"},{"floor":6,"key":"LiquidBronze"},{"floor":8,"key":"GamblersBrew"},{"floor":10,"key":"Weak Potion"},{"floor":12,"key":"SpeedPotion"},{"floor":16,"key":"GamblersBrew"},{"floor":18,"key":"Energy Potion"},{"floor":21,"key":"FairyPotion"},{"floor":29,"key":"Regen Potion"},{"floor":31,"key":"SpeedPotion"},{"floor":46,"key":"Poison Potion"},{"floor":48,"key":"Dexterity Potion"}],"is_trial":false,"path_per_floor":["M","?","M","M","M","E","R","E","T","E","R","M","R","M","R","B",null,"M","M","?","M","$","R","?","M","T","?","?","M","R","M","R","B",null,"M","?","M","M","?","R","?","M","T","$","?","M","R","M","R","B",null],"character_chosen":"IRONCLAD","items_purchased":["Shrug It Off","Orichalcum","Madness","Lantern","Calipers","Apotheosis"],"campfire_rested":4,"item_purchase_floors":[22,22,22,44,44,44],"current_hp_per_floor":[64,64,63,65,71,53,53,33,33,15,37,40,40,40,40,28,63,43,48,48,41,41,41,25,23,23,23,23,30,52,56,56,27,65,63,63,64,60,60,60,60,26,26,26,26,16,41,41,66,15],"gold":69,"neow_bonus":"RANDOM_COMMON_RELIC","is_prod":false,"is_daily":false,"chose_seed":false,"campfire_upgraded":6,"win_rate":0,"timestamp":1550953957,"path_taken":["M","?","M","M","M","E","R","E","T","E","R","M","R","M","R","BOSS","M","M","?","M","$","R","?","M","T","?","?","?","R","M","R","BOSS","M","?","M","M","?","R","?","?","T","$","?","M","R","M","R","BOSS"],"build_version":"2019-01-23","purchased_purges":2,"victory":true,"max_hp_per_floor":[80,74,74,74,74,74,74,74,74,74,74,74,74,74,74,74,74,74,74,74,74,74,74,74,74,74,74,74,76,76,78,78,78,78,80,80,82,84,84,84,84,84,84,84,84,86,86,86,86,86],"card_choices":[{"not_picked":["Warcry","Power Through"],"picked":"Infernal Blade","floor":1},{"not_picked":["Clash","Pommel Strike","Iron Wave"],"picked":"SKIP","floor":3},{"not_picked":["Twin Strike","Seeing Red"],"picked":"Uppercut","floor":4},{"not_picked":["Sword Boomerang","Power Through","Warcry"],"picked":"SKIP","floor":5},{"not_picked":["Havoc","Cleave"],"picked":"Intimidate","floor":6},{"not_picked":["Disarm","Thunderclap","Flex"],"picked":"Immolate","floor":8},{"not_picked":["Clash+1","Dropkick+1","Pommel Strike+1"],"picked":"Demon Form","floor":10},{"not_picked":["Clash+1","Warcry","Clothesline+1","Twin Strike+1"],"picked":"SKIP","floor":12},{"not_picked":["Shrug It Off","Hemokinesis+1","Power Through"],"picked":"Heavy Blade+1","floor":14},{"not_picked":["Feed+1","Barricade","Brutality"],"picked":"Limit Break","floor":16},{"not_picked":["Cleave+1","Flame Barrier","Iron Wave+1"],"picked":"Feel No Pain+1","floor":18},{"not_picked":["Flex","Cleave+1","Blood for Blood+1","Fire Breathing"],"picked":"SKIP","floor":19},{"not_picked":["Headbutt+1","Havoc","Clothesline+1"],"picked":"Inflame","floor":21},{"not_picked":["Cleave+1","Headbutt+1","Sever Soul+1"],"picked":"Ghostly Armor","floor":25},{"not_picked":["Power Through","Hemokinesis+1","Pummel+1","Warcry"],"picked":"Singing Bowl","floor":29},{"not_picked":["Pommel Strike+1","Heavy Blade+1","Dropkick+1","Perfected Strike+1"],"picked":"Singing Bowl","floor":31},{"not_picked":["Feed+1","Offering","Fiend Fire+1"],"picked":"Limit Break","floor":33},{"not_picked":["Sword Boomerang+1","Searing Blow+1","Armaments","Iron Wave+1"],"picked":"Singing Bowl","floor":35},{"not_picked":["Flex","Iron Wave+1","Headbutt+1","Havoc+1"],"picked":"Singing Bowl","floor":37},{"not_picked":["Rampage+1","Havoc","Cleave+1","Warcry"],"picked":"Singing Bowl","floor":38},{"not_picked":["Iron Wave+1","Fire Breathing","Body Slam+1"],"picked":"Armaments+1","floor":42},{"not_picked":["Bandage Up","Master of Strategy","Chrysalis"],"picked":"Flash of Steel+1","floor":45},{"not_picked":["Clothesline+1","Armaments","Twin Strike+1","Flex+1"],"picked":"Singing Bowl","floor":46},{"not_picked":["Feel No Pain","Wild Strike+1","Combust+1"],"picked":"Intimidate+1","floor":48}],"player_experience":128390,"relics_obtained":[{"floor":6,"key":"Question Card"},{"floor":8,"key":"Blue Candle"},{"floor":9,"key":"Molten Egg 2"},{"floor":10,"key":"Ancient Tea Set"},{"floor":24,"key":"Nilry\u0027s Codex"},{"floor":26,"key":"Singing Bowl"},{"floor":43,"key":"Anchor"},{"floor":43,"key":"Potion Belt"}],"event_choices":[{"damage_healed":0,"gold_gain":0,"player_choice":"Lose Max HP","damage_taken":0,"relics_obtained":["Golden Idol"],"max_hp_gain":0,"max_hp_loss":6,"event_name":"Golden Idol","floor":2,"gold_loss":0},{"damage_healed":0,"gold_gain":0,"player_choice":"Obtained Relic","damage_taken":0,"relics_obtained":["Art of War"],"max_hp_gain":0,"max_hp_loss":0,"event_name":"Addict","floor":20,"gold_loss":85},{"damage_healed":0,"gold_gain":0,"player_choice":"Obtained Book","damage_taken":16,"max_hp_gain":0,"max_hp_loss":0,"event_name":"Cursed Tome","floor":24,"gold_loss":0},{"damage_healed":0,"gold_gain":0,"player_choice":"Opened","damage_taken":0,"relics_obtained":["Matryoshka"],"max_hp_gain":0,"max_hp_loss":0,"event_name":"The Mausoleum","floor":27,"gold_loss":0},{"damage_healed":0,"gold_gain":0,"player_choice":"Simplicity","damage_taken":0,"max_hp_gain":0,"max_hp_loss":0,"event_name":"Back to Basics","floor":28,"gold_loss":0,"cards_upgraded":["Strike_R","Strike_R","Strike_R","Strike_R","Defend_R","Defend_R","Defend_R","Defend_R"]},{"damage_healed":0,"gold_gain":0,"player_choice":"Ignored","damage_taken":0,"max_hp_gain":0,"max_hp_loss":0,"event_name":"Mysterious Sphere","floor":36,"gold_loss":0},{"damage_healed":0,"gold_gain":333,"player_choice":"Gave Idol","damage_taken":0,"max_hp_gain":0,"max_hp_loss":0,"event_name":"The Moai Head","floor":39,"relics_lost":["Golden Idol"],"gold_loss":0},{"damage_healed":0,"gold_gain":0,"player_choice":"Ignored","damage_taken":0,"max_hp_gain":0,"max_hp_loss":0,"event_name":"Tomb of Lord Red Mask","floor":41,"gold_loss":0},{"damage_healed":0,"gold_gain":0,"player_choice":"Memory 1","damage_taken":0,"max_hp_gain":0,"max_hp_loss":0,"event_name":"SensoryStone","floor":45,"gold_loss":0}],"is_beta":false,"boss_relics":[{"not_picked":["White Beast Statue","Calling Bell"],"picked":"Cursed Key"},{"not_picked":["Pandora\u0027s Box","Mark of Pain"],"picked":"Runic Cube"}],"items_purged_floors":[22,44],"is_endless":false,"potions_floor_spawned":[1,5,6,8,10,12,16,18,21,29,31,46,48],"ascension_level":8}