{"gold_per_floor":[114,114,129,144,155,155,175,175,175,203,203,216,216,2,2,74,74,91,366,381,381],"floor_reached":21,"playtime":776,"items_purged":[],"score":462,"play_id":"40c34352-fcea-4335-9209-02bdc4644746","local_time":"20190720222529","is_ascension_mode":true,"campfire_choices":[{"data":"Zap","floor":6,"key":"SMITH"},{"data":"Stack","floor":8,"key":"SMITH"},{"floor":11,"key":"REST"},{"floor":15,"key":"RECALL"}],"neow_cost":"NONE","seed_source_timestamp":654131118027640,"circlet_count":0,"master_deck":["AscendersBane","Strike_B","Strike_B","Defend_B","Defend_B","Defend_B","Defend_B","Zap+1","Dualcast","Skim","Stack+1","Turbo","Gash","White Noise","Gash","Cold Snap","Rebound","Gash","Creative AI","Force Field","Regret","All For One"],"relics":["Cracked Core","Letter Opener","Shuriken","Bronze Scales","Sozu"],"potions_floor_usage":[10,10,16],"damage_taken":[{"damage":4,"enemies":"Jaw Worm","floor":1,"turns":5},{"damage":3,"enemies":"2 Louse","floor":3,"turns":4},{"damage":0,"enemies":"Cultist","floor":4,"turns":3},{"damage":17,"enemies":"Gremlin Gang","floor":5,"turns":6},{"damage":10,"enemies":"Looter","floor":7,"turns":4},{"damage":35,"enemies":"Lagavulin","floor":10,"turns":8},{"damage":9,"enemies":"Red Slaver","floor":12,"turns":3},{"damage":0,"enemies":"Hexaghost","floor":16,"turns":7},{"damage":21,"enemies":"Spheric Guardian","floor":18,"turns":4},{"damage":31,"enemies":"2 Thieves","floor":20,"turns":3},{"damage":16,"enemies":"Chosen and Byrds","floor":21,"turns":3}],"seed_played":"-7174174319890526484","potions_obtained":[{"floor":3,"key":"SpeedPotion"},{"floor":7,"key":"SpeedPotion"},{"floor":12,"key":"PowerPotion"},{"floor":16,"key":"LiquidBronze"}],"is_trial":false,"path_per_floor":["M","?","M","M","M","R","M","R","T","E","R","M","?","$","R","B",null,"M","?","M","M"],"character_chosen":"DEFECT","items_purchased":["Bronze Scales","Gash"],"campfire_rested":1,"item_purchase_floors":[14,14],"current_hp_per_floor":[67,67,64,64,47,47,37,37,37,2,25,16,16,16,16,16,63,42,42,11,0],"gold":381,"neow_bonus":"TEN_PERCENT_HP_BONUS","is_prod":false,"is_daily":false,"chose_seed":false,"campfire_upgraded":2,"win_rate":0,"timestamp":1563686729,"path_taken":["M","?","M","M","M","R","M","R","T","E","R","M","?","$","R","BOSS","M","?","?","M"],"build_version":"2019-07-18","purchased_purges":0,"victory":false,"max_hp_per_floor":[78,78,78,78,78,78,78,78,78,78,78,78,78,78,78,78,78,78,78,78,78],"card_choices":[{"not_picked":["Turbo","Reprogram"],"picked":"Skim","floor":1},{"not_picked":["Leap","Genetic Algorithm"],"picked":"Turbo","floor":3},{"not_picked":["Streamline","Consume"],"picked":"Gash","floor":4},{"not_picked":["Turbo","Stack"],"picked":"White Noise","floor":5},{"not_picked":["Leap","Hologram"],"picked":"Gash","floor":7},{"not_picked":["Genetic Algorithm","Heatsinks"],"picked":"Cold Snap","floor":10},{"not_picked":["Sweeping Beam","Barrage"],"picked":"Rebound","floor":12},{"not_picked":["Fission","Hyperbeam"],"picked":"Creative AI","floor":16},{"not_picked":["Redo","Compile Driver"],"picked":"Force Field","floor":18},{"not_picked":["Redo","Rebound"],"picked":"All For One","floor":20}],"player_experience":2834173,"relics_obtained":[{"floor":9,"key":"Letter Opener"},{"floor":10,"key":"Shuriken"}],"event_choices":[{"damage_healed":0,"gold_gain":0,"cards_transformed":["Strike_B"],"player_choice":"Change","damage_taken":0,"max_hp_gain":0,"max_hp_loss":0,"event_name":"Living Wall","floor":2,"gold_loss":0,"cards_obtained":["Stack"]},{"cards_removed":["Strike_B"],"damage_healed":0,"gold_gain":0,"player_choice":"Purged","damage_taken":0,"max_hp_gain":0,"max_hp_loss":0,"event_name":"Purifier","floor":13,"gold_loss":0},{"damage_healed":0,"gold_gain":275,"player_choice":"Desecrate","damage_taken":0,"max_hp_gain":0,"max_hp_loss":0,"event_name":"Golden Shrine","floor":19,"gold_loss":0,"cards_obtained":["Regret"]}],"is_beta":true,"boss_relics":[{"not_picked":["Tiny House","Lizard Tail"],"picked":"Sozu"}],"items_purged_floors":[],"is_endless":false,"potions_floor_spawned":[3,7,12,16,20],"killed_by":"Chosen and Byrds","ascension_level":20}