{"gold_per_floor":[364,377,39,39,58,58,58,91,91,106,124,124,134,169,169,246,246,246,163,163,163,163,163,163,113,113,113,113,113,113,113,113,113,113,113,113,113,113,113,113,113,113,113,113,113,113,113,113,113,113],"floor_reached":50,"playtime":1634,"items_purged":["Normality"],"score":1266,"play_id":"b4018945-8dec-4b65-9684-24b0e4cb70b9","local_time":"20190530200724","is_ascension_mode":true,"campfire_choices":[{"data":"Zap","floor":6.0,"key":"SMITH"},{"data":"Electrodynamics","floor":12.0,"key":"SMITH"},{"data":"Defragment","floor":15.0,"key":"SMITH"},{"data":"Defragment","floor":28.0,"key":"SMITH"},{"floor":30.0,"key":"REST"},{"data":"Loop","floor":32.0,"key":"SMITH"},{"data":"Echo Form","floor":41.0,"key":"SMITH"},{"data":"Amplify","floor":49,"key":"SMITH"}],"neow_cost":"CURSE","seed_source_timestamp":0,"circlet_count":0,"master_deck":["AscendersBane","Defend_B","Defend_B","Defend_B","Defend_B","Zap+1","Dualcast","Glacier","Ball Lightning","Coolheaded+1","Electrodynamics+1","Loop+1","Defragment+1","Amplify+1","Force Field","Defragment+1","Reinforced Body+1","Self Repair","Double Energy","Conserve Battery+1","Echo Form+1","White Noise","Capacitor","Echo Form","Reprogram","PanicButton","Doubt"],"special_seed":0,"relics":["Cracked Core","Strange Spoon","Pocketwatch","Meat on the Bone","Question Card","Ectoplasm","Bag of Preparation","Juzu Bracelet","Kunai","Gremlin Horn","Empty Cage","Dream Catcher","Mercury Hourglass","Boot","Molten Egg 2","Dodecahedron"],"potions_floor_usage":[44,44],"damage_taken":[{"damage":1.0,"enemies":"Cultist","floor":1.0,"turns":3.0},{"damage":1.0,"enemies":"2 Louse","floor":2.0,"turns":2.0},{"damage":10.0,"enemies":"Small Slimes","floor":5.0,"turns":3.0},{"damage":13.0,"enemies":"3 Sentries","floor":8.0,"turns":11.0},{"damage":4.0,"enemies":"2 Fungi Beasts","floor":10.0,"turns":3.0},{"damage":1.0,"enemies":"3 Louse","floor":11.0,"turns":3.0},{"damage":7.0,"enemies":"Gremlin Gang","floor":13.0,"turns":3.0},{"damage":12.0,"enemies":"Lagavulin","floor":14.0,"turns":7.0},{"damage":0.0,"enemies":"Slime Boss","floor":16.0,"turns":4.0},{"damage":0.0,"enemies":"Chosen","floor":18.0,"turns":5.0},{"damage":0.0,"enemies":"3 Byrds","floor":20.0,"turns":1.0},{"damage":6.0,"enemies":"Book of Stabbing","floor":23.0,"turns":6.0},{"damage":14.0,"enemies":"Snake Plant","floor":24.0,"turns":4.0},{"damage":20.0,"enemies":"Sentry and Sphere","floor":27.0,"turns":5.0},{"damage":30.0,"enemies":"Gremlin Leader","floor":31.0,"turns":7.0},{"damage":9.0,"enemies":"Automaton","floor":33.0,"turns":14.0},{"damage":20.0,"enemies":"3 Darklings","floor":35.0,"turns":3.0},{"damage":18.0,"enemies":"3 Shapes","floor":38.0,"turns":5.0},{"damage":0.0,"enemies":"Reptomancer","floor":40.0,"turns":7.0},{"damage":22.0,"enemies":"Giant Head","floor":42.0,"turns":11.0},{"damage":48,"enemies":"Reptomancer","floor":44,"turns":5},{"damage":80,"enemies":"Awakened One","floor":50,"turns":4}],"seed_played":"-4690382068557100241","potions_obtained":[{"floor":2.0,"key":"LiquidBronze"},{"floor":10.0,"key":"SteroidPotion"},{"floor":16.0,"key":"LiquidBronze"},{"floor":23.0,"key":"Regen Potion"},{"floor":27.0,"key":"Strength Potion"},{"floor":40.0,"key":"LiquidBronze"}],"is_trial":false,"path_per_floor":["M","M","$","?","M","R","?","E","T","M","M","R","M","E","R","B",null,"M","$","M","?","?","E","M","?","T","M","R","?","R","E","R","B",null,"M","$","T","M","?","E","R","E","T","E","?","?","?","?","R","B"],"character_chosen":"DEFECT","items_purchased":["Strange Spoon","Explosive Potion","Defragment"],"campfire_rested":1,"item_purchase_floors":[3,3,19],"current_hp_per_floor":[63,62,62,55,45,45,45,32,32,40,39,39,44,44,44,44,64,64,64,64,64,64,65,58,58,58,45,45,45,66,58,58,56,67,47,47,47,55,55,67,67,59,59,23,23,23,23,67,67,0],"gold":113,"neow_bonus":"TWO_FIFTY_GOLD","is_prod":false,"is_daily":false,"chose_seed":false,"campfire_upgraded":7,"win_rate":0,"timestamp":1559261244,"path_taken":["M","M","$","?","M","R","?","E","T","M","M","R","M","E","R","BOSS","M","$","M","?","?","E","M","?","T","M","R","?","R","E","R","BOSS","M","$","?","M","?","E","R","E","T","E","?","?","?","?","R","BOSS"],"build_version":"2019-01-23","purchased_purges":1,"victory":false,"max_hp_per_floor":[71,71,71,71,71,71,71,71,71,71,71,71,71,71,71,71,71,71,71,71,71,71,71,71,71,71,71,71,71,71,71,71,71,71,71,71,71,71,67,67,67,67,67,67,67,67,67,67,67,67],"card_choices":[{"not_picked":["Recycle","Leap"],"picked":"Streamline","floor":1.0},{"not_picked":["Turbo","Steam","Leap"],"picked":"SKIP","floor":2.0},{"not_picked":["Hologram","Steam"],"picked":"Glacier","floor":5.0},{"not_picked":["Leap","Barrage"],"picked":"Ball Lightning","floor":8.0},{"not_picked":["Leap","Rebound"],"picked":"Coolheaded","floor":10.0},{"not_picked":["Darkness","Leap"],"picked":"Electrodynamics","floor":11.0},{"not_picked":["Hologram","Streamline"],"picked":"Loop","floor":13.0},{"not_picked":["Sunder","Buffer"],"picked":"Defragment","floor":14.0},{"not_picked":["Reboot","Electrodynamics","Hyperbeam"],"picked":"Amplify","floor":16.0},{"not_picked":["Conserve Battery","Skim+1","Doom and Gloom"],"picked":"Force Field","floor":18.0},{"not_picked":["Skim","Rip and Tear","Genetic Algorithm"],"picked":"Reinforced Body+1","floor":20.0},{"not_picked":["Double Energy","Redo","Ball Lightning","Reinforced Body"],"picked":"SKIP","floor":23.0},{"not_picked":["Chaos","Lockon","Steam Power"],"picked":"Conserve Battery+1","floor":24.0},{"not_picked":["Steam","Ball Lightning","Conserve Battery","Turbo+1"],"picked":"SKIP","floor":27.0},{"not_picked":["Melter","Reboot","Hyperbeam","Steam"],"picked":"SKIP","floor":31.0},{"not_picked":["Machine Learning","Multi-Cast","Seek"],"picked":"Echo Form","floor":33.0},{"not_picked":["Rebound","Go for the Eyes","Turbo+1"],"picked":"White Noise","floor":35.0},{"not_picked":["Ball Lightning","Redo+1","Sunder","Conserve Battery"],"picked":"SKIP","floor":38.0},{"not_picked":["Redo","Conserve Battery","Rebound"],"picked":"Capacitor","floor":40.0},{"not_picked":["Beam Cell","Compile Driver","Turbo"],"picked":"Echo Form","floor":42.0},{"not_picked":["Aggregate","Compile Driver+1","Hello World","Scrape+1"],"picked":"SKIP","floor":44},{"not_picked":["Purity","Madness","Trip"],"picked":"PanicButton","floor":46}],"player_experience":420572,"relics_obtained":[{"floor":8.0,"key":"Pocketwatch"},{"floor":9.0,"key":"Meat on the Bone"},{"floor":14.0,"key":"Question Card"},{"floor":23.0,"key":"Juzu Bracelet"},{"floor":26.0,"key":"Kunai"},{"floor":31.0,"key":"Gremlin Horn"},{"floor":37.0,"key":"Dream Catcher"},{"floor":40.0,"key":"Mercury Hourglass"},{"floor":42.0,"key":"Boot"},{"floor":43.0,"key":"Molten Egg 2"},{"floor":44,"key":"Dodecahedron"}],"event_choices":[{"cards_removed":["Strike_B"],"damage_healed":0.0,"max_hp_gain":0.0,"max_hp_loss":0.0,"gold_gain":0.0,"event_name":"Golden Wing","player_choice":"Card Removal","floor":4.0,"gold_loss":0.0,"damage_taken":7.0},{"damage_healed":0.0,"max_hp_gain":0.0,"max_hp_loss":0.0,"gold_gain":0.0,"event_name":"Liars Game","player_choice":"Ignored","floor":7.0,"gold_loss":0.0,"damage_taken":0.0},{"damage_healed":0.0,"max_hp_gain":0.0,"max_hp_loss":0.0,"gold_gain":0.0,"cards_transformed":["Strike_B","Strike_B"],"event_name":"Drug Dealer","player_choice":"Became Test Subject","floor":21.0,"gold_loss":0.0,"damage_taken":0.0,"cards_obtained":["Self Repair","Double Energy"]},{"damage_healed":0.0,"max_hp_gain":0.0,"max_hp_loss":0.0,"gold_gain":0.0,"event_name":"The Mausoleum","player_choice":"Opened","floor":22.0,"gold_loss":0.0,"damage_taken":0.0,"relics_obtained":["Bag of Preparation"],"cards_obtained":["Writhe"]},{"damage_healed":0.0,"max_hp_gain":0.0,"max_hp_loss":0.0,"gold_gain":0.0,"event_name":"The Joust","player_choice":"Bet on Murderer","floor":25.0,"gold_loss":50.0,"damage_taken":0.0},{"damage_healed":0.0,"max_hp_gain":0.0,"max_hp_loss":0.0,"gold_gain":50.0,"event_name":"Golden Shrine","player_choice":"Pray","floor":29.0,"gold_loss":0.0,"damage_taken":0.0},{"damage_healed":0.0,"max_hp_gain":0.0,"max_hp_loss":4.0,"gold_gain":0.0,"event_name":"Winding Halls","player_choice":"Max HP","floor":39.0,"gold_loss":0.0,"damage_taken":0.0},{"damage_healed":0,"gold_gain":0,"cards_transformed":["Streamline"],"player_choice":"Transformed","damage_taken":0,"max_hp_gain":0,"max_hp_loss":0,"event_name":"Transmorgrifier","floor":45,"gold_loss":0,"cards_obtained":["Reprogram"]},{"damage_healed":0,"gold_gain":0,"player_choice":"Memory 1","damage_taken":0,"max_hp_gain":0,"max_hp_loss":0,"event_name":"SensoryStone","floor":46,"gold_loss":0},{"damage_healed":0,"gold_gain":0,"player_choice":"Upgraded","damage_taken":0,"max_hp_gain":0,"max_hp_loss":0,"event_name":"Upgrade Shrine","floor":47,"gold_loss":0,"cards_upgraded":["Coolheaded"]},{"damage_healed":44,"gold_gain":0,"player_choice":"Heal","damage_taken":0,"max_hp_gain":0,"max_hp_loss":0,"event_name":"MindBloom","floor":48,"gold_loss":0,"cards_obtained":["Doubt"]}],"is_beta":false,"boss_relics":[{"not_picked":["Tiny House","Black Star"],"picked":"Ectoplasm"},{"not_picked":["Eternal Feather","Fusion Hammer"],"picked":"Empty Cage"}],"items_purged_floors":[3],"is_endless":false,"potions_floor_spawned":[2,10,11,16,23,27,40],"killed_by":"Awakened One","ascension_level":19}