{"gold_per_floor":[114,58,58,68,78,109,129,129,129,164,164,32,32,32,32,32],"floor_reached":16,"playtime":408,"items_purged":["Strike_G"],"score":211,"play_id":"a03d3e7b-c173-4971-87f1-a8f49bbd376d","local_time":"20190515110441","is_ascension_mode":true,"campfire_choices":[{"data":"Footwork","floor":8.0,"key":"SMITH"},{"data":"Deadly Poison","floor":13,"key":"SMITH"},{"data":"Footwork","floor":15,"key":"SMITH"}],"neow_cost":"NONE","seed_source_timestamp":402868727971064,"circlet_count":0,"master_deck":["AscendersBane","Defend_G","Defend_G","Defend_G","Defend_G","Defend_G","Strike_G","Strike_G","Survivor","Neutralize","Dagger Spray","Footwork+1","Footwork+1","Escape Plan","Backstab","Die Die Die","Deadly Poison+1","Dodge and Roll"],"special_seed":0,"relics":["Ring of the Snake","Art of War","Juzu Bracelet","Pear"],"potions_floor_usage":[10],"damage_taken":[{"damage":3.0,"enemies":"Jaw Worm","floor":1.0,"turns":7.0},{"damage":2.0,"enemies":"Cultist","floor":4.0,"turns":4.0},{"damage":0.0,"enemies":"2 Louse","floor":5.0,"turns":3.0},{"damage":12.0,"enemies":"3 Sentries","floor":6.0,"turns":8.0},{"damage":0.0,"enemies":"2 Fungi Beasts","floor":7.0,"turns":3.0},{"damage":26,"enemies":"Lagavulin","floor":10,"turns":9},{"damage":30,"enemies":"Hexaghost","floor":16,"turns":12}],"seed_played":"-4715492072498585427","potions_obtained":[{"floor":4.0,"key":"AttackPotion"},{"floor":5.0,"key":"Explosive Potion"},{"floor":6.0,"key":"FearPotion"}],"is_trial":false,"path_per_floor":["M","$","?","M","M","E","M","R","T","E","?","$","R","?","R","B"],"character_chosen":"THE_SILENT","items_purchased":["AttackPotion","Dodge and Roll"],"campfire_rested":0,"item_purchase_floors":[2,12],"current_hp_per_floor":[56,56,56,54,54,42,42,42,42,26,26,26,26,26,26,0],"gold":32,"neow_bonus":"REMOVE_CARD","is_prod":false,"is_daily":false,"chose_seed":false,"campfire_upgraded":3,"win_rate":0,"timestamp":1557932681,"path_taken":["M","$","?","M","?","E","M","R","T","E","?","$","R","?","R","BOSS"],"build_version":"2019-01-23","purchased_purges":1,"victory":false,"max_hp_per_floor":[66,66,66,66,66,66,66,66,66,76,76,76,76,76,76,76],"card_choices":[{"not_picked":["Deflect","Underhanded Strike"],"picked":"Dagger Spray","floor":1.0},{"not_picked":["Eviscerate","Blade Dance"],"picked":"Footwork","floor":4.0},{"not_picked":["Bane","Tactician"],"picked":"Escape Plan","floor":5.0},{"not_picked":["Blade Dance","Deflect"],"picked":"Backstab","floor":6.0},{"not_picked":["Prepared","Expertise"],"picked":"Die Die Die","floor":7.0},{"not_picked":["Backflip","Dagger Spray"],"picked":"Deadly Poison","floor":10}],"player_experience":367011,"relics_obtained":[{"floor":6.0,"key":"Art of War"},{"floor":9.0,"key":"Juzu Bracelet"},{"floor":10,"key":"Pear"}],"event_choices":[{"damage_healed":0.0,"max_hp_gain":0.0,"max_hp_loss":0.0,"gold_gain":0.0,"cards_transformed":["Strike_G"],"event_name":"Transmorgrifier","player_choice":"Transformed","floor":3.0,"gold_loss":0.0,"damage_taken":0.0,"cards_obtained":["Footwork"]},{"damage_healed":0,"gold_gain":0,"player_choice":"Ignored","damage_taken":0,"max_hp_gain":0,"max_hp_loss":0,"event_name":"Shining Light","floor":11,"gold_loss":0},{"damage_healed":0,"gold_gain":0,"player_choice":"Ignored","damage_taken":0,"max_hp_gain":0,"max_hp_loss":0,"event_name":"Liars Game","floor":14,"gold_loss":0}],"is_beta":false,"boss_relics":[],"items_purged_floors":[12],"is_endless":false,"potions_floor_spawned":[4,5,6],"killed_by":"Hexaghost","ascension_level":19}