{"gold_per_floor":[219,231,20,20,36,36,66,66,66,66,85,111,131,166,166,269,269,269,269,269,269,269,269,269,269,269,269,269,269,269,269,269,269,269,269,269,40,40,40,40,40,40,40,40,16,16,16,16,16,16,16,16,16,16,16],"floor_reached":56,"playtime":4349,"items_purged":["Strike_R"],"score":1246,"play_id":"c85d8c08-5e7a-44d3-825a-098d284fdca5","local_time":"20190902212856","is_ascension_mode":false,"campfire_choices":[{"data":"Limit Break","floor":6,"key":"SMITH"},{"data":"Armaments","floor":8,"key":"SMITH"},{"floor":15,"key":"RECALL"},{"data":"Flame Barrier","floor":23,"key":"SMITH"},{"data":"Pommel Strike","floor":25,"key":"SMITH"},{"data":"Bash","floor":32,"key":"SMITH"},{"data":"Inflame","floor":40,"key":"SMITH"},{"data":"Offering","floor":44,"key":"SMITH"},{"data":"Heavy Blade","floor":49,"key":"SMITH"},{"data":"Spot Weakness","floor":52,"key":"SMITH"}],"neow_cost":"NONE","seed_source_timestamp":3281007677622596,"circlet_count":0,"master_deck":["Strike_R","Strike_R","Strike_R","Defend_R","Defend_R","Defend_R","Defend_R","Bash+1","Armaments+1","Headbutt","Limit Break+1","Spot Weakness+1","Inflame+1","Feed","Pommel Strike+1","Bludgeon","Shrug It Off+1","Flame Barrier+1","Reaper","Pommel Strike+1","True Grit+1","Evolve+1","Offering+1","Heavy Blade+1","Warcry"],"relics":["Burning Blood","Anchor","FossilizedHelix","Ectoplasm","Nloth\u0027s Gift","Happy Flower","MutagenicStrength","Mark of Pain","PreservedInsect","Boot","Question Card","Bird Faced Urn","Pen Nib","Thread and Needle"],"potions_floor_usage":[21,55,55],"damage_taken":[{"damage":0,"enemies":"2 Louse","floor":1,"turns":4},{"damage":6,"enemies":"Jaw Worm","floor":2,"turns":3},{"damage":6,"enemies":"Cultist","floor":5,"turns":3},{"damage":23,"enemies":"Lagavulin","floor":7,"turns":7},{"damage":16,"enemies":"Exordium Thugs","floor":11,"turns":5},{"damage":0,"enemies":"2 Fungi Beasts","floor":13,"turns":5},{"damage":24,"enemies":"3 Sentries","floor":14,"turns":7},{"damage":25,"enemies":"The Guardian","floor":16,"turns":8},{"damage":0,"enemies":"Spheric Guardian","floor":18,"turns":3},{"damage":0,"enemies":"Chosen","floor":20,"turns":4},{"damage":9,"enemies":"Shelled Parasite and Fungi","floor":21,"turns":6},{"damage":16,"enemies":"Cultist and Chosen","floor":24,"turns":5},{"damage":0,"enemies":"Centurion and Healer","floor":27,"turns":6},{"damage":15,"enemies":"Shelled Parasite and Fungi","floor":28,"turns":5},{"damage":0,"enemies":"Cultist and Chosen","floor":29,"turns":4},{"damage":14,"enemies":"Snake Plant","floor":31,"turns":4},{"damage":48,"enemies":"Champ","floor":33,"turns":8},{"damage":28,"enemies":"3 Darklings","floor":35,"turns":9},{"damage":0,"enemies":"Orb Walker","floor":36,"turns":2},{"damage":0,"enemies":"3 Darklings","floor":38,"turns":5},{"damage":37,"enemies":"Spire Growth","floor":39,"turns":5},{"damage":44,"enemies":"Reptomancer","floor":42,"turns":7},{"damage":15,"enemies":"2 Orb Walkers","floor":46,"turns":4},{"damage":0,"enemies":"Giant Head","floor":47,"turns":4},{"damage":22,"enemies":"Maw","floor":48,"turns":8},{"damage":62,"enemies":"Donu and Deca","floor":50,"turns":6},{"damage":12,"enemies":"Shield and Spear","floor":54,"turns":3},{"damage":90,"enemies":"The Heart","floor":55,"turns":5}],"seed_played":"6144637072644957072","potions_obtained":[{"floor":1,"key":"Dexterity Potion"},{"floor":5,"key":"Swift Potion"},{"floor":11,"key":"BloodPotion"},{"floor":14,"key":"Fire Potion"},{"floor":22,"key":"Fire Potion"},{"floor":33,"key":"SteroidPotion"}],"is_trial":false,"path_per_floor":["M","M","$","?","M","R","E","R","T","?","M","T","M","E","R","B",null,"M","?","M","M","?","R","M","R","T","M","M","M","?","M","R","B",null,"M","M","$","M","M","R","?","E","T","R","$","?","E","M","R","B",null,"R","$","E","B",null],"character_chosen":"IRONCLAD","items_purchased":["Limit Break","Spot Weakness","PreservedInsect","Heavy Blade"],"campfire_rested":0,"item_purchase_floors":[3,3,37,45],"current_hp_per_floor":[80,80,80,85,85,85,82,82,82,82,75,75,85,70,70,51,109,109,109,109,106,106,106,96,96,96,112,115,119,119,111,111,84,119,119,119,119,122,91,91,91,107,107,107,107,98,108,115,115,111,128,128,128,122,42],"gold":16,"neow_bonus":"HUNDRED_GOLD","is_prod":false,"is_daily":false,"chose_seed":false,"campfire_upgraded":9,"win_rate":0,"timestamp":1567452536,"path_taken":["M","M","$","?","M","R","E","R","T","?","?","?","M","E","R","BOSS","M","?","M","?","?","R","?","R","T","M","M","M","?","M","R","BOSS","M","M","$","M","M","R","?","E","T","R","?","?","E","M","R","BOSS","R","$","E","BOSS"],"build_version":"2019-07-17","purchased_purges":1,"victory":true,"max_hp_per_floor":[80,80,80,85,85,85,99,99,99,99,102,102,106,109,109,109,109,109,109,109,109,109,109,109,109,109,112,115,119,119,119,119,119,119,119,119,119,122,122,122,122,122,122,122,122,122,122,125,125,128,128,128,128,128,128],"card_choices":[{"not_picked":["Rage","Iron Wave"],"picked":"Armaments","floor":1},{"not_picked":["Evolve","Thunderclap"],"picked":"Headbutt","floor":2},{"not_picked":["True Grit","Body Slam"],"picked":"Inflame","floor":5},{"not_picked":["Spot Weakness","Perfected Strike"],"picked":"Feed","floor":7},{"not_picked":["Havoc","Intimidate","Twin Strike"],"picked":"SKIP","floor":11},{"not_picked":["Whirlwind","Clothesline","Pummel"],"picked":"SKIP","floor":13},{"not_picked":["Seeing Red","Immolate"],"picked":"Pommel Strike","floor":14},{"not_picked":["Impervious","Brutality"],"picked":"Bludgeon","floor":16},{"not_picked":["Corruption+1","True Grit"],"picked":"Shrug It Off+1","floor":18},{"not_picked":["Flex","Bloodletting","Iron Wave"],"picked":"SKIP","floor":20},{"not_picked":["Headbutt","Intimidate"],"picked":"Flame Barrier","floor":21},{"not_picked":["Entrench+1","Corruption+1"],"picked":"Reaper","floor":24},{"not_picked":["Flex","Sword Boomerang+1","Blood for Blood"],"picked":"SKIP","floor":27},{"not_picked":["Spot Weakness","Burning Pact+1"],"picked":"Pommel Strike+1","floor":28},{"not_picked":["Dropkick+1","Entrench","Immolate"],"picked":"SKIP","floor":29},{"not_picked":["Sword Boomerang","Perfected Strike","Whirlwind"],"picked":"SKIP","floor":31},{"not_picked":["Power Through+1","Infernal Blade+1","Clash"],"picked":"SKIP","floor":35},{"not_picked":["Exhume","Bloodletting+1"],"picked":"True Grit+1","floor":36},{"not_picked":["Rage","Twin Strike"],"picked":"Evolve+1","floor":38},{"not_picked":["Havoc","Combust","Pommel Strike+1"],"picked":"SKIP","floor":39},{"not_picked":["Dark Embrace","Feed"],"picked":"Offering","floor":42},{"not_picked":["Demon Form","Inflame+1","Battle Trance+1","Infernal Blade+1"],"picked":"SKIP","floor":47},{"not_picked":["Sword Boomerang","Thunderclap","Pommel Strike+1","Cleave+1"],"picked":"SKIP","floor":48},{"not_picked":["Thunderclap+1","Demon Form","Shrug It Off"],"picked":"Warcry","floor":54}],"player_experience":48630,"relics_obtained":[{"floor":7,"key":"Mango"},{"floor":12,"key":"Anchor"},{"floor":14,"key":"FossilizedHelix"},{"floor":26,"key":"Happy Flower"},{"floor":42,"key":"Boot"},{"floor":43,"key":"Question Card"},{"floor":46,"key":"Bird Faced Urn"},{"floor":47,"key":"Pen Nib"},{"floor":54,"key":"Thread and Needle"}],"event_choices":[{"damage_healed":0,"gold_gain":0,"player_choice":"Donut","damage_taken":0,"max_hp_gain":5,"max_hp_loss":0,"event_name":"Big Fish","floor":4,"gold_loss":0},{"damage_healed":0,"gold_gain":0,"player_choice":"Bought 0 Potions","damage_taken":0,"max_hp_gain":0,"max_hp_loss":0,"event_name":"The Woman in Blue","floor":10,"gold_loss":0},{"damage_healed":0,"gold_gain":0,"player_choice":"Traded Relic","damage_taken":0,"relics_obtained":["Nloth\u0027s Gift"],"max_hp_gain":0,"max_hp_loss":0,"event_name":"N\u0027loth","floor":19,"relics_lost":["Mango"],"gold_loss":0},{"damage_healed":0,"gold_gain":0,"player_choice":"Got Potions","damage_taken":0,"max_hp_gain":0,"max_hp_loss":0,"event_name":"Lab","floor":22,"gold_loss":0},{"damage_healed":0,"gold_gain":0,"player_choice":"Inject Mutagens","damage_taken":0,"relics_obtained":["MutagenicStrength"],"max_hp_gain":0,"max_hp_loss":0,"event_name":"Drug Dealer","floor":30,"gold_loss":0},{"cards_removed":["Strike_R"],"damage_healed":0,"gold_gain":0,"player_choice":"Purged","damage_taken":0,"max_hp_gain":0,"max_hp_loss":0,"event_name":"Purifier","floor":41,"gold_loss":0},{"damage_healed":0,"gold_gain":0,"player_choice":"Fight","damage_taken":0,"max_hp_gain":0,"max_hp_loss":0,"event_name":"Mysterious Sphere","floor":46,"gold_loss":0}],"is_beta":false,"boss_relics":[{"not_picked":["Tiny House","Astrolabe"],"picked":"Ectoplasm"},{"not_picked":["Coffee Dripper","Fusion Hammer"],"picked":"Mark of Pain"}],"items_purged_floors":[37],"is_endless":false,"potions_floor_spawned":[1,5,11,14,16,24,29,31,33,36,39,42],"ascension_level":0}