{"gold_per_floor":[110,125,139,149,149,149,149,174,174,174,174,174,174,186,186,287,287,297,316,5,15,28,28,46,59,59,59,75,75,75,95,95,95],"floor_reached":33,"playtime":2776,"items_purged":[],"score":266,"play_id":"019cfda2-d603-498d-96e0-ad2422b3d6a1","local_time":"20190829170639","is_ascension_mode":false,"campfire_choices":[{"data":"Envenom","floor":6,"key":"SMITH"},{"data":"Cloak And Dagger","floor":10,"key":"SMITH"},{"data":"Backflip","floor":11,"key":"SMITH"},{"floor":13,"key":"REST"},{"data":"Sucker Punch","floor":15,"key":"SMITH"},{"data":"Sucker Punch","floor":23,"key":"SMITH"},{"floor":27,"key":"REST"},{"floor":30,"key":"REST"},{"floor":32,"key":"REST"}],"neow_cost":"PERCENT_DAMAGE","seed_source_timestamp":505050912670982,"circlet_count":0,"master_deck":["Survivor","Neutralize+1","Envenom+1","Cloak And Dagger+1","Cloak And Dagger+1","Backflip+1","Backflip+1","Sucker Punch+1","Tools of the Trade","Dagger Spray","Riddle With Holes","Doppelganger","Die Die Die","Night Terror","Escape Plan","Crippling Poison","Well Laid Plans","Quick Slash","Skewer","Cloak And Dagger","Cloak And Dagger","Bane","Escape Plan","Sucker Punch+1","Flying Knee","Blade Dance+1","Blur+1","Dagger Spray"],"relics":["Ring of the Snake","Anchor","WingedGreaves","Pandora\u0027s Box","Bottled Tornado","Bottled Flame","MutagenicStrength"],"potions_floor_usage":[16,18,22,28,33],"damage_taken":[{"damage":1,"enemies":"Cultist","floor":1,"turns":5},{"damage":0,"enemies":"Small Slimes","floor":2,"turns":5},{"damage":1,"enemies":"Jaw Worm","floor":3,"turns":5},{"damage":2,"enemies":"2 Fungi Beasts","floor":4,"turns":5},{"damage":0,"enemies":"Looter","floor":14,"turns":3},{"damage":7,"enemies":"Hexaghost","floor":16,"turns":12},{"damage":1,"enemies":"Chosen","floor":18,"turns":5},{"damage":3,"enemies":"2 Thieves","floor":19,"turns":5},{"damage":0,"enemies":"Chosen and Byrds","floor":21,"turns":5},{"damage":15,"enemies":"Snake Plant","floor":22,"turns":5},{"damage":8,"enemies":"Shelled Parasite and Fungi","floor":24,"turns":7},{"damage":27,"enemies":"Chosen and Byrds","floor":25,"turns":5},{"damage":25,"enemies":"Centurion and Healer","floor":28,"turns":7},{"damage":4,"enemies":"Snecko","floor":31,"turns":4},{"damage":70,"enemies":"Collector","floor":33,"turns":11}],"seed_played":"-5755133823302915207","potions_obtained":[{"floor":1,"key":"Weak Potion"},{"floor":4,"key":"Fire Potion"},{"floor":16,"key":"SpeedPotion"},{"floor":18,"key":"GamblersBrew"},{"floor":19,"key":"FairyPotion"},{"floor":28,"key":"Ancient Potion"}],"is_trial":false,"path_per_floor":["M","M","M","M","?","R","?","T","T","R","R","?","R","M","R","B",null,"M","M","$","M","M","R","M","M","T","R","M","?","R","M","R","B"],"character_chosen":"THE_SILENT","items_purchased":["Bottled Tornado","Bane"],"campfire_rested":4,"item_purchase_floors":[20,20],"current_hp_per_floor":[48,48,47,45,31,31,31,31,31,31,31,31,52,52,52,45,70,69,66,66,66,51,51,43,16,16,37,12,12,33,29,50,0],"gold":95,"neow_bonus":"THREE_RARE_CARDS","is_prod":false,"is_daily":false,"chose_seed":false,"campfire_upgraded":5,"win_rate":0,"timestamp":1567091199,"path_taken":["M","M","?","M","?","R","?","?","T","R","R","?","R","M","R","BOSS","M","M","$","M","M","R","M","M","T","R","M","?","R","M","R","BOSS"],"build_version":"2019-06-28","purchased_purges":0,"victory":false,"max_hp_per_floor":[70,70,70,70,70,70,70,70,70,70,70,70,70,70,70,70,70,70,70,70,70,70,70,70,70,70,70,70,70,70,70,70,70],"card_choices":[{"not_picked":["Malaise","Unload"],"picked":"Envenom","floor":0},{"not_picked":["Noxious Fumes","Backflip"],"picked":"Cloak And Dagger","floor":1},{"not_picked":["Distraction","Well Laid Plans"],"picked":"Cloak And Dagger","floor":2},{"not_picked":["Underhanded Strike","Slice"],"picked":"Backflip","floor":3},{"not_picked":["All Out Attack","Dodge and Roll"],"picked":"Backflip","floor":4},{"not_picked":["Poisoned Stab","Bullet Time"],"picked":"Sucker Punch","floor":14},{"not_picked":["Glass Knife","Die Die Die"],"picked":"Tools of the Trade","floor":16},{"not_picked":["Expertise+1","Flying Knee"],"picked":"Cloak And Dagger","floor":18},{"not_picked":["Infinite Blades","Blade Dance+1"],"picked":"Cloak And Dagger","floor":19},{"not_picked":["Skewer","Blade Dance"],"picked":"Escape Plan","floor":21},{"not_picked":["Expertise","Slice"],"picked":"Sucker Punch","floor":22},{"not_picked":["Flechettes","Underhanded Strike"],"picked":"Flying Knee","floor":24},{"not_picked":["Endless Agony","Prepared"],"picked":"Blade Dance+1","floor":25},{"not_picked":["Acrobatics+1","Terror"],"picked":"Blur+1","floor":28},{"not_picked":["Slice","Venomology"],"picked":"Dagger Spray","floor":31}],"player_experience":146643,"relics_obtained":[{"floor":8,"key":"Anchor"},{"floor":9,"key":"WingedGreaves"},{"floor":26,"key":"Bottled Flame"}],"event_choices":[{"damage_healed":0,"gold_gain":0,"player_choice":"Entered Light","damage_taken":14,"max_hp_gain":0,"max_hp_loss":0,"event_name":"Shining Light","floor":5,"gold_loss":0,"cards_upgraded":["Neutralize","Backflip"]},{"damage_healed":0,"gold_gain":0,"player_choice":"Ignored","damage_taken":0,"max_hp_gain":0,"max_hp_loss":0,"event_name":"Golden Wing","floor":7,"gold_loss":0},{"damage_healed":0,"gold_gain":0,"player_choice":"Grow","damage_taken":0,"max_hp_gain":0,"max_hp_loss":0,"event_name":"Living Wall","floor":12,"gold_loss":0,"cards_upgraded":["Cloak And Dagger"]},{"damage_healed":0,"gold_gain":0,"player_choice":"Inject Mutagens","damage_taken":0,"relics_obtained":["MutagenicStrength"],"max_hp_gain":0,"max_hp_loss":0,"event_name":"Drug Dealer","floor":29,"gold_loss":0}],"is_beta":true,"boss_relics":[{"not_picked":["Empty Cage","Sozu"],"picked":"Pandora\u0027s Box"}],"items_purged_floors":[],"is_endless":false,"potions_floor_spawned":[1,4,16,18,19,28],"killed_by":"Collector","ascension_level":0}