{"gold_per_floor":[111,162,249,261,273,285,317,329,341,363,375,387,417,453,465,572,584,619,631,643,655,627],"floor_reached":22,"playtime":1002,"items_purged":[],"score":340,"play_id":"fe101d9d-bbd2-4e27-a79d-93aec951cca7","local_time":"20190315023305","is_ascension_mode":true,"campfire_choices":[{"floor":6,"key":"RECALL"},{"data":"Sunder","floor":12,"key":"SMITH"},{"data":"Loop","floor":15,"key":"SMITH"}],"neow_cost":"NONE","seed_source_timestamp":124780040040633,"circlet_count":0,"master_deck":["AscendersBane","Strike_B+1","Strike_B","Strike_B","Strike_B+1","Defend_B","Defend_B","Defend_B","Defend_B","Zap","Dualcast","Meteor Strike","Glacier","Loop+1","Sunder+1","Steam","Echo Form","Consume"],"relics":["Cracked Core","MawBank","Pantograph","Golden Idol","Strawberry","Inserter"],"potions_floor_usage":[13,16],"damage_taken":[{"damage":0,"enemies":"Cultist","floor":1,"turns":3},{"damage":13,"enemies":"Jaw Worm","floor":7,"turns":4},{"damage":3,"enemies":"2 Louse","floor":10,"turns":2},{"damage":0,"enemies":"Large Slime","floor":13,"turns":4},{"damage":24,"enemies":"Slime Boss","floor":16,"turns":11},{"damage":29,"enemies":"3 Byrds","floor":18,"turns":8},{"damage":28,"enemies":"Colosseum Slavers","floor":19,"turns":4},{"damage":11,"enemies":"2 Thieves","floor":22,"turns":1}],"seed_played":"3081874186706470099","potions_obtained":[{"floor":1,"key":"Block Potion"},{"floor":7,"key":"Poison Potion"}],"is_trial":false,"path_per_floor":["M","T","?","$","$","R","M","?","T","M","?","R","M","T","R","B",null,"M","?","$","?","M"],"character_chosen":"DEFECT","items_purchased":[],"campfire_rested":0,"item_purchase_floors":[],"current_hp_per_floor":[64,64,53,53,53,53,40,19,19,16,16,16,16,23,23,24,59,30,2,2,2,0],"gold":627,"neow_bonus":"ONE_RANDOM_RARE_CARD","is_prod":false,"is_daily":false,"chose_seed":false,"campfire_upgraded":2,"win_rate":0,"timestamp":1552642385,"path_taken":["M","?","?","?","$","R","M","?","T","M","?","R","M","?","R","BOSS","M","?","$","?","M"],"build_version":"2019-02-06","purchased_purges":0,"victory":false,"max_hp_per_floor":[71,71,71,71,71,71,71,71,71,71,64,64,64,71,71,71,71,71,71,71,71,71],"card_choices":[{"not_picked":["Tempest","Skim"],"picked":"Glacier","floor":1},{"not_picked":["Sweeping Beam","Conserve Battery"],"picked":"Loop","floor":7},{"not_picked":["Coolheaded","Steam"],"picked":"Sunder","floor":10},{"not_picked":["Cold Snap","Leap"],"picked":"Steam","floor":13},{"not_picked":["Fission","Core Surge"],"picked":"Echo Form","floor":16},{"not_picked":["Loop","Doom and Gloom"],"picked":"Consume","floor":18}],"player_experience":2783660,"relics_obtained":[{"floor":2,"key":"MawBank"},{"floor":9,"key":"Pantograph"},{"floor":14,"key":"Strawberry"}],"event_choices":[{"damage_healed":0,"gold_gain":75,"player_choice":"Gather Gold","damage_taken":11,"max_hp_gain":0,"max_hp_loss":0,"event_name":"World of Goop","floor":3,"gold_loss":0},{"damage_healed":0,"gold_gain":0,"player_choice":"Entered Light","damage_taken":21,"max_hp_gain":0,"max_hp_loss":0,"event_name":"Shining Light","floor":8,"gold_loss":0,"cards_upgraded":["Strike_B","Strike_B"]},{"damage_healed":0,"gold_gain":0,"player_choice":"Lose Max HP","damage_taken":0,"relics_obtained":["Golden Idol"],"max_hp_gain":0,"max_hp_loss":7,"event_name":"Golden Idol","floor":11,"gold_loss":0},{"damage_healed":0,"gold_gain":0,"player_choice":"Fight","damage_taken":0,"max_hp_gain":0,"max_hp_loss":0,"event_name":"Colosseum","floor":19,"gold_loss":0},{"damage_healed":0,"gold_gain":0,"player_choice":"Fled From Nobs","damage_taken":0,"max_hp_gain":0,"max_hp_loss":0,"event_name":"Colosseum","floor":19,"gold_loss":0},{"damage_healed":0,"gold_gain":0,"player_choice":"Ignored","damage_taken":0,"max_hp_gain":0,"max_hp_loss":0,"event_name":"Vampires","floor":21,"gold_loss":0}],"is_beta":true,"boss_relics":[{"not_picked":["Coffee Dripper","Philosopher\u0027s Stone"],"picked":"Inserter"}],"items_purged_floors":[],"is_endless":false,"potions_floor_spawned":[1,7,19],"killed_by":"2 Thieves","ascension_level":20}