{"gold_per_floor":[360,133,147,43,55,86,86,104,174,186,215,215,229,249,249,328,328,342,356,356,356,373,430,109,133,168,180,192,204,243,255,267,279],"floor_reached":33,"playtime":872,"items_purged":[],"score":740,"play_id":"ddc96a07-6d74-474f-8576-13c8daeedf95","local_time":"20190815130803","is_ascension_mode":true,"campfire_choices":[{"floor":7.0,"key":"REST"},{"data":"Loop","floor":15.0,"key":"SMITH"},{"floor":27.0,"key":"REST"},{"data":"Multi-Cast","floor":29.0,"key":"SMITH"},{"floor":32.0,"key":"REST"}],"neow_cost":"PERCENT_DAMAGE","seed_source_timestamp":141918913519291,"circlet_count":0,"master_deck":["AscendersBane","Zap","Dualcast","Undo","Coolheaded","Streamline","Genetic Algorithm","Gash","Rip and Tear","Loop+1","Leap","Ball Lightning","Electrodynamics","Core Surge","Sunder","Redo","Cold Snap","Doom and Gloom","Hologram","Electrodynamics","Undo","Redo","Gash","Genetic Algorithm","Self Repair","Capacitor","Multi-Cast+1","Writhe"],"special_seed":0,"relics":["Cracked Core","Chemical X","Du-Vu Doll","Symbiotic Virus","Potion Belt","Pandora\u0027s Box","Tiny Chest","OrangePellets","MawBank","Juzu Bracelet","Orichalcum","Toxic Egg 2"],"potions_floor_usage":[33,33],"damage_taken":[{"damage":0.0,"enemies":"Small Slimes","floor":1.0,"turns":2.0},{"damage":1.0,"enemies":"2 Louse","floor":3.0,"turns":4.0},{"damage":0.0,"enemies":"Jaw Worm","floor":5.0,"turns":5.0},{"damage":18.0,"enemies":"Gremlin Nob","floor":6.0,"turns":4.0},{"damage":12.0,"enemies":"Large Slime","floor":8.0,"turns":8.0},{"damage":11.0,"enemies":"Lots of Slimes","floor":10.0,"turns":6.0},{"damage":13.0,"enemies":"3 Sentries","floor":11.0,"turns":6.0},{"damage":0.0,"enemies":"Blue Slaver","floor":13.0,"turns":4.0},{"damage":8.0,"enemies":"Red Slaver","floor":14.0,"turns":3.0},{"damage":0.0,"enemies":"Hexaghost","floor":16.0,"turns":7.0},{"damage":11.0,"enemies":"Spheric Guardian","floor":18.0,"turns":3.0},{"damage":16.0,"enemies":"Chosen","floor":19.0,"turns":4.0},{"damage":17.0,"enemies":"Snecko","floor":22.0,"turns":5.0},{"damage":0.0,"enemies":"Slavers","floor":23.0,"turns":4.0},{"damage":41.0,"enemies":"Book of Stabbing","floor":30.0,"turns":4.0},{"damage":42,"enemies":"Automaton","floor":33,"turns":6}],"seed_played":"-182831631363234072","potions_obtained":[{"floor":1.0,"key":"EssenceOfSteel"},{"floor":3.0,"key":"SkillPotion"},{"floor":6.0,"key":"Regen Potion"},{"floor":8.0,"key":"FocusPotion"},{"floor":13.0,"key":"FocusPotion"},{"floor":19.0,"key":"Explosive Potion"},{"floor":22.0,"key":"SkillPotion"},{"floor":30.0,"key":"PowerPotion"}],"is_trial":false,"path_per_floor":["M","$","M","$","M","E","R","M","T","M","E","?","M","M","R","B",null,"M","M","?","?","M","E","$","T","T","R","?","R","E","?","R","B"],"character_chosen":"DEFECT","items_purchased":["Chemical X","Streamline","Genetic Algorithm","OrangePellets","Capacitor","PowerPotion"],"campfire_rested":3,"item_purchase_floors":[2,4,4,24,24,24],"current_hp_per_floor":[46,46,45,45,45,27,48,36,36,40,27,27,27,19,19,19,58,47,31,31,45,28,28,28,28,28,49,49,49,8,8,29,0],"gold":279,"neow_bonus":"TWO_FIFTY_GOLD","is_prod":false,"is_daily":false,"chose_seed":false,"campfire_upgraded":2,"win_rate":0,"timestamp":1565888883,"path_taken":["M","$","M","$","M","E","R","M","T","M","E","?","M","M","R","BOSS","M","M","?","?","M","E","$","?","T","R","?","R","E","?","R","BOSS"],"build_version":"2019-07-17","purchased_purges":0,"victory":false,"max_hp_per_floor":[71,71,71,71,71,71,71,71,71,71,71,71,71,71,71,71,71,71,71,71,71,71,71,71,71,71,71,71,71,71,71,71,71],"card_choices":[{"not_picked":["Turbo","Darkness"],"picked":"Undo","floor":1.0},{"not_picked":["Barrage","Reprogram"],"picked":"Coolheaded","floor":3.0},{"not_picked":["Steam","Stack"],"picked":"Gash","floor":5.0},{"not_picked":["Chaos","Stack","Melter"],"picked":"SKIP","floor":6.0},{"not_picked":["Beam Cell","Coolheaded"],"picked":"Rip and Tear","floor":8.0},{"not_picked":["Creative AI","Coolheaded"],"picked":"Loop","floor":10.0},{"not_picked":["Compile Driver","Turbo"],"picked":"Leap","floor":11.0},{"not_picked":["Barrage","Leap"],"picked":"Ball Lightning","floor":13.0},{"not_picked":["Rebound","Steam"],"picked":"Electrodynamics","floor":14.0},{"not_picked":["Thunder Strike","Buffer"],"picked":"Core Surge","floor":16.0},{"not_picked":["Beam Cell","Ball Lightning","Go for the Eyes"],"picked":"SKIP","floor":18.0},{"not_picked":["Recycle","Auto Shields"],"picked":"Undo","floor":19.0},{"not_picked":["Streamline+1","Rebound"],"picked":"Genetic Algorithm","floor":22.0},{"not_picked":["Rip and Tear","Double Energy"],"picked":"Self Repair","floor":23.0},{"not_picked":["Streamline","Ball Lightning","Auto Shields"],"picked":"SKIP","floor":30.0}],"player_experience":559944,"relics_obtained":[{"floor":6.0,"key":"Du-Vu Doll"},{"floor":9.0,"key":"Symbiotic Virus"},{"floor":11.0,"key":"Potion Belt"},{"floor":23.0,"key":"Tiny Chest"},{"floor":25.0,"key":"MawBank"},{"floor":26.0,"key":"Juzu Bracelet"},{"floor":30.0,"key":"Orichalcum"}],"event_choices":[{"damage_healed":0.0,"max_hp_gain":0.0,"max_hp_loss":0.0,"gold_gain":0.0,"event_name":"Dead Adventurer","player_choice":"Searched \u00270\u0027 times","floor":12.0,"gold_loss":0.0,"damage_taken":0.0},{"damage_healed":0.0,"max_hp_gain":0.0,"max_hp_loss":0.0,"gold_gain":0.0,"cards_transformed":["Double Energy","Turbo"],"event_name":"Drug Dealer","player_choice":"Became Test Subject","floor":20.0,"gold_loss":0.0,"damage_taken":0.0,"cards_obtained":["Redo","Gash"]},{"damage_healed":14.0,"max_hp_gain":0.0,"max_hp_loss":0.0,"gold_gain":0.0,"event_name":"The Library","player_choice":"Heal","floor":21.0,"gold_loss":0.0,"damage_taken":0.0},{"damage_healed":0.0,"max_hp_gain":0.0,"max_hp_loss":0.0,"gold_gain":0.0,"event_name":"Match and Keep!","player_choice":"1 cards matched","floor":28.0,"gold_loss":0.0,"damage_taken":0.0,"cards_obtained":["Multi-Cast"]},{"damage_healed":0.0,"max_hp_gain":0.0,"max_hp_loss":0.0,"gold_gain":0.0,"event_name":"The Mausoleum","player_choice":"Opened","floor":31.0,"gold_loss":0.0,"damage_taken":0.0,"relics_obtained":["Toxic Egg 2"],"cards_obtained":["Writhe"]}],"is_beta":false,"boss_relics":[{"not_picked":["Cursed Key","Busted Crown"],"picked":"Pandora\u0027s Box"}],"items_purged_floors":[],"is_endless":false,"potions_floor_spawned":[1,3,6,8,13,19,22,30],"killed_by":"Automaton","ascension_level":20}