{"gold_per_floor":[113,128,139,35,55,88,112,112],"floor_reached":8,"playtime":346,"items_purged":["Strike_G"],"score":116,"play_id":"5451d8b4-dd93-4cd0-b5c0-4a6ea52f1fd7","local_time":"20190831204436","is_ascension_mode":true,"campfire_choices":[],"neow_cost":"NONE","seed_source_timestamp":1290961524383452,"circlet_count":0,"master_deck":["AscendersBane","Strike_G","Strike_G","Strike_G","Strike_G","Defend_G","Defend_G","Defend_G","Defend_G","Defend_G","Survivor","Neutralize","Dagger Throw","Predator","Deadly Poison","Cloak And Dagger","PiercingWail","Bullet Time","PiercingWail"],"relics":["Ring of the Snake","Oddly Smooth Stone","Meat on the Bone","Odd Mushroom"],"potions_floor_usage":[6,8],"damage_taken":[{"damage":10,"enemies":"Cultist","floor":1,"turns":5},{"damage":0,"enemies":"Small Slimes","floor":2,"turns":4},{"damage":4,"enemies":"Jaw Worm","floor":3,"turns":3},{"damage":5,"enemies":"Lots of Slimes","floor":5,"turns":6},{"damage":29,"enemies":"Gremlin Nob","floor":6,"turns":4},{"damage":10,"enemies":"The Mushroom Lair","floor":7,"turns":6},{"damage":9,"enemies":"Lagavulin","floor":8,"turns":6}],"seed_played":"-5765472237578897135","potions_obtained":[{"floor":1,"key":"Weak Potion"},{"floor":6,"key":"GhostInAJar"}],"is_trial":false,"path_per_floor":["M","M","M","$","M","E","?","E"],"character_chosen":"THE_SILENT","items_purchased":["Cloak And Dagger"],"campfire_rested":0,"item_purchase_floors":[4],"current_hp_per_floor":[49,49,45,45,40,11,13,4],"gold":112,"neow_bonus":"RANDOM_COMMON_RELIC","is_prod":false,"is_daily":false,"chose_seed":false,"campfire_upgraded":0,"win_rate":0,"timestamp":1567298676,"path_taken":["M","?","M","$","?","E","?","E"],"build_version":"2019-07-17","purchased_purges":1,"victory":false,"max_hp_per_floor":[66,66,66,66,66,66,66,66],"card_choices":[{"not_picked":["Terror","Bane"],"picked":"Dagger Throw","floor":1},{"not_picked":["Setup","Outmaneuver"],"picked":"Predator","floor":2},{"not_picked":["Endless Agony","Catalyst"],"picked":"Deadly Poison","floor":3},{"not_picked":["Prepared","Acrobatics"],"picked":"PiercingWail","floor":5},{"not_picked":["Blade Dance","Endless Agony"],"picked":"Bullet Time","floor":6},{"not_picked":["Dodge and Roll","Flying Knee"],"picked":"PiercingWail","floor":7}],"player_experience":622766,"relics_obtained":[{"floor":6,"key":"Meat on the Bone"},{"floor":7,"key":"Odd Mushroom"}],"event_choices":[{"damage_healed":0,"gold_gain":0,"player_choice":"Fought Mushrooms","damage_taken":0,"max_hp_gain":0,"max_hp_loss":0,"event_name":"Mushrooms","floor":7,"gold_loss":0}],"is_beta":false,"boss_relics":[],"items_purged_floors":[4],"is_endless":false,"potions_floor_spawned":[1,6],"killed_by":"Lagavulin","ascension_level":20}