{"gold_per_floor":[114,130,21,31,49,49,76,76,76,76,90,104,163,63,63,166,166,180,180,55,74,74,74,103,103,103,122,122,122,122,47,47,47],"floor_reached":33,"playtime":1674,"items_purged":["Strike_R","Strike_R","Strike_R"],"score":263,"play_id":"6f663993-59ea-4f4f-9570-c45a9373c12a","local_time":"20190811031613","is_ascension_mode":false,"campfire_choices":[{"data":"Dropkick","floor":6,"key":"SMITH"},{"data":"Uppercut","floor":8,"key":"SMITH"},{"data":"Rampage","floor":10,"key":"SMITH"},{"data":"Pommel Strike","floor":15,"key":"SMITH"},{"data":"Second Wind","floor":23,"key":"SMITH"},{"data":"Offering","floor":25,"key":"SMITH"},{"floor":30,"key":"REST"},{"data":"Burning Pact","floor":32,"key":"SMITH"}],"neow_cost":"NONE","seed_source_timestamp":62899274017005,"circlet_count":0,"master_deck":["Strike_R","Defend_R","Defend_R","Defend_R","Defend_R","Bash","Wild Strike","Burning Pact+1","Dropkick+1","Uppercut+1","Rampage+1","Pommel Strike+1","Sever Soul","Demon Form","Offering+1","Second Wind+1","Intimidate"],"relics":["Burning Blood","Potion Belt","Boot","Pear","Darkstone Periapt","Runic Pyramid","Bottled Tornado","Bottled Lightning"],"potions_floor_usage":[7,24,24,33,33,33],"damage_taken":[{"damage":6,"enemies":"Cultist","floor":1,"turns":4},{"damage":6,"enemies":"Jaw Worm","floor":2,"turns":2},{"damage":3,"enemies":"Small Slimes","floor":4,"turns":3},{"damage":11,"enemies":"3 Louse","floor":5,"turns":5},{"damage":16,"enemies":"Lagavulin","floor":7,"turns":5},{"damage":0,"enemies":"Looter","floor":11,"turns":2},{"damage":4,"enemies":"Blue Slaver","floor":12,"turns":3},{"damage":18,"enemies":"Lagavulin Event","floor":13,"turns":5},{"damage":37,"enemies":"Hexaghost","floor":16,"turns":7},{"damage":13,"enemies":"Chosen","floor":18,"turns":4},{"damage":15,"enemies":"3 Byrds","floor":21,"turns":5},{"damage":30,"enemies":"Book of Stabbing","floor":24,"turns":7},{"damage":22,"enemies":"Centurion and Healer","floor":27,"turns":6},{"damage":35,"enemies":"Collector","floor":33,"turns":5}],"seed_played":"5199485854788601376","potions_obtained":[{"floor":2,"key":"SteroidPotion"},{"floor":5,"key":"Poison Potion"},{"floor":12,"key":"Block Potion"},{"floor":16,"key":"Energy Potion"},{"floor":21,"key":"SpeedPotion"},{"floor":27,"key":"Block Potion"}],"is_trial":false,"path_per_floor":["M","M","$","M","M","R","E","R","T","R","M","M","?","$","R","B",null,"M","?","$","M","?","R","E","R","T","M","?","$","R","?","R","B"],"character_chosen":"IRONCLAD","items_purchased":["Dropkick"],"campfire_rested":1,"item_purchase_floors":[3],"current_hp_per_floor":[80,80,80,80,75,75,65,65,75,75,81,83,71,71,71,40,90,83,83,83,74,74,74,50,50,50,34,18,18,45,45,45,10],"gold":47,"neow_bonus":"RANDOM_COMMON_RELIC","is_prod":false,"is_daily":false,"chose_seed":false,"campfire_upgraded":7,"win_rate":0.0,"timestamp":1565460973,"path_taken":["M","?","$","?","M","R","E","R","T","R","M","M","?","$","R","BOSS","M","?","$","M","?","R","E","R","T","M","?","?","R","?","R","BOSS"],"build_version":"2019-07-17","purchased_purges":3,"victory":false,"max_hp_per_floor":[80,80,80,80,80,80,80,80,90,90,90,90,90,90,90,90,90,90,90,90,90,90,90,90,90,90,90,90,90,90,90,90,90],"card_choices":[{"not_picked":["Warcry","Perfected Strike"],"picked":"Wild Strike","floor":1},{"not_picked":["Anger","Flame Barrier"],"picked":"Burning Pact","floor":2},{"not_picked":["True Grit","Heavy Blade","Twin Strike"],"picked":"SKIP","floor":4},{"not_picked":["Shrug It Off","Disarm"],"picked":"Uppercut","floor":5},{"not_picked":["Body Slam","Flex"],"picked":"Rampage","floor":7},{"not_picked":["Twin Strike","Sever Soul"],"picked":"Pommel Strike","floor":11},{"not_picked":["Sword Boomerang","Heavy Blade"],"picked":"Sever Soul","floor":12},{"not_picked":["Sword Boomerang","Infernal Blade"],"picked":"Demon Form","floor":13},{"not_picked":["Brutality","Juggernaut"],"picked":"Offering","floor":16},{"not_picked":["Wild Strike+1","Sword Boomerang"],"picked":"Second Wind","floor":18},{"not_picked":["Anger","Thunderclap","Body Slam"],"picked":"SKIP","floor":21},{"not_picked":["Power Through","Reaper"],"picked":"Intimidate","floor":24},{"not_picked":["Hemokinesis+1","Warcry","Spot Weakness"],"picked":"SKIP","floor":27}],"player_experience":35566,"relics_obtained":[{"floor":7,"key":"Boot"},{"floor":9,"key":"Pear"},{"floor":24,"key":"Bottled Tornado"},{"floor":26,"key":"Bottled Lightning"}],"event_choices":[{"damage_healed":0,"gold_gain":0,"player_choice":"Searched \u00272\u0027 times","damage_taken":0,"relics_obtained":["Darkstone Periapt"],"max_hp_gain":0,"max_hp_loss":0,"event_name":"Dead Adventurer","floor":13,"gold_loss":0},{"damage_healed":0,"gold_gain":0,"player_choice":"Ignored","damage_taken":0,"max_hp_gain":0,"max_hp_loss":0,"event_name":"Ghosts","floor":19,"gold_loss":0},{"damage_healed":0,"gold_gain":0,"player_choice":"Ignored","damage_taken":0,"max_hp_gain":0,"max_hp_loss":0,"event_name":"The Mausoleum","floor":22,"gold_loss":0},{"damage_healed":0,"gold_gain":0,"player_choice":"Obtained Book","damage_taken":16,"max_hp_gain":0,"max_hp_loss":0,"event_name":"Cursed Tome","floor":28,"gold_loss":0},{"cards_removed":["Strike_R"],"damage_healed":0,"gold_gain":0,"player_choice":"Gave Gold","damage_taken":0,"max_hp_gain":0,"max_hp_loss":0,"event_name":"Beggar","floor":31,"gold_loss":75}],"is_beta":false,"boss_relics":[{"not_picked":["Black Star","Ectoplasm"],"picked":"Runic Pyramid"}],"items_purged_floors":[3,14,20],"is_endless":false,"potions_floor_spawned":[2,5,12,16,21,27],"killed_by":"Collector","ascension_level":0}