{"gold_per_floor":[117,267,267,287,8,36,36,36,66,93,116,132,163,163,163,235,235,251,251,270,320,339,339,372,389,434,450,10,24,59,88,100,189,201,227,256,279,291,321,363,392,404,416,454,466,507,530,67,67,67],"floor_reached":51,"playtime":1921,"items_purged":["Doubt","Strike_G","Strike_G"],"score":1654,"play_id":"3a7925b8-d463-4627-9914-6548fd669784","local_time":"20190528183417","is_ascension_mode":true,"campfire_choices":[{"data":"Sucker Punch","floor":8,"key":"SMITH"},{"floor":15,"key":"REST"},{"floor":23,"key":"REST"},{"floor":32,"key":"REST"},{"floor":42,"key":"REST"},{"floor":45,"key":"REST"},{"floor":49,"key":"REST"}],"neow_cost":"NONE","seed_source_timestamp":1551586561022702,"circlet_count":0,"master_deck":["AscendersBane","Defend_G","Defend_G","Defend_G","Defend_G","Defend_G","Strike_G","Strike_G","Strike_G","Survivor","Neutralize","Sucker Punch+1","Predator","Apotheosis+1","PiercingWail","Backstab","Footwork","Glass Knife","Adrenaline","Dodge and Roll","Infinite Blades","Caltrops","Deflect","Crippling Poison","Noxious Fumes","Blade Dance","Well Laid Plans","Backstab","Choke+1","Leg Sweep+1","Backflip+1","After Image+1","Footwork","Acrobatics","Tools of the Trade","Adrenaline","Cloak And Dagger+1","Noxious Fumes","Caltrops","PiercingWail","Cloak And Dagger","The Bomb"],"relics":["Ring of the Snake","NeowsBlessing","Sundial","Tiny Chest","Art of War","Happy Flower","PreservedInsect","Bottled Lightning","WristBlade","Kunai","Oddly Smooth Stone","Bag of Marbles","MawBank","Fusion Hammer","Ancient Tea Set","Shuriken","Dream Catcher","StoneCalendar"],"potions_floor_usage":[16,16,50,50],"damage_taken":[{"damage":0,"enemies":"Small Slimes","floor":1,"turns":1},{"damage":0,"enemies":"2 Louse","floor":4,"turns":1},{"damage":0,"enemies":"Gremlin Nob","floor":6,"turns":1},{"damage":31,"enemies":"3 Sentries","floor":10,"turns":11},{"damage":0,"enemies":"Cultist","floor":12,"turns":3},{"damage":3,"enemies":"Lagavulin","floor":13,"turns":8},{"damage":18,"enemies":"Hexaghost","floor":16,"turns":9},{"damage":0,"enemies":"Chosen","floor":18,"turns":3},{"damage":4,"enemies":"Shell Parasite","floor":20,"turns":5},{"damage":7,"enemies":"Shelled Parasite and Fungi","floor":22,"turns":6},{"damage":16,"enemies":"Slavers","floor":24,"turns":6},{"damage":6,"enemies":"Sentry and Sphere","floor":25,"turns":8},{"damage":0,"enemies":"3 Cultists","floor":27,"turns":5},{"damage":0,"enemies":"Cultist and Chosen","floor":29,"turns":6},{"damage":4,"enemies":"Book of Stabbing","floor":30,"turns":4},{"damage":0,"enemies":"Sentry and Sphere","floor":31,"turns":5},{"damage":24,"enemies":"Champ","floor":33,"turns":16},{"damage":0,"enemies":"Orb Walker","floor":35,"turns":1},{"damage":0,"enemies":"3 Shapes","floor":36,"turns":4},{"damage":9,"enemies":"3 Darklings","floor":37,"turns":6},{"damage":0,"enemies":"Sphere and 2 Shapes","floor":39,"turns":6},{"damage":5,"enemies":"Nemesis","floor":40,"turns":5},{"damage":21,"enemies":"Spire Growth","floor":41,"turns":6},{"damage":2,"enemies":"Giant Head","floor":44,"turns":7},{"damage":0,"enemies":"Nemesis","floor":46,"turns":5},{"damage":18,"enemies":"Jaw Worm Horde","floor":47,"turns":3},{"damage":33,"enemies":"Time Eater","floor":50,"turns":13}],"seed_played":"4935786154949570376","potions_obtained":[{"floor":10,"key":"Poison Potion"},{"floor":13,"key":"LiquidBronze"},{"floor":18,"key":"SteroidPotion"},{"floor":20,"key":"Energy Potion"},{"floor":27,"key":"LiquidBronze"},{"floor":29,"key":"Dexterity Potion"},{"floor":41,"key":"PowerPotion"}],"is_trial":false,"path_per_floor":["M","?","?","M","$","E","?","R","T","E","T","M","E","T","R","B",null,"M","?","M","?","M","R","E","M","T","M","$","M","E","M","R","B",null,"M","M","M","?","M","E","M","R","T","E","R","E","M","$","R","B",null],"character_chosen":"THE_SILENT","items_purchased":["Apotheosis","Well Laid Plans","Bag of Marbles","Backstab","Caltrops","PiercingWail","Cloak And Dagger","The Bomb"],"campfire_rested":6,"item_purchase_floors":[5,28,28,28,48,48,48,48],"current_hp_per_floor":[59,59,64,64,64,64,64,64,64,33,33,33,30,30,51,33,62,62,62,58,58,51,71,55,49,49,49,49,49,45,45,66,42,64,64,64,55,55,55,50,29,50,50,48,69,69,51,51,71,38],"gold":67,"neow_bonus":"THREE_ENEMY_KILL","is_prod":false,"is_daily":false,"chose_seed":false,"campfire_upgraded":1,"win_rate":0,"timestamp":1559082857,"path_taken":["M","?","?","M","$","E","?","R","T","E","?","M","E","?","R","BOSS","M","?","M","?","M","R","E","?","T","M","$","M","E","M","R","BOSS","M","?","M","?","?","E","M","R","T","E","R","E","M","$","R","BOSS"],"build_version":"2019-01-23","purchased_purges":3,"victory":true,"max_hp_per_floor":[66,66,71,71,71,71,71,71,71,71,71,71,71,71,71,71,71,71,71,71,71,71,71,71,71,71,71,71,71,71,71,71,71,71,71,71,71,71,71,71,71,71,71,71,71,71,71,71,71,71],"card_choices":[{"not_picked":["Outmaneuver","Underhanded Strike"],"picked":"Sucker Punch","floor":1},{"not_picked":["Backflip","Endless Agony"],"picked":"Predator","floor":4},{"not_picked":["Reflex","Blade Dance"],"picked":"PiercingWail","floor":6},{"not_picked":["Predator","Blade Dance"],"picked":"Backstab","floor":10},{"not_picked":["Cloak And Dagger","All Out Attack"],"picked":"Footwork","floor":12},{"not_picked":["Dagger Throw","Sucker Punch"],"picked":"Glass Knife","floor":13},{"not_picked":["Corpse Explosion","Unload"],"picked":"Adrenaline","floor":16},{"not_picked":["Poisoned Stab","Prepared"],"picked":"Dodge and Roll","floor":18},{"not_picked":["Escape Plan","Bane+1"],"picked":"Caltrops","floor":20},{"not_picked":["Underhanded Strike","Expertise"],"picked":"Deflect","floor":22},{"not_picked":["Caltrops","Bane"],"picked":"Crippling Poison","floor":24},{"not_picked":["Prepared","Bane"],"picked":"Noxious Fumes","floor":25},{"not_picked":["Infinite Blades","Expertise"],"picked":"Blade Dance","floor":27},{"not_picked":["Flying Knee+1","Masterful Stab"],"picked":"Choke+1","floor":29},{"not_picked":["Quick Slash","Grand Finale"],"picked":"Leg Sweep+1","floor":30},{"not_picked":["Bane","Concentrate"],"picked":"Backflip+1","floor":31},{"not_picked":["Adrenaline","Phantasmal Killer"],"picked":"After Image","floor":33},{"not_picked":["Sucker Punch+1","Dagger Spray"],"picked":"Footwork","floor":35},{"not_picked":["Flying Knee","Dagger Throw"],"picked":"Acrobatics","floor":36},{"not_picked":["Distraction","Escape Plan"],"picked":"Tools of the Trade","floor":37},{"not_picked":["Sucker Punch","Distraction","Flying Knee+1"],"picked":"SKIP","floor":39},{"not_picked":["Riddle With Holes","Quick Slash+1","Deflect+1"],"picked":"SKIP","floor":40},{"not_picked":["Deflect","Dagger Spray","All Out Attack"],"picked":"SKIP","floor":41},{"not_picked":["Tools of the Trade","Choke"],"picked":"Adrenaline","floor":44},{"not_picked":["Reflex+1","Glass Knife"],"picked":"Cloak And Dagger+1","floor":46},{"not_picked":["Bouncing Flask","Caltrops"],"picked":"Noxious Fumes","floor":47}],"player_experience":414578,"relics_obtained":[{"floor":6,"key":"Sundial"},{"floor":9,"key":"Tiny Chest"},{"floor":10,"key":"Art of War"},{"floor":11,"key":"Happy Flower"},{"floor":13,"key":"PreservedInsect"},{"floor":14,"key":"Bottled Lightning"},{"floor":24,"key":"Kunai"},{"floor":26,"key":"Oddly Smooth Stone"},{"floor":30,"key":"MawBank"},{"floor":40,"key":"Ancient Tea Set"},{"floor":43,"key":"Shuriken"},{"floor":44,"key":"Dream Catcher"},{"floor":46,"key":"StoneCalendar"}],"event_choices":[{"damage_healed":0,"gold_gain":150,"player_choice":"AGREE","damage_taken":0,"max_hp_gain":0,"max_hp_loss":0,"event_name":"Liars Game","floor":2,"gold_loss":0,"cards_obtained":["Doubt"]},{"damage_healed":0,"gold_gain":0,"player_choice":"Donut","damage_taken":0,"max_hp_gain":5,"max_hp_loss":0,"event_name":"Big Fish","floor":3,"gold_loss":0},{"damage_healed":0,"gold_gain":0,"player_choice":"Grow","damage_taken":0,"max_hp_gain":0,"max_hp_loss":0,"event_name":"Living Wall","floor":7,"gold_loss":0,"cards_upgraded":["Apotheosis"]},{"damage_healed":0,"gold_gain":0,"player_choice":"Read","damage_taken":0,"max_hp_gain":0,"max_hp_loss":0,"event_name":"The Library","floor":19,"gold_loss":0,"cards_obtained":["Infinite Blades"]},{"damage_healed":0,"gold_gain":50,"player_choice":"Pray","damage_taken":0,"max_hp_gain":0,"max_hp_loss":0,"event_name":"Golden Shrine","floor":21,"gold_loss":0},{"damage_healed":0,"gold_gain":0,"player_choice":"Upgraded","damage_taken":0,"max_hp_gain":0,"max_hp_loss":0,"event_name":"Upgrade Shrine","floor":38,"gold_loss":0,"cards_upgraded":["After Image"]}],"is_beta":false,"boss_relics":[{"not_picked":["HoveringKite","Calling Bell"],"picked":"WristBlade"},{"not_picked":["Astrolabe","Runic Pyramid"],"picked":"Fusion Hammer"}],"items_purged_floors":[5,28,48],"is_endless":false,"potions_floor_spawned":[10,13,18,20,27,29,33,37,40,41,47],"ascension_level":19}