{"gold_per_floor":[115,127,202,212,387,387,417,417,417,449,461,488,488,503,503,606,606,620,633,643,447,447,474,474,507,554,469,489,489,489,520,520,615,615,631,706,379,200,214,239,239,264,264,264,289,301,316,331,331,331],"floor_reached":51,"playtime":2972,"items_purged":["Strike_R","Doubt","Strike_R"],"score":1054,"play_id":"b5de2484-78d3-411b-b700-f66d51ea198a","local_time":"20190826212836","is_ascension_mode":true,"campfire_choices":[{"data":"Anger","floor":6,"key":"SMITH"},{"data":"Bash","floor":8,"key":"SMITH"},{"data":"True Grit","floor":13,"key":"SMITH"},{"data":"Iron Wave","floor":15,"key":"SMITH"},{"data":"Armaments","floor":24,"key":"SMITH"},{"data":"Barricade","floor":30,"key":"SMITH"},{"data":"Headbutt","floor":32,"key":"SMITH"},{"data":"Impervious","floor":49,"key":"SMITH"}],"neow_cost":"CURSE","seed_source_timestamp":11456100628294,"circlet_count":0,"master_deck":["Strike_R","Strike_R","Defend_R","Defend_R","Defend_R","Defend_R","Bash+1","Iron Wave+1","Shrug It Off","Anger+1","Impervious+1","Sword Boomerang","True Grit+1","Flex","Barricade+1","Whirlwind+1","Clothesline","Entrench+1","Armaments+1","Body Slam","Metallicize","Pommel Strike+1","Havoc+1","Headbutt+1","Exhume","Wild Strike","Headbutt","Shockwave+1","Finesse","Inflame+1","Shockwave","Warcry+1","Havoc+1"],"relics":["Burning Blood","Pocketwatch","Art of War","Meat on the Bone","Ginger","Pen Nib","Coffee Dripper","Anchor","Bag of Marbles","Oddly Smooth Stone","Potion Belt","Dead Branch","Runic Pyramid","Medical Kit","PreservedInsect","Bottled Lightning","Thread and Needle","Blue Candle"],"potions_floor_usage":[16,18,20,20,23,46,47,50,50],"damage_taken":[{"damage":7,"enemies":"Small Slimes","floor":1,"turns":3},{"damage":12,"enemies":"Jaw Worm","floor":2,"turns":4},{"damage":1,"enemies":"Cultist","floor":4,"turns":3},{"damage":24,"enemies":"Gremlin Nob","floor":7,"turns":4},{"damage":17,"enemies":"Lagavulin","floor":10,"turns":5},{"damage":11,"enemies":"Looter","floor":11,"turns":3},{"damage":0,"enemies":"3 Louse","floor":14,"turns":3},{"damage":50,"enemies":"Hexaghost","floor":16,"turns":10},{"damage":12,"enemies":"2 Thieves","floor":18,"turns":5},{"damage":14,"enemies":"Shell Parasite","floor":19,"turns":7},{"damage":2,"enemies":"Snecko","floor":20,"turns":4},{"damage":48,"enemies":"Book of Stabbing","floor":23,"turns":7},{"damage":14,"enemies":"Gremlin Leader","floor":25,"turns":6},{"damage":0,"enemies":"Chosen and Byrds","floor":28,"turns":5},{"damage":10,"enemies":"Slavers","floor":31,"turns":2},{"damage":36,"enemies":"Collector","floor":33,"turns":10},{"damage":6,"enemies":"3 Shapes","floor":35,"turns":1},{"damage":1,"enemies":"Orb Walker","floor":39,"turns":3},{"damage":14,"enemies":"Nemesis","floor":40,"turns":11},{"damage":9,"enemies":"Giant Head","floor":42,"turns":4},{"damage":0,"enemies":"Reptomancer","floor":45,"turns":6},{"damage":0,"enemies":"Jaw Worm Horde","floor":46,"turns":3},{"damage":9,"enemies":"3 Darklings","floor":47,"turns":4},{"damage":4,"enemies":"4 Shapes","floor":48,"turns":5},{"damage":48,"enemies":"Awakened One","floor":50,"turns":12}],"seed_played":"4368436466170896720","potions_obtained":[{"floor":10,"key":"Energy Potion"},{"floor":11,"key":"Swift Potion"},{"floor":14,"key":"GamblersBrew"},{"floor":19,"key":"BloodPotion"},{"floor":25,"key":"FearPotion"},{"floor":33,"key":"BloodPotion"},{"floor":35,"key":"Swift Potion"},{"floor":42,"key":"Strength Potion"},{"floor":45,"key":"BloodPotion"}],"is_trial":false,"path_per_floor":["M","M","?","M","?","R","E","R","T","E","M","T","R","M","R","B",null,"M","M","M","$","?","E","R","E","T","?","M","?","R","E","R","B",null,"M","?","$","$","M","E","?","E","T","?","E","M","M","M","R","B",null],"character_chosen":"IRONCLAD","items_purchased":["BloodPotion","Armaments","Medical Kit","Wild Strike","Headbutt"],"campfire_rested":0,"item_purchase_floors":[21,21,37,37,38],"current_hp_per_floor":[79,73,62,67,67,67,49,49,49,50,57,57,57,63,63,31,68,62,54,78,78,78,56,56,48,48,48,54,54,54,50,50,32,68,68,60,60,60,65,57,57,54,54,54,60,66,80,80,80,58],"gold":331,"neow_bonus":"ONE_RARE_RELIC","is_prod":false,"is_daily":false,"chose_seed":false,"campfire_upgraded":8,"win_rate":0,"timestamp":1566822516,"path_taken":["M","M","?","M","?","R","E","R","T","E","M","?","R","?","R","BOSS","M","M","M","$","?","E","R","E","T","?","M","?","R","E","R","BOSS","M","?","?","$","M","E","?","E","T","?","E","?","M","M","R","BOSS"],"build_version":"2019-07-17","purchased_purges":3,"victory":true,"max_hp_per_floor":[80,80,80,80,80,80,80,80,80,80,80,80,80,80,80,80,80,80,80,80,80,80,80,80,80,80,80,80,80,80,80,80,80,80,80,80,80,80,80,80,80,80,80,80,80,80,80,80,80,80],"card_choices":[{"not_picked":["Perfected Strike","Heavy Blade"],"picked":"Iron Wave","floor":1},{"not_picked":["Sever Soul","Wild Strike"],"picked":"Shrug It Off","floor":2},{"not_picked":["Twin Strike","Burning Pact"],"picked":"Anger","floor":4},{"not_picked":["Havoc","Flame Barrier"],"picked":"Impervious","floor":7},{"not_picked":["Rupture","Wild Strike"],"picked":"Sword Boomerang","floor":10},{"not_picked":["Headbutt","Evolve"],"picked":"True Grit","floor":11},{"not_picked":["Sword Boomerang","Wild Strike"],"picked":"Flex","floor":14},{"not_picked":["Juggernaut","Dark Embrace"],"picked":"Barricade","floor":16},{"not_picked":["Carnage","Second Wind"],"picked":"Whirlwind+1","floor":18},{"not_picked":["Blood for Blood","Iron Wave"],"picked":"Clothesline","floor":19},{"not_picked":["Thunderclap","Pommel Strike"],"picked":"Entrench+1","floor":20},{"not_picked":["Headbutt","Sword Boomerang"],"picked":"Metallicize","floor":23},{"not_picked":["Wild Strike","Perfected Strike"],"picked":"Pommel Strike+1","floor":25},{"not_picked":["Perfected Strike","Anger+1"],"picked":"Havoc+1","floor":28},{"not_picked":["Perfected Strike","Pommel Strike"],"picked":"Headbutt","floor":31},{"not_picked":["Bludgeon","Limit Break"],"picked":"Exhume","floor":33},{"not_picked":["Armaments+1","Sentinel","Clothesline+1"],"picked":"SKIP","floor":35},{"not_picked":["Bloodletting","Warcry+1"],"picked":"Shockwave+1","floor":39},{"not_picked":["Clothesline","Shockwave","Clash+1"],"picked":"SKIP","floor":40},{"not_picked":["Madness","Jack Of All Trades"],"picked":"Finesse","floor":41},{"not_picked":["Spot Weakness","Combust+1"],"picked":"Inflame+1","floor":42},{"not_picked":["Combust+1","Shrug It Off+1","Evolve"],"picked":"SKIP","floor":45},{"not_picked":["Whirlwind","Spot Weakness+1"],"picked":"Warcry+1","floor":46},{"not_picked":["Spot Weakness+1","Intimidate","Combust+1"],"picked":"SKIP","floor":47},{"not_picked":["Clash+1","Hemokinesis"],"picked":"Havoc+1","floor":48}],"player_experience":237566,"relics_obtained":[{"floor":7,"key":"Art of War"},{"floor":9,"key":"Meat on the Bone"},{"floor":10,"key":"Ginger"},{"floor":12,"key":"Pen Nib"},{"floor":23,"key":"Anchor"},{"floor":25,"key":"Bag of Marbles"},{"floor":26,"key":"Oddly Smooth Stone"},{"floor":31,"key":"Dead Branch"},{"floor":40,"key":"PreservedInsect"},{"floor":42,"key":"Bottled Lightning"},{"floor":43,"key":"Thread and Needle"},{"floor":45,"key":"Blue Candle"}],"event_choices":[{"damage_healed":0,"gold_gain":75,"player_choice":"Gather Gold","damage_taken":11,"max_hp_gain":0,"max_hp_loss":0,"event_name":"World of Goop","floor":3,"gold_loss":0},{"damage_healed":0,"gold_gain":175,"player_choice":"AGREE","damage_taken":0,"max_hp_gain":0,"max_hp_loss":0,"event_name":"Liars Game","floor":5,"gold_loss":0,"cards_obtained":["Doubt"]},{"damage_healed":0,"gold_gain":0,"player_choice":"Read","damage_taken":0,"max_hp_gain":0,"max_hp_loss":0,"event_name":"The Library","floor":22,"gold_loss":0,"cards_obtained":["Body Slam"]},{"damage_healed":0,"gold_gain":0,"player_choice":"Obtained Relic","damage_taken":0,"relics_obtained":["Potion Belt"],"max_hp_gain":0,"max_hp_loss":0,"event_name":"Addict","floor":27,"gold_loss":85},{"cards_removed":["Shame"],"damage_healed":0,"gold_gain":0,"player_choice":"Elegance","damage_taken":0,"max_hp_gain":0,"max_hp_loss":0,"event_name":"Back to Basics","floor":29,"gold_loss":0},{"damage_healed":0,"gold_gain":75,"player_choice":"Touch","damage_taken":8,"max_hp_gain":0,"max_hp_loss":0,"event_name":"FaceTrader","floor":36,"gold_loss":0},{"damage_healed":0,"gold_gain":0,"player_choice":"Memory 1","damage_taken":0,"max_hp_gain":0,"max_hp_loss":0,"event_name":"SensoryStone","floor":41,"gold_loss":0},{"damage_healed":0,"gold_gain":0,"cards_transformed":["Strike_R"],"player_choice":"Transformed","damage_taken":0,"max_hp_gain":0,"max_hp_loss":0,"event_name":"Transmorgrifier","floor":44,"gold_loss":0,"cards_obtained":["Shockwave"]}],"is_beta":false,"boss_relics":[{"not_picked":["Lizard Tail","White Beast Statue"],"picked":"Coffee Dripper"},{"not_picked":["Empty Cage","Astrolabe"],"picked":"Runic Pyramid"}],"items_purged_floors":[21,37,38],"is_endless":false,"potions_floor_spawned":[10,11,14,19,25,33,35,42,45],"ascension_level":5}