{"gold_per_floor":[114,114,128,203,220,251,251,17,40,40,59,59,71,82,82,180,180,196,215,215,227,227,227,255,255,255,47,77,277,277,311,311,311],"floor_reached":33,"playtime":2950,"items_purged":[],"score":308,"play_id":"5ccf2518-09ce-46ec-a354-e97b36f2b009","local_time":"20190824012532","is_ascension_mode":false,"campfire_choices":[{"data":"Crippling Poison","floor":10,"key":"SMITH"},{"data":"Footwork","floor":15,"key":"SMITH"},{"floor":23,"key":"REST"},{"data":"1","floor":25,"key":"LIFT"},{"floor":30,"key":"REST"},{"floor":32,"key":"REST"}],"neow_cost":"NONE","seed_source_timestamp":14338414823680,"circlet_count":0,"master_deck":["Strike_G","Strike_G","Strike_G","Strike_G+1","Strike_G","Defend_G","Defend_G","Defend_G","Defend_G+1","Defend_G","Survivor","Neutralize","Terror","Dash+1","Endless Agony","Crippling Poison+1","Expertise","Prepared","Deadly Poison","Tactician","Footwork+1","Burst+1","Clumsy","Injury","Doubt","Flechettes","Dagger Throw+1","Poisoned Stab","Adrenaline","Poisoned Stab","Dagger Throw","Noxious Fumes","Blade Dance","Blur","Doppelganger","Poisoned Stab+1"],"relics":["Ring of the Snake","Whetstone","Snake Skull","Lantern","Calling Bell","Girya","Gremlin Horn","War Paint","Ornamental Fan","Potion Belt","Red Mask","Darkstone Periapt"],"potions_floor_usage":[6,16,16,24,31,31,33,33],"damage_taken":[{"damage":2,"enemies":"Cultist","floor":1,"turns":5},{"damage":4,"enemies":"2 Louse","floor":3,"turns":3},{"damage":0,"enemies":"Small Slimes","floor":5,"turns":4},{"damage":14,"enemies":"Gremlin Nob","floor":6,"turns":4},{"damage":0,"enemies":"Gremlin Gang","floor":11,"turns":5},{"damage":0,"enemies":"2 Fungi Beasts","floor":13,"turns":3},{"damage":3,"enemies":"Large Slime","floor":14,"turns":5},{"damage":25,"enemies":"The Guardian","floor":16,"turns":8},{"damage":15,"enemies":"Shell Parasite","floor":18,"turns":7},{"damage":4,"enemies":"2 Thieves","floor":19,"turns":3},{"damage":4,"enemies":"Snecko","floor":21,"turns":5},{"damage":19,"enemies":"Gremlin Leader","floor":24,"turns":7},{"damage":22,"enemies":"Masked Bandits","floor":28,"turns":4},{"damage":13,"enemies":"Book of Stabbing","floor":31,"turns":7},{"damage":73,"enemies":"Collector","floor":33,"turns":7}],"seed_played":"-1802136475092369087","potions_obtained":[{"floor":3,"key":"Weak Potion"},{"floor":5,"key":"SteroidPotion"},{"floor":13,"key":"SteroidPotion"},{"floor":14,"key":"FearPotion"},{"floor":18,"key":"GhostInAJar"},{"floor":24,"key":"EssenceOfSteel"},{"floor":28,"key":"SteroidPotion"},{"floor":31,"key":"Regen Potion"}],"is_trial":false,"path_per_floor":["M","?","M","?","M","E","?","$","T","R","M","?","M","M","R","B",null,"M","M","?","M","?","R","E","R","T","$","?","?","R","E","R","B"],"character_chosen":"THE_SILENT","items_purchased":["Snake Skull","Expertise","Prepared","Noxious Fumes","Blade Dance","Blur","Poison Potion"],"campfire_rested":3,"item_purchase_floors":[8,8,8,27,27,27,27],"current_hp_per_floor":[75,77,73,62,62,48,73,73,73,73,73,73,73,70,70,45,77,62,58,58,54,40,64,45,45,45,45,23,23,47,34,58,0],"gold":311,"neow_bonus":"TEN_PERCENT_HP_BONUS","is_prod":false,"is_daily":false,"chose_seed":false,"campfire_upgraded":2,"win_rate":0.0,"timestamp":1566602732,"path_taken":["M","?","?","?","M","E","?","$","T","R","M","?","M","M","R","BOSS","M","M","?","?","?","R","E","R","T","$","?","?","R","E","R","BOSS"],"build_version":"2019-06-28","purchased_purges":0,"victory":false,"max_hp_per_floor":[77,77,77,77,77,77,77,77,77,77,77,77,77,77,77,77,77,77,77,77,77,82,82,82,82,82,82,82,82,82,82,82,82],"card_choices":[{"not_picked":["Deflect","Endless Agony"],"picked":"Terror","floor":1},{"not_picked":["Dodge and Roll","Dagger Spray"],"picked":"Dash","floor":3},{"not_picked":["Dagger Spray","PiercingWail"],"picked":"Endless Agony","floor":5},{"not_picked":["Flechettes","Slice"],"picked":"Crippling Poison","floor":6},{"not_picked":["Dagger Spray","Sucker Punch"],"picked":"Deadly Poison","floor":11},{"not_picked":["Finisher","Malaise"],"picked":"Tactician","floor":13},{"not_picked":["Deflect","Dagger Throw"],"picked":"Footwork","floor":14},{"not_picked":["A Thousand Cuts","Wraith Form v2"],"picked":"Burst","floor":16},{"not_picked":["Backflip","Deflect"],"picked":"Flechettes","floor":18},{"not_picked":["Acrobatics","Flying Knee"],"picked":"Dagger Throw+1","floor":19},{"not_picked":["Sucker Punch","PiercingWail"],"picked":"Poisoned Stab","floor":21},{"not_picked":["Escape Plan","Prepared"],"picked":"Dagger Throw","floor":24},{"not_picked":["Dagger Spray","Caltrops"],"picked":"Doppelganger","floor":28},{"not_picked":["Deadly Poison","Dodge and Roll"],"picked":"Poisoned Stab+1","floor":31}],"player_experience":12451,"relics_obtained":[{"floor":6,"key":"Whetstone"},{"floor":9,"key":"Lantern"},{"floor":17,"key":"Girya"},{"floor":17,"key":"Gremlin Horn"},{"floor":17,"key":"War Paint"},{"floor":24,"key":"Ornamental Fan"},{"floor":26,"key":"Potion Belt"},{"floor":28,"key":"Red Mask"},{"floor":31,"key":"Darkstone Periapt"}],"event_choices":[{"damage_healed":2,"gold_gain":0,"player_choice":"Full Heal","damage_taken":0,"max_hp_gain":0,"max_hp_loss":0,"event_name":"Wheel of Change","floor":2,"gold_loss":0},{"damage_healed":0,"gold_gain":75,"player_choice":"Gather Gold","damage_taken":11,"max_hp_gain":0,"max_hp_loss":0,"event_name":"World of Goop","floor":4,"gold_loss":0},{"damage_healed":25,"gold_gain":0,"player_choice":"Banana","damage_taken":0,"max_hp_gain":0,"max_hp_loss":0,"event_name":"Big Fish","floor":7,"gold_loss":0},{"damage_healed":0,"gold_gain":0,"player_choice":"Leave","damage_taken":0,"max_hp_gain":0,"max_hp_loss":0,"event_name":"The Cleric","floor":12,"gold_loss":0},{"damage_healed":0,"gold_gain":0,"player_choice":"2 cards matched","damage_taken":0,"max_hp_gain":0,"max_hp_loss":0,"event_name":"Match and Keep!","floor":20,"gold_loss":0,"cards_obtained":["Poisoned Stab","Adrenaline"]},{"damage_healed":0,"gold_gain":0,"player_choice":"Shed Blood","damage_taken":19,"max_hp_gain":5,"max_hp_loss":0,"event_name":"Forgotten Altar","floor":22,"gold_loss":0},{"damage_healed":0,"gold_gain":0,"player_choice":"Fought Bandits","damage_taken":0,"max_hp_gain":0,"max_hp_loss":0,"event_name":"Masked Bandits","floor":28,"gold_loss":0},{"damage_healed":0,"gold_gain":250,"player_choice":"Bet on Owner","damage_taken":0,"max_hp_gain":0,"max_hp_loss":0,"event_name":"The Joust","floor":29,"gold_loss":50}],"is_beta":true,"boss_relics":[{"not_picked":["Fusion Hammer","Busted Crown"],"picked":"Calling Bell"}],"items_purged_floors":[],"is_endless":false,"potions_floor_spawned":[3,5,13,14,18,24,28,31],"killed_by":"Collector","ascension_level":0}