{"gold_per_floor":[116,127,127,146,158,158,83,83,83,83,108,120,159,190,202,214],"floor_reached":16,"playtime":447,"items_purged":[],"score":200,"play_id":"521b235e-1ae1-49ea-bc06-783427697bcd","local_time":"20190720213743","is_ascension_mode":true,"campfire_choices":[{"data":"Defragment","floor":6,"key":"SMITH"},{"data":"Zap","floor":8,"key":"SMITH"},{"data":"Rainbow","floor":15,"key":"SMITH"}],"neow_cost":"NONE","seed_source_timestamp":651598305059302,"circlet_count":0,"master_deck":["AscendersBane","Strike_B","Strike_B","Strike_B","Defend_B","Defend_B","Defend_B","Defend_B","Zap+1","Dualcast","Rainbow+1","Ball Lightning","White Noise","Defragment+1","Compile Driver","Loop","Biased Cognition"],"relics":["Cracked Core","Question Card","MawBank","Potion Belt"],"potions_floor_usage":[5,13],"damage_taken":[{"damage":3,"enemies":"2 Louse","floor":1,"turns":3},{"damage":2,"enemies":"Jaw Worm","floor":2,"turns":3},{"damage":6,"enemies":"Small Slimes","floor":4,"turns":3},{"damage":11,"enemies":"Exordium Wildlife","floor":5,"turns":4},{"damage":21,"enemies":"Lagavulin","floor":13,"turns":6},{"damage":9,"enemies":"3 Louse","floor":14,"turns":2},{"damage":17,"enemies":"The Guardian","floor":16,"turns":6}],"seed_played":"5453962332514754916","potions_obtained":[{"floor":1,"key":"Fire Potion"},{"floor":5,"key":"Block Potion"},{"floor":13,"key":"Dexterity Potion"}],"is_trial":false,"path_per_floor":["M","M","?","M","M","R","?","R","T","?","T","$","E","M","R","B"],"character_chosen":"DEFECT","items_purchased":[],"campfire_rested":0,"item_purchase_floors":[],"current_hp_per_floor":[61,59,54,48,37,37,37,37,37,42,42,42,21,12,12,0],"gold":214,"neow_bonus":"ONE_RANDOM_RARE_CARD","is_prod":false,"is_daily":false,"chose_seed":false,"campfire_upgraded":3,"win_rate":0,"timestamp":1563683863,"path_taken":["M","M","?","M","M","R","?","R","T","?","?","?","E","?","R","BOSS"],"build_version":"2019-07-18","purchased_purges":0,"victory":false,"max_hp_per_floor":[71,71,71,71,71,71,71,71,71,76,76,76,76,76,76,76],"card_choices":[{"not_picked":["Reinforced Body","Darkness"],"picked":"Ball Lightning","floor":1},{"not_picked":["Steam","Redo"],"picked":"White Noise","floor":2},{"not_picked":["Compile Driver","Streamline","Stack"],"picked":"Defragment","floor":4},{"not_picked":["Leap","Darkness","Redo"],"picked":"Compile Driver","floor":5},{"not_picked":["Consume","Steam","Conserve Battery"],"picked":"Loop","floor":13},{"not_picked":["Doom and Gloom","Steam","Redo"],"picked":"Biased Cognition","floor":14}],"player_experience":2831902,"relics_obtained":[{"floor":11,"key":"MawBank"},{"floor":13,"key":"Potion Belt"}],"event_choices":[{"damage_healed":0,"gold_gain":0,"player_choice":"Success","damage_taken":5,"relics_obtained":["Question Card"],"max_hp_gain":0,"max_hp_loss":0,"event_name":"Scrap Ooze","floor":3,"gold_loss":0},{"cards_removed":["Strike_B"],"damage_healed":0,"gold_gain":0,"player_choice":"Card Removal","damage_taken":0,"max_hp_gain":0,"max_hp_loss":0,"event_name":"The Cleric","floor":7,"gold_loss":75},{"damage_healed":0,"gold_gain":0,"player_choice":"Donut","damage_taken":0,"max_hp_gain":5,"max_hp_loss":0,"event_name":"Big Fish","floor":10,"gold_loss":0}],"is_beta":true,"boss_relics":[],"items_purged_floors":[],"is_endless":false,"potions_floor_spawned":[1,5,13],"killed_by":"The Guardian","ascension_level":20}