{"gold_per_floor":[112,131,131,147,167,167,167,183,183,183,183],"floor_reached":11,"playtime":358,"items_purged":[],"score":130,"play_id":"855aee3c-018c-487c-8dd6-fe805c094edf","local_time":"20190828014433","is_ascension_mode":true,"campfire_choices":[{"data":"Streamline","floor":6,"key":"SMITH"},{"data":"Scrape","floor":10,"key":"SMITH"}],"neow_cost":"NONE","seed_source_timestamp":332059979775641,"circlet_count":0,"master_deck":["AscendersBane","Strike_B","Strike_B","Defend_B","Defend_B","Defend_B","Defend_B","Zap+1","Dualcast","Coolheaded","Streamline+1","Leap","Hello World","Chill","Scrape+1"],"relics":["Cracked Core","Torii"],"potions_floor_usage":[11],"damage_taken":[{"damage":1,"enemies":"Cultist","floor":1,"turns":3},{"damage":7,"enemies":"Small Slimes","floor":2,"turns":3},{"damage":3,"enemies":"2 Louse","floor":4,"turns":3},{"damage":19,"enemies":"Exordium Thugs","floor":5,"turns":6},{"damage":1,"enemies":"Blue Slaver","floor":8,"turns":4},{"damage":47,"enemies":"Gremlin Nob","floor":11,"turns":4}],"seed_played":"-4636755593802720466","potions_obtained":[{"floor":2,"key":"GamblersBrew"}],"is_trial":false,"path_per_floor":["M","M","?","M","M","R","?","M","T","R","E"],"character_chosen":"DEFECT","items_purchased":[],"campfire_rested":0,"item_purchase_floors":[],"current_hp_per_floor":[63,56,56,53,34,34,34,33,33,33,0],"gold":183,"neow_bonus":"UPGRADE_CARD","is_prod":false,"is_daily":false,"chose_seed":false,"campfire_upgraded":2,"win_rate":0,"timestamp":1566981873,"path_taken":["M","M","?","?","M","R","?","M","T","R","E"],"build_version":"2019-08-26","purchased_purges":0,"victory":false,"max_hp_per_floor":[71,71,71,71,71,71,71,71,71,71,71],"card_choices":[{"not_picked":["Steam","Leap"],"picked":"Coolheaded","floor":1},{"not_picked":["Leap","Turbo"],"picked":"Streamline","floor":2},{"not_picked":["Stack","Redo"],"picked":"Hello World","floor":4},{"not_picked":["Barrage","Compile Driver"],"picked":"Chill","floor":5},{"not_picked":["Barrage","Auto Shields"],"picked":"Scrape","floor":8}],"player_experience":3056077,"relics_obtained":[{"floor":9,"key":"Torii"}],"event_choices":[{"damage_healed":0,"gold_gain":0,"cards_transformed":["Strike_B"],"player_choice":"Transformed","damage_taken":0,"max_hp_gain":0,"max_hp_loss":0,"event_name":"Transmorgrifier","floor":3,"gold_loss":0,"cards_obtained":["Leap"]},{"cards_removed":["Strike_B"],"damage_healed":0,"gold_gain":0,"player_choice":"Offered Basic","damage_taken":0,"max_hp_gain":0,"max_hp_loss":0,"event_name":"Bonfire Elementals","floor":7,"gold_loss":0}],"is_beta":true,"boss_relics":[],"items_purged_floors":[],"is_endless":false,"potions_floor_spawned":[2],"killed_by":"Gremlin Nob","ascension_level":20}