{"gold_per_floor":[114,39,39,59,75,75,108,108,108,108,127,159,178,178,178,275,275,290,110,110,110,128,128,3,22,90,90,115,115,115,131,131,231,231,243,243,93,93,105,105,59,59,84,84,184,9,25,43,43,43],"floor_reached":51,"playtime":1193,"items_purged":["Defend_R","Defend_R","Writhe","Entrench+1","Dark Embrace+1"],"score":831,"play_id":"77bb6839-61ac-43af-9327-9ab43662d88b","local_time":"20190901205009","is_ascension_mode":true,"campfire_choices":[{"data":"Bash","floor":6.0,"key":"SMITH"},{"data":"Pummel","floor":10.0,"key":"SMITH"},{"data":"Limit Break","floor":15.0,"key":"SMITH"},{"data":"Flex","floor":23.0,"key":"SMITH"},{"data":"Offering","floor":29.0,"key":"SMITH"},{"data":"Heavy Blade","floor":32.0,"key":"SMITH"},{"data":"Reaper","floor":40.0,"key":"SMITH"},{"data":"Iron Wave","floor":42.0,"key":"SMITH"},{"data":"Thunderclap","floor":49.0,"key":"SMITH"}],"neow_cost":"PERCENT_DAMAGE","seed_source_timestamp":247731986923600,"circlet_count":0,"master_deck":["Bash+1","Pummel+1","Immolate+1","Limit Break+1","Flex+1","Reaper+1","Offering+1","Flex+1","Heavy Blade+1","Evolve+1","Juggernaut+1","Iron Wave+1","Double Tap+1","Battle Trance+1","Thunderclap+1","Thunderclap+1"],"special_seed":0,"relics":["Burning Blood","Mummified Hand","Bag of Marbles","Bottled Flame","Lantern","Frozen Egg 2","Coffee Dripper","Paper Frog","Toxic Egg 2","Kunai","Pandora\u0027s Box","Strawberry","Unceasing Top"],"potions_floor_usage":[],"damage_taken":[{"damage":0.0,"enemies":"Small Slimes","floor":1.0,"turns":3.0},{"damage":6.0,"enemies":"Cultist","floor":4.0,"turns":3.0},{"damage":5.0,"enemies":"Jaw Worm","floor":5.0,"turns":4.0},{"damage":46.0,"enemies":"3 Sentries","floor":7.0,"turns":11.0},{"damage":0.0,"enemies":"Gremlin Gang","floor":11.0,"turns":1.0},{"damage":18.0,"enemies":"Lagavulin","floor":12.0,"turns":5.0},{"damage":0.0,"enemies":"Exordium Thugs","floor":13.0,"turns":1.0},{"damage":0.0,"enemies":"Slime Boss","floor":16.0,"turns":4.0},{"damage":0.0,"enemies":"2 Thieves","floor":18.0,"turns":2.0},{"damage":27.0,"enemies":"Spheric Guardian","floor":22.0,"turns":4.0},{"damage":0.0,"enemies":"Snake Plant","floor":25.0,"turns":1.0},{"damage":14.0,"enemies":"Book of Stabbing","floor":28.0,"turns":2.0},{"damage":0.0,"enemies":"Chosen and Byrds","floor":31.0,"turns":1.0},{"damage":94.0,"enemies":"Champ","floor":33.0,"turns":7.0},{"damage":0.0,"enemies":"Orb Walker","floor":35.0,"turns":1.0},{"damage":0.0,"enemies":"3 Shapes","floor":39.0,"turns":1.0},{"damage":23.0,"enemies":"Mind Bloom Boss Battle","floor":45.0,"turns":4.0},{"damage":8.0,"enemies":"Transient","floor":47.0,"turns":5.0},{"damage":0.0,"enemies":"3 Darklings","floor":48.0,"turns":1.0},{"damage":45,"enemies":"Donu and Deca","floor":50,"turns":3}],"seed_played":"-2933454391826004573","potions_obtained":[{"floor":7.0,"key":"Poison Potion"},{"floor":11.0,"key":"Weak Potion"},{"floor":12.0,"key":"Fire Potion"},{"floor":13.0,"key":"SpeedPotion"},{"floor":18.0,"key":"Weak Potion"},{"floor":31.0,"key":"Regen Potion"},{"floor":35.0,"key":"Weak Potion"},{"floor":45.0,"key":"Regen Potion"}],"is_trial":false,"path_per_floor":["M","$","?","M","M","R","E","?","T","R","M","E","M","T","R","B",null,"M","$","?","?","M","R","$","M","T","$","E","R","?","M","R","B",null,"M","?","$","?","M","R","$","R","T","?","?","$","M","M","R","B",null],"character_chosen":"IRONCLAD","items_purchased":["Reaper","Thunderclap"],"campfire_rested":0,"item_purchase_floors":[19,41],"current_hp_per_floor":[78,78,78,78,79,79,39,39,39,39,45,33,39,39,39,45,96,96,96,77,77,62,62,62,68,68,68,74,74,74,80,80,21,101,101,101,101,96,96,96,96,96,103,103,86,86,103,103,103,64],"gold":43,"neow_bonus":"TWENTY_PERCENT_HP_BONUS","is_prod":false,"is_daily":false,"chose_seed":false,"campfire_upgraded":9,"win_rate":0,"timestamp":1567396209,"path_taken":["M","$","?","?","M","R","E","?","T","R","?","E","M","?","R","BOSS","M","$","?","?","M","R","$","M","T","?","E","R","?","?","R","BOSS","M","?","$","?","M","R","?","R","T","?","?","$","?","M","R","BOSS"],"build_version":"2019-07-17","purchased_purges":5,"victory":true,"max_hp_per_floor":[96,96,96,96,96,96,96,96,96,96,96,96,96,96,96,96,96,96,96,101,101,101,101,101,101,101,101,101,101,101,101,101,101,101,101,101,101,96,96,96,96,96,103,103,103,103,103,103,103,103],"card_choices":[{"not_picked":["Warcry","Inflame"],"picked":"Heavy Blade","floor":1.0},{"not_picked":["Ghostly Armor","Combust","Blood for Blood"],"picked":"SKIP","floor":4.0},{"not_picked":["Ghostly Armor","Combust","Blood for Blood"],"picked":"SKIP","floor":4.0},{"not_picked":["Infernal Blade","Feel No Pain"],"picked":"Pummel","floor":5.0},{"not_picked":["Entrench","Anger"],"picked":"Immolate","floor":7.0},{"not_picked":["Sword Boomerang","Searing Blow","Clothesline"],"picked":"SKIP","floor":11.0},{"not_picked":["Burning Pact","Body Slam","Clothesline"],"picked":"SKIP","floor":12.0},{"not_picked":["True Grit","Warcry"],"picked":"Limit Break","floor":13.0},{"not_picked":["Entrench+1","Clothesline"],"picked":"Flex","floor":18.0},{"not_picked":["Iron Wave","Body Slam","Warcry"],"picked":"SKIP","floor":22.0},{"not_picked":["Hemokinesis+1","Bloodletting+1"],"picked":"Offering","floor":25.0},{"not_picked":["Reckless Charge+1","Iron Wave"],"picked":"Flex+1","floor":28.0},{"not_picked":["Ghostly Armor+1","Clash+1"],"picked":"Heavy Blade","floor":31.0},{"not_picked":["Anger","Combust+1","Wild Strike+1"],"picked":"SKIP","floor":35.0},{"not_picked":["Carnage","Sentinel+1"],"picked":"Battle Trance+1","floor":39.0},{"not_picked":["Corruption+1","Clash+1"],"picked":"Thunderclap+1","floor":47.0},{"not_picked":["Anger+1","Reckless Charge","Barricade+1"],"picked":"SKIP","floor":48.0}],"player_experience":745014,"relics_obtained":[{"floor":7.0,"key":"Bag of Marbles"},{"floor":9.0,"key":"Bottled Flame"},{"floor":12.0,"key":"Lantern"},{"floor":14.0,"key":"Frozen Egg 2"},{"floor":26.0,"key":"Toxic Egg 2"},{"floor":28.0,"key":"Kunai"},{"floor":43.0,"key":"Strawberry"},{"floor":45.0,"key":"Unceasing Top"}],"event_choices":[{"cards_removed":["Heavy Blade"],"damage_healed":0.0,"max_hp_gain":0.0,"max_hp_loss":0.0,"gold_gain":0.0,"event_name":"WeMeetAgain","player_choice":"Gave Card","floor":3.0,"gold_loss":0.0,"damage_taken":0.0,"relics_obtained":["Mummified Hand"]},{"damage_healed":0.0,"max_hp_gain":0.0,"max_hp_loss":0.0,"gold_gain":0.0,"event_name":"Accursed Blacksmith","player_choice":"Forge","floor":8.0,"gold_loss":0.0,"damage_taken":0.0,"cards_upgraded":["Immolate"]},{"damage_healed":0.0,"max_hp_gain":5.0,"max_hp_loss":0.0,"gold_gain":0.0,"event_name":"Forgotten Altar","player_choice":"Shed Blood","floor":20.0,"gold_loss":0.0,"damage_taken":24.0},{"damage_healed":0.0,"max_hp_gain":0.0,"max_hp_loss":0.0,"gold_gain":0.0,"event_name":"The Mausoleum","player_choice":"Opened","floor":21.0,"gold_loss":0.0,"damage_taken":0.0,"relics_obtained":["Paper Frog"],"cards_obtained":["Writhe"]},{"cards_removed":["Defend_R"],"damage_healed":0.0,"max_hp_gain":0.0,"max_hp_loss":0.0,"gold_gain":0.0,"event_name":"Bonfire Elementals","player_choice":"Offered Basic","floor":30.0,"gold_loss":0.0,"damage_taken":0.0},{"damage_healed":0.0,"max_hp_gain":0.0,"max_hp_loss":0.0,"gold_gain":0.0,"event_name":"Tomb of Lord Red Mask","player_choice":"Ignored","floor":36.0,"gold_loss":0.0,"damage_taken":0.0},{"damage_healed":0.0,"max_hp_gain":0.0,"max_hp_loss":5.0,"gold_gain":0.0,"event_name":"Winding Halls","player_choice":"Max HP","floor":38.0,"gold_loss":0.0,"damage_taken":0.0},{"damage_healed":0.0,"max_hp_gain":0.0,"max_hp_loss":0.0,"gold_gain":0.0,"event_name":"Mysterious Sphere","player_choice":"Ignored","floor":44.0,"gold_loss":0.0,"damage_taken":0.0},{"damage_healed":0.0,"max_hp_gain":0.0,"max_hp_loss":0.0,"gold_gain":0.0,"event_name":"MindBloom","player_choice":"Fight","floor":45.0,"gold_loss":0.0,"damage_taken":0.0}],"is_beta":false,"boss_relics":[{"not_picked":["Busted Crown","Black Star"],"picked":"Coffee Dripper"},{"not_picked":["Fusion Hammer","Black Blood"],"picked":"Pandora\u0027s Box"}],"items_purged_floors":[2,19,24,37,46],"is_endless":false,"potions_floor_spawned":[7,11,12,13,18,31,35,45],"ascension_level":1}