{"gold_per_floor":[111,62,62,79,79,79,79,95,120,144,174,202,214,246,258,368,380,407,437,449,386,418,430],"floor_reached":23,"playtime":1734,"items_purged":[],"score":210,"play_id":"2f174b3e-fc82-429f-bf48-8a523882b761","local_time":"20190809223259","is_ascension_mode":false,"campfire_choices":[{"data":"Secret Technique","floor":6,"key":"SMITH"},{"data":"Flex","floor":13,"key":"SMITH"},{"floor":15,"key":"REST"}],"neow_cost":"PERCENT_DAMAGE","seed_source_timestamp":16616092342120,"circlet_count":0,"master_deck":["Strike_R+1","Strike_R","Strike_R+1","Strike_R","Defend_R","Defend_R","Defend_R","Defend_R","Bash","Dramatic Entrance","Secret Technique+1","Flame Barrier","Flex+1","Dual Wield","Anger","Anger","Cleave","Shrug It Off","Demon Form","Headbutt","Rampage+1","Ghostly","Ghostly","Ghostly","Ghostly","Ghostly","Shrug It Off+1"],"relics":["Burning Blood","MawBank","Sozu"],"potions_floor_usage":[16,16,16],"damage_taken":[{"damage":2,"enemies":"Small Slimes","floor":1,"turns":4},{"damage":0,"enemies":"Cultist","floor":4,"turns":4},{"damage":1,"enemies":"Jaw Worm","floor":8,"turns":5},{"damage":16,"enemies":"Exordium Wildlife","floor":10,"turns":4},{"damage":12,"enemies":"Blue Slaver","floor":11,"turns":3},{"damage":8,"enemies":"Red Slaver","floor":12,"turns":3},{"damage":0,"enemies":"Lots of Slimes","floor":14,"turns":2},{"damage":26,"enemies":"Hexaghost","floor":16,"turns":9},{"damage":10,"enemies":"Shell Parasite","floor":18,"turns":4},{"damage":20,"enemies":"2 Thieves","floor":19,"turns":4},{"damage":3,"enemies":"Snake Plant","floor":22,"turns":5},{"damage":48,"enemies":"Gremlin Leader","floor":23,"turns":6}],"seed_played":"2012559762416288630","potions_obtained":[{"floor":4,"key":"Fire Potion"},{"floor":12,"key":"EssenceOfSteel"},{"floor":14,"key":"LiquidBronze"},{"floor":16,"key":"Ancient Potion"}],"is_trial":false,"path_per_floor":["M","$","?","M","?","R","$","M","T","M","M","M","R","M","R","B",null,"M","M","?","?","M","E"],"character_chosen":"IRONCLAD","items_purchased":["Flex"],"campfire_rested":1,"item_purchase_floors":[2],"current_hp_per_floor":[60,60,44,50,42,42,42,47,47,37,31,29,29,35,59,39,80,76,62,40,40,40,0],"gold":430,"neow_bonus":"RANDOM_COLORLESS_2","is_prod":false,"is_daily":false,"chose_seed":false,"campfire_upgraded":2,"win_rate":0.0,"timestamp":1565357579,"path_taken":["M","$","?","M","?","R","$","M","T","M","M","M","R","?","R","BOSS","M","M","?","?","M","E"],"build_version":"2019-07-17","purchased_purges":0,"victory":false,"max_hp_per_floor":[80,80,80,80,80,80,80,80,80,80,80,80,80,80,80,80,80,80,80,40,40,40,40],"card_choices":[{"not_picked":["Disarm","Uppercut"],"picked":"Flame Barrier","floor":1},{"not_picked":["Metallicize","Whirlwind"],"picked":"Dual Wield","floor":4},{"not_picked":["Sword Boomerang","Bloodletting"],"picked":"Anger","floor":8},{"not_picked":["Twin Strike","Ghostly Armor"],"picked":"Anger","floor":10},{"not_picked":["Flex","Intimidate"],"picked":"Cleave","floor":11},{"not_picked":["Searing Blow","Shockwave"],"picked":"Shrug It Off","floor":12},{"not_picked":["Disarm","Flame Barrier","Sever Soul"],"picked":"SKIP","floor":14},{"not_picked":["Fiend Fire","Bludgeon"],"picked":"Demon Form","floor":16},{"not_picked":["Rupture","Flex"],"picked":"Headbutt","floor":18},{"not_picked":["Corruption","Armaments+1"],"picked":"Rampage+1","floor":19},{"not_picked":["True Grit","Clothesline+1"],"picked":"Shrug It Off+1","floor":22}],"player_experience":3422,"relics_obtained":[{"floor":9,"key":"MawBank"}],"event_choices":[{"damage_healed":0,"gold_gain":0,"player_choice":"Entered Light","damage_taken":16,"max_hp_gain":0,"max_hp_loss":0,"event_name":"Shining Light","floor":3,"gold_loss":0,"cards_upgraded":["Strike_R","Strike_R"]},{"damage_healed":0,"gold_gain":0,"player_choice":"Damaged","damage_taken":8,"max_hp_gain":0,"max_hp_loss":0,"event_name":"Wheel of Change","floor":5,"gold_loss":0},{"damage_healed":0,"gold_gain":0,"player_choice":"Became a Ghost","damage_taken":0,"max_hp_gain":0,"max_hp_loss":40,"event_name":"Ghosts","floor":20,"gold_loss":0,"cards_obtained":["Ghostly","Ghostly","Ghostly","Ghostly","Ghostly"]},{"cards_removed":["Strike_R"],"damage_healed":0,"gold_gain":0,"player_choice":"Gave Gold","damage_taken":0,"max_hp_gain":0,"max_hp_loss":0,"event_name":"Beggar","floor":21,"gold_loss":75}],"is_beta":false,"boss_relics":[{"not_picked":["Snecko Eye","Busted Crown"],"picked":"Sozu"}],"items_purged_floors":[],"is_endless":false,"potions_floor_spawned":[4,12,14,16,18,19],"killed_by":"Gremlin Leader","ascension_level":0}