{"gold_per_floor":[113,113,128,154,174,174,207,219,219,248,262,262,262,42,42,165,165,178,211,136,136,51,51,75,75,75,89,10,53,1,1],"floor_reached":31,"playtime":1389,"items_purged":[],"score":326,"play_id":"95dc47ed-8181-4f36-acb5-90ba204a31af","local_time":"20190826222601","is_ascension_mode":true,"campfire_choices":[{"data":"Footwork","floor":6,"key":"SMITH"},{"floor":13,"key":"REST"},{"data":"Panache","floor":15,"key":"SMITH"},{"floor":23,"key":"REST"},{"floor":25,"key":"REST"}],"neow_cost":"NONE","seed_source_timestamp":16494515845255,"circlet_count":0,"master_deck":["Strike_G+1","Strike_G","Strike_G","Strike_G+1","Defend_G+1","Defend_G","Defend_G","Defend_G","Defend_G","Survivor","Neutralize","Poisoned Stab+1","Acrobatics","Footwork+1","Adrenaline","Terror","Escape Plan","Outmaneuver","Panache+1","Infinite Blades","Night Terror","Noxious Fumes+1","Infinite Blades+1","Well Laid Plans","Cloak And Dagger","Cloak And Dagger","After Image","Tactician+1","PiercingWail"],"relics":["Ring of the Snake","Bronze Scales","Omamori","Question Card","Calipers","Golden Idol","Sozu","Red Mask","Unceasing Top","Darkstone Periapt","Whetstone"],"potions_floor_usage":[7,7,10,16],"damage_taken":[{"damage":0,"enemies":"Cultist","floor":1,"turns":5},{"damage":0,"enemies":"Jaw Worm","floor":3,"turns":4},{"damage":0,"enemies":"2 Louse","floor":5,"turns":2},{"damage":1,"enemies":"Lagavulin","floor":7,"turns":7},{"damage":6,"enemies":"Looter","floor":8,"turns":3},{"damage":18,"enemies":"Gremlin Nob","floor":10,"turns":4},{"damage":1,"enemies":"Blue Slaver","floor":11,"turns":3},{"damage":8,"enemies":"Slime Boss","floor":16,"turns":8},{"damage":14,"enemies":"2 Thieves","floor":18,"turns":4},{"damage":43,"enemies":"Masked Bandits","floor":19,"turns":5},{"damage":0,"enemies":"3 Byrds","floor":24,"turns":3},{"damage":7,"enemies":"Centurion and Healer","floor":27,"turns":5},{"damage":31,"enemies":"Slavers","floor":29,"turns":5},{"damage":7,"enemies":"Snecko","floor":31,"turns":2}],"seed_played":"-284893762899292865","potions_obtained":[{"floor":0,"key":"EssenceOfSteel"},{"floor":0,"key":"Poison Potion"},{"floor":0,"key":"AttackPotion"},{"floor":11,"key":"Weak Potion"}],"is_trial":false,"path_per_floor":["M","?","M","T","M","R","E","M","T","E","M","?","R","$","R","B",null,"M","?","?","?","$","R","M","R","T","M","$","E","$","M"],"character_chosen":"THE_SILENT","items_purchased":["Panache","Infinite Blades","Well Laid Plans","Cloak And Dagger","After Image","PiercingWail"],"campfire_rested":3,"item_purchase_floors":[14,14,22,22,28,30],"current_hp_per_floor":[70,56,56,56,56,56,55,49,49,31,30,13,34,34,34,26,59,45,2,2,2,2,23,23,44,44,37,37,6,6,0],"gold":1,"neow_bonus":"THREE_SMALL_POTIONS","is_prod":false,"is_daily":false,"chose_seed":false,"campfire_upgraded":2,"win_rate":0,"timestamp":1566825961,"path_taken":["M","?","M","?","?","R","E","M","T","E","M","?","R","$","R","BOSS","M","?","?","?","$","R","M","R","T","M","$","E","?","?"],"build_version":"2019-07-17","purchased_purges":0,"victory":false,"max_hp_per_floor":[70,70,70,70,70,70,70,70,70,70,70,70,70,70,70,70,70,70,70,70,70,70,70,70,70,70,70,70,70,70,70],"card_choices":[{"not_picked":["Backflip","Prepared"],"picked":"Poisoned Stab","floor":1},{"not_picked":["Quick Slash","Caltrops"],"picked":"Acrobatics","floor":3},{"not_picked":["Backflip","Dagger Spray"],"picked":"Footwork","floor":5},{"not_picked":["Night Terror","Outmaneuver"],"picked":"Adrenaline","floor":7},{"not_picked":["Eviscerate","Outmaneuver"],"picked":"Terror","floor":8},{"not_picked":["Masterful Stab","Cloak And Dagger","Outmaneuver"],"picked":"Escape Plan","floor":10},{"not_picked":["Terror","Distraction","Deadly Poison"],"picked":"Outmaneuver","floor":11},{"not_picked":["Bullet Time","Grand Finale","Doppelganger"],"picked":"Night Terror","floor":16},{"not_picked":["Backflip","Outmaneuver+1","Prepared"],"picked":"Noxious Fumes+1","floor":18},{"not_picked":["Quick Slash","Backflip","Setup"],"picked":"Infinite Blades+1","floor":19},{"not_picked":["Sucker Punch+1","Noxious Fumes","Bouncing Flask"],"picked":"Cloak And Dagger","floor":24},{"not_picked":["Flechettes+1","Predator","Flying Knee","Backstab+1"],"picked":"SKIP","floor":27},{"not_picked":["Caltrops","Bullet Time","Bane"],"picked":"Tactician+1","floor":29}],"player_experience":242536,"relics_obtained":[{"floor":4,"key":"Bronze Scales"},{"floor":7,"key":"Omamori"},{"floor":9,"key":"Question Card"},{"floor":10,"key":"Calipers"},{"floor":19,"key":"Red Mask"},{"floor":26,"key":"Darkstone Periapt"},{"floor":29,"key":"Whetstone"}],"event_choices":[{"damage_healed":0,"gold_gain":0,"player_choice":"Entered Light","damage_taken":14,"max_hp_gain":0,"max_hp_loss":0,"event_name":"Shining Light","floor":2,"gold_loss":0,"cards_upgraded":["Poisoned Stab","Defend_G"]},{"damage_healed":0,"gold_gain":0,"player_choice":"Take Damage","damage_taken":17,"relics_obtained":["Golden Idol"],"max_hp_gain":0,"max_hp_loss":0,"event_name":"Golden Idol","floor":12,"gold_loss":0},{"damage_healed":0,"gold_gain":0,"player_choice":"Fought Bandits","damage_taken":0,"max_hp_gain":0,"max_hp_loss":0,"event_name":"Masked Bandits","floor":19,"gold_loss":0},{"cards_removed":["Strike_G"],"damage_healed":0,"gold_gain":0,"player_choice":"Gave Gold","damage_taken":0,"max_hp_gain":0,"max_hp_loss":0,"event_name":"Beggar","floor":20,"gold_loss":75},{"damage_healed":0,"gold_gain":0,"player_choice":"Opened","damage_taken":0,"relics_obtained":["Unceasing Top"],"max_hp_gain":0,"max_hp_loss":0,"event_name":"The Mausoleum","floor":21,"gold_loss":0,"cards_obtained":["Writhe"]}],"is_beta":false,"boss_relics":[{"not_picked":["Black Star","Empty Cage"],"picked":"Sozu"}],"items_purged_floors":[],"is_endless":false,"potions_floor_spawned":[1,11,18,19,27],"killed_by":"Snecko","ascension_level":5}