{"gold_per_floor":[114,114,33,48,123,138,153,168,218,233,233,248,278,293,293,293],"floor_reached":16,"playtime":681,"items_purged":[],"score":106,"play_id":"20ea96d0-953c-4f62-a57e-24513a0dacba","local_time":"20190818133351","daily_mods":["Heirloom","Uncertain Future","Binary"],"is_ascension_mode":false,"campfire_choices":[{"data":"Neutralize","floor":11,"key":"SMITH"},{"floor":15,"key":"REST"}],"neow_cost":"","seed_source_timestamp":0,"circlet_count":0,"master_deck":["Strike_G","Strike_G","Strike_G","Strike_G","Strike_G","Defend_G","Defend_G","Defend_G","Defend_G","Defend_G","Survivor","Neutralize+1","Accuracy","Accuracy","Dagger Spray","Dagger Throw","Prepared","Dodge and Roll"],"special_seed":18126,"relics":["Ring of the Snake","StoneCalendar","Smiling Mask","Regal Pillow","Matryoshka"],"potions_floor_usage":[10,13,16],"damage_taken":[{"damage":0,"enemies":"Cultist","floor":1,"turns":4},{"damage":7,"enemies":"2 Louse","floor":4,"turns":2},{"damage":2,"enemies":"Small Slimes","floor":6,"turns":4},{"damage":8,"enemies":"2 Fungi Beasts","floor":7,"turns":4},{"damage":4,"enemies":"Blue Slaver","floor":8,"turns":5},{"damage":7,"enemies":"Large Slime","floor":10,"turns":7},{"damage":0,"enemies":"Exordium Wildlife","floor":12,"turns":2},{"damage":16,"enemies":"Lagavulin","floor":13,"turns":7},{"damage":7,"enemies":"Exordium Thugs","floor":14,"turns":5},{"damage":52,"enemies":"Hexaghost","floor":16,"turns":14}],"seed_played":"-5106562656885795289","potions_obtained":[{"floor":1,"key":"SpeedPotion"},{"floor":4,"key":"SteroidPotion"},{"floor":10,"key":"PowerPotion"},{"floor":12,"key":"Explosive Potion"}],"is_trial":false,"path_per_floor":["M","T","$","M","?","M","M","M","T","M","R","M","E","M","R","B"],"character_chosen":"THE_SILENT","items_purchased":["Accuracy"],"campfire_rested":1,"item_purchase_floors":[3],"current_hp_per_floor":[70,70,70,63,56,54,46,42,42,35,35,35,19,12,48,0],"gold":293,"neow_bonus":"","is_prod":false,"is_daily":true,"chose_seed":false,"campfire_upgraded":1,"win_rate":0,"timestamp":1566102831,"path_taken":["M","?","$","M","?","M","?","M","T","M","R","M","E","M","R","BOSS"],"build_version":"2019-07-17","purchased_purges":0,"victory":false,"max_hp_per_floor":[70,70,70,70,70,70,70,70,70,70,70,70,70,70,70,70],"card_choices":[{"not_picked":["Dodge and Roll"],"picked":"Accuracy","floor":1},{"not_picked":["Bane"],"picked":"Dagger Spray","floor":4},{"not_picked":["Acrobatics"],"picked":"Dagger Throw","floor":6},{"not_picked":["Underhanded Strike"],"picked":"Prepared","floor":7},{"not_picked":["Predator","Heel Hook"],"picked":"SKIP","floor":8},{"not_picked":["Predator","Quick Slash"],"picked":"SKIP","floor":10},{"not_picked":["Deflect","Bane"],"picked":"SKIP","floor":12},{"not_picked":["Predator"],"picked":"Dodge and Roll","floor":13},{"not_picked":["Poisoned Stab","Predator"],"picked":"SKIP","floor":14}],"player_experience":173449,"relics_obtained":[{"floor":2,"key":"Smiling Mask"},{"floor":9,"key":"Regal Pillow"},{"floor":13,"key":"Matryoshka"}],"event_choices":[{"damage_healed":0,"gold_gain":75,"player_choice":"Touch","damage_taken":7,"max_hp_gain":0,"max_hp_loss":0,"event_name":"FaceTrader","floor":5,"gold_loss":0}],"is_beta":false,"boss_relics":[],"items_purged_floors":[],"is_endless":false,"potions_floor_spawned":[1,4,10,12],"killed_by":"Hexaghost","ascension_level":0}