{"gold_per_floor":[17,17,17,92,115,146,166,166,213,237,237,7,25,25,25,154,154,169,120,120,120,120,154,154,188,188,204,204,220,220,244,244,373,373,398,103,228,34,55,55,55,90,169,169,194,194,294,94,94,94],"floor_reached":50,"playtime":2864,"items_purged":["Strike_R","Strike_R+1","Strike_R+1"],"score":657,"play_id":"1d383b3d-57a9-484f-bcee-2db3d2294676","local_time":"20190813170643","is_ascension_mode":true,"campfire_choices":[{"data":"Uppercut","floor":8,"key":"SMITH"},{"data":"Armaments","floor":11,"key":"SMITH"},{"floor":15,"key":"REST"},{"data":"True Grit","floor":24,"key":"SMITH"},{"floor":30,"key":"REST"},{"floor":32,"key":"REST"},{"data":"Barricade","floor":40,"key":"SMITH"},{"data":"Body Slam","floor":44,"key":"SMITH"},{"data":"Demon Form","floor":46,"key":"SMITH"},{"data":"Pommel Strike","floor":49,"key":"SMITH"}],"neow_cost":"NO_GOLD","seed_source_timestamp":3947765703055,"circlet_count":0,"master_deck":["Strike_R+1","Defend_R+1","Defend_R+1","Defend_R+1","Defend_R+1","Bash","Demon Form+1","Armaments+1","Power Through","Uppercut+1","Dropkick","Power Through","Offering","Juggernaut","True Grit+1","Heavy Blade","Spot Weakness+1","Sever Soul","Flex+1","Pommel Strike+1","Warcry","Barricade+1","Shrug It Off+1","Warcry","Body Slam+1","Flame Barrier","Uppercut+1"],"relics":["Burning Blood","Golden Idol","Blood Vial","Bronze Scales","Mark of Pain","Pen Nib","Mango","Bag of Marbles","FossilizedHelix","Coffee Dripper","Lantern","Calipers","Boot","Gremlin Horn","Ancient Tea Set"],"potions_floor_usage":[10,16,18,27,29,35,37,50,50,50],"damage_taken":[{"damage":0,"enemies":"Small Slimes","floor":1,"turns":4},{"damage":7,"enemies":"Jaw Worm","floor":5,"turns":3},{"damage":72,"enemies":"Gremlin Nob","floor":6,"turns":8},{"damage":3,"enemies":"2 Louse","floor":7,"turns":3},{"damage":1,"enemies":"Red Slaver","floor":10,"turns":3},{"damage":8,"enemies":"Lots of Slimes","floor":13,"turns":6},{"damage":31,"enemies":"Hexaghost","floor":16,"turns":10},{"damage":23,"enemies":"2 Thieves","floor":18,"turns":4},{"damage":50,"enemies":"Book of Stabbing","floor":23,"turns":6},{"damage":40,"enemies":"Slavers","floor":25,"turns":6},{"damage":0,"enemies":"Shell Parasite","floor":27,"turns":3},{"damage":30,"enemies":"3 Cultists","floor":29,"turns":6},{"damage":2,"enemies":"Snake Plant","floor":31,"turns":2},{"damage":34,"enemies":"Champ","floor":33,"turns":10},{"damage":0,"enemies":"3 Shapes","floor":35,"turns":6},{"damage":0,"enemies":"Mind Bloom Boss Battle","floor":37,"turns":7},{"damage":0,"enemies":"Orb Walker","floor":39,"turns":2},{"damage":10,"enemies":"Nemesis","floor":42,"turns":5},{"damage":44,"enemies":"Sphere and 2 Shapes","floor":45,"turns":7},{"damage":74,"enemies":"Donu and Deca","floor":50,"turns":8}],"seed_played":"-1035166324429330555","potions_obtained":[{"floor":6,"key":"Strength Potion"},{"floor":7,"key":"EssenceOfSteel"},{"floor":16,"key":"Poison Potion"},{"floor":25,"key":"Block Potion"},{"floor":27,"key":"Regen Potion"},{"floor":31,"key":"Explosive Potion"},{"floor":35,"key":"Regen Potion"},{"floor":37,"key":"SpeedPotion"},{"floor":42,"key":"Strength Potion"},{"floor":45,"key":"Weak Potion"}],"is_trial":false,"path_per_floor":["M","?","?","?","M","E","M","R","T","M","R","$","M","$","R","B",null,"M","$","$","T","?","E","R","E","T","M","?","M","R","M","R","B",null,"M","$","?","$","M","R","?","E","T","R","M","R","?","$","R","B"],"character_chosen":"IRONCLAD","items_purchased":["Offering","Heavy Blade","Lantern","Warcry","Flame Barrier","PowerPotion","Ancient Tea Set"],"campfire_rested":3,"item_purchase_floors":[12,19,36,36,38,48,48],"current_hp_per_floor":[80,80,85,77,76,10,15,15,15,22,22,22,22,22,47,24,85,68,68,68,68,68,40,40,8,8,16,16,9,38,44,73,47,99,99,99,99,99,99,99,99,95,95,95,59,59,59,59,59,0],"gold":94,"neow_bonus":"THREE_RARE_CARDS","is_prod":false,"is_daily":false,"chose_seed":false,"campfire_upgraded":7,"win_rate":0,"timestamp":1565683603,"path_taken":["M","?","?","?","M","E","M","R","T","?","R","?","M","$","R","BOSS","M","?","$","?","?","E","R","E","T","?","?","M","R","M","R","BOSS","M","$","?","$","M","R","?","E","T","R","?","R","?","?","R","BOSS"],"build_version":"2019-07-17","purchased_purges":3,"victory":false,"max_hp_per_floor":[80,80,85,85,85,85,85,85,85,85,85,85,85,85,85,85,85,85,85,85,85,85,99,99,99,99,99,99,99,99,99,99,99,99,99,99,99,99,99,99,99,99,99,99,99,99,99,99,99,99],"card_choices":[{"not_picked":["Brutality","Juggernaut"],"picked":"Demon Form","floor":0},{"not_picked":["Clash","Perfected Strike"],"picked":"Armaments","floor":1},{"not_picked":["Perfected Strike","Shrug It Off"],"picked":"Power Through","floor":5},{"not_picked":["Fire Breathing","Anger"],"picked":"Uppercut","floor":6},{"not_picked":["Rupture","Anger"],"picked":"Dropkick","floor":7},{"not_picked":["Twin Strike","Wild Strike"],"picked":"Power Through","floor":10},{"not_picked":["Twin Strike","Blood for Blood","Perfected Strike"],"picked":"SKIP","floor":13},{"not_picked":["Brutality","Immolate"],"picked":"Juggernaut","floor":16},{"not_picked":["Dropkick","Headbutt"],"picked":"True Grit","floor":18},{"not_picked":["Bloodletting","Twin Strike"],"picked":"Spot Weakness+1","floor":23},{"not_picked":["Rupture","Twin Strike"],"picked":"Sever Soul","floor":25},{"not_picked":["Clash","Body Slam"],"picked":"Flex+1","floor":27},{"not_picked":["Clothesline+1","Cleave+1"],"picked":"Pommel Strike","floor":29},{"not_picked":["Havoc","Clothesline"],"picked":"Warcry","floor":31},{"not_picked":["Juggernaut","Immolate"],"picked":"Barricade","floor":33},{"not_picked":["Heavy Blade","Iron Wave+1"],"picked":"Shrug It Off+1","floor":35},{"not_picked":["Ghostly Armor","Warcry"],"picked":"Body Slam","floor":37},{"not_picked":["Havoc","Iron Wave"],"picked":"Uppercut+1","floor":39},{"not_picked":["Uppercut","Twin Strike+1","Shrug It Off"],"picked":"SKIP","floor":42},{"not_picked":["Whirlwind","Carnage","Havoc"],"picked":"SKIP","floor":45}],"player_experience":78261,"relics_obtained":[{"floor":6,"key":"Blood Vial"},{"floor":9,"key":"Bronze Scales"},{"floor":21,"key":"Pen Nib"},{"floor":23,"key":"Mango"},{"floor":25,"key":"Bag of Marbles"},{"floor":26,"key":"FossilizedHelix"},{"floor":37,"key":"Calipers"},{"floor":42,"key":"Boot"},{"floor":43,"key":"Gremlin Horn"}],"event_choices":[{"damage_healed":0,"gold_gain":0,"player_choice":"Take Wound","damage_taken":0,"relics_obtained":["Golden Idol"],"max_hp_gain":0,"max_hp_loss":0,"event_name":"Golden Idol","floor":2,"gold_loss":0,"cards_obtained":["Injury"]},{"damage_healed":0,"gold_gain":0,"player_choice":"Donut","damage_taken":0,"max_hp_gain":5,"max_hp_loss":0,"event_name":"Big Fish","floor":3,"gold_loss":0},{"damage_healed":0,"gold_gain":75,"player_choice":"Touch","damage_taken":8,"max_hp_gain":0,"max_hp_loss":0,"event_name":"FaceTrader","floor":4,"gold_loss":0},{"cards_removed":["Strike_R"],"damage_healed":0,"gold_gain":0,"player_choice":"Purged","damage_taken":0,"max_hp_gain":0,"max_hp_loss":0,"event_name":"Purifier","floor":22,"gold_loss":0},{"damage_healed":0,"gold_gain":0,"player_choice":"Simplicity","damage_taken":0,"max_hp_gain":0,"max_hp_loss":0,"event_name":"Back to Basics","floor":28,"gold_loss":0,"cards_upgraded":["Strike_R","Strike_R","Strike_R","Defend_R","Defend_R","Defend_R","Defend_R"]},{"damage_healed":0,"gold_gain":0,"player_choice":"Fight","damage_taken":0,"max_hp_gain":0,"max_hp_loss":0,"event_name":"MindBloom","floor":37,"gold_loss":0},{"cards_removed":["Injury"],"damage_healed":0,"gold_gain":0,"player_choice":"Removed Curses","damage_taken":0,"max_hp_gain":0,"max_hp_loss":0,"event_name":"Fountain of Cleansing","floor":41,"gold_loss":0},{"damage_healed":0,"gold_gain":100,"player_choice":"Pray","damage_taken":0,"max_hp_gain":0,"max_hp_loss":0,"event_name":"Golden Shrine","floor":47,"gold_loss":0}],"is_beta":false,"boss_relics":[{"not_picked":["Astrolabe","Lizard Tail"],"picked":"Mark of Pain"},{"not_picked":["Black Star","Tiny House"],"picked":"Coffee Dripper"}],"items_purged_floors":[12,36,38],"is_endless":false,"potions_floor_spawned":[6,7,16,25,27,31,35,37,42,45],"killed_by":"Donu and Deca","ascension_level":2}