{"gold_per_floor":[119,119,129,404,163,163,174,200,226,246,272,285,304,42,42,121,121,139,158,172,172,182,182,217,227,251,251,31,63,63,38,38,38],"floor_reached":33,"playtime":1336,"items_purged":["Regret"],"score":560,"play_id":"4215995d-f2a7-4f53-ab73-8334de398091","local_time":"20190413010911","is_ascension_mode":true,"campfire_choices":[{"data":"Bash","floor":6.0,"key":"SMITH"},{"floor":15,"key":"REST"},{"floor":23,"key":"REST"},{"floor":27,"key":"REST"},{"data":"Limit Break","floor":32,"key":"SMITH"}],"neow_cost":"PERCENT_DAMAGE","seed_source_timestamp":0,"circlet_count":0,"master_deck":["AscendersBane","Strike_R","Strike_R","Defend_R","Defend_R","Defend_R","Defend_R","Bash+1","Clash","Rage","Battle Trance","Metallicize","Shrug It Off","True Grit","Pommel Strike","Anger","Sword Boomerang","Feed+1","Thunderclap+1","Rampage+1","Twin Strike+1","Limit Break+1","Body Slam+1","Glacier","Body Slam+1"],"special_seed":0,"relics":["Burning Blood","Red Skull","Pen Nib","Lantern","Du-Vu Doll","Molten Egg 2","Philosopher\u0027s Stone","Bottled Flame","PreservedInsect","PrismaticShard","Art of War"],"potions_floor_usage":[19],"damage_taken":[{"damage":1.0,"enemies":"2 Louse","floor":1.0,"turns":2.0},{"damage":0.0,"enemies":"Cultist","floor":3.0,"turns":3.0},{"damage":8.0,"enemies":"Small Slimes","floor":7.0,"turns":5.0},{"damage":22.0,"enemies":"3 Sentries","floor":8.0,"turns":16.0},{"damage":6.0,"enemies":"Red Slaver","floor":10.0,"turns":6.0},{"damage":28.0,"enemies":"Gremlin Nob","floor":11.0,"turns":5.0},{"damage":17,"enemies":"Gremlin Gang","floor":12,"turns":5},{"damage":0,"enemies":"Large Slime","floor":13,"turns":3},{"damage":22,"enemies":"The Guardian","floor":16,"turns":16},{"damage":4,"enemies":"2 Thieves","floor":18,"turns":4},{"damage":12,"enemies":"3 Byrds","floor":19,"turns":5},{"damage":54,"enemies":"Cultist and Chosen","floor":20,"turns":8},{"damage":6,"enemies":"3 Cultists","floor":22,"turns":3},{"damage":27,"enemies":"Gremlin Leader","floor":24,"turns":7},{"damage":18,"enemies":"Snake Plant","floor":25,"turns":3},{"damage":11,"enemies":"Slavers","floor":29,"turns":2},{"damage":106,"enemies":"Collector","floor":33,"turns":7}],"seed_played":"2937125295422800545","potions_obtained":[{"floor":3.0,"key":"Weak Potion"},{"floor":7.0,"key":"PowerPotion"},{"floor":10.0,"key":"Fruit Juice"},{"floor":16,"key":"Swift Potion"},{"floor":19,"key":"LiquidBronze"},{"floor":22,"key":"EssenceOfSteel"},{"floor":25,"key":"Fire Potion"}],"is_trial":false,"path_per_floor":["M","?","M","?","$","R","M","E","T","M","E","M","M","$","R","B",null,"M","M","M","?","M","R","E","M","T","R","$","E","?","$","R","B"],"character_chosen":"IRONCLAD","items_purchased":["Red Skull","Molten Egg 2","PrismaticShard","Body Slam+1"],"campfire_rested":3,"item_purchase_floors":[5,14,28,31],"current_hp_per_floor":[55,55,61,61,61,61,59,43,43,48,26,15,21,21,45,29,67,73,71,23,23,27,54,33,21,21,48,48,47,106,106,106,0],"gold":38,"neow_bonus":"TRANSFORM_TWO_CARDS","is_prod":false,"is_daily":false,"chose_seed":false,"campfire_upgraded":2,"win_rate":0,"timestamp":1555132151,"path_taken":["M","?","?","?","$","R","?","E","T","M","E","M","M","?","R","BOSS","M","?","M","?","M","R","E","?","T","R","$","E","?","$","R","BOSS"],"build_version":"2019-01-23","purchased_purges":1,"victory":false,"max_hp_per_floor":[75,75,75,75,75,75,75,75,75,80,80,80,80,80,80,80,80,84,88,88,88,92,92,92,92,92,92,92,96,106,106,106,106],"card_choices":[{"not_picked":["Headbutt","Blood for Blood"],"picked":"Battle Trance","floor":1.0},{"not_picked":["Sentinel","Warcry"],"picked":"Metallicize","floor":3.0},{"not_picked":["Anger","Warcry"],"picked":"Shrug It Off","floor":7.0},{"not_picked":["Clash","Shrug It Off"],"picked":"True Grit","floor":8.0},{"not_picked":["Twin Strike","Intimidate"],"picked":"Pommel Strike","floor":10.0},{"not_picked":["Searing Blow","Bludgeon"],"picked":"Anger","floor":11.0},{"not_picked":["Twin Strike","Combust"],"picked":"Sword Boomerang","floor":12},{"not_picked":["Evolve","Headbutt","Blood for Blood"],"picked":"SKIP","floor":13},{"not_picked":["Offering","Brutality"],"picked":"Feed+1","floor":16},{"not_picked":["Power Through+1","Wild Strike+1"],"picked":"Thunderclap+1","floor":18},{"not_picked":["Pommel Strike+1","Flex"],"picked":"Rampage+1","floor":19},{"not_picked":["Anger+1","Flex"],"picked":"Twin Strike+1","floor":20},{"not_picked":["Sword Boomerang+1","Wild Strike+1"],"picked":"Limit Break","floor":22},{"not_picked":["True Grit","Power Through","Warcry"],"picked":"SKIP","floor":24},{"not_picked":["Sword Boomerang+1","Perfected Strike+1"],"picked":"Body Slam+1","floor":25},{"not_picked":["Ghostly Armor","Thunderclap+1"],"picked":"Glacier","floor":29}],"player_experience":280847,"relics_obtained":[{"floor":8.0,"key":"Pen Nib"},{"floor":9.0,"key":"Lantern"},{"floor":11.0,"key":"Du-Vu Doll"},{"floor":24,"key":"Bottled Flame"},{"floor":26,"key":"PreservedInsect"},{"floor":29,"key":"Art of War"}],"event_choices":[{"cards_removed":["Strike_R"],"damage_healed":0.0,"max_hp_gain":0.0,"max_hp_loss":0.0,"gold_gain":0.0,"event_name":"Purifier","player_choice":"Purged","floor":2.0,"gold_loss":0.0,"damage_taken":0.0},{"damage_healed":0.0,"max_hp_gain":0.0,"max_hp_loss":0.0,"gold_gain":275.0,"event_name":"Golden Shrine","player_choice":"Desecrate","floor":4.0,"gold_loss":0.0,"damage_taken":0.0,"cards_obtained":["Regret"]},{"damage_healed":0,"gold_gain":0,"player_choice":"1 cards matched","damage_taken":0,"max_hp_gain":0,"max_hp_loss":0,"event_name":"Match and Keep!","floor":21,"gold_loss":0,"cards_obtained":["Offering"]},{"cards_removed":["Offering"],"damage_healed":49,"gold_gain":0,"player_choice":"Offered Rare","damage_taken":0,"max_hp_gain":10,"max_hp_loss":0,"event_name":"Bonfire Elementals","floor":30,"gold_loss":0}],"is_beta":false,"boss_relics":[{"not_picked":["Calling Bell","Runic Dome"],"picked":"Philosopher\u0027s Stone"}],"items_purged_floors":[5],"is_endless":false,"potions_floor_spawned":[3,7,10,16,19,22,25,29],"killed_by":"Collector","ascension_level":16}