{"gold_per_floor":[109,109,123,198,198,230,242,277,301,318,338,49,67,96,108,193,205,233,257,269,281,313,325,369,381,462,485,525,537,565,587,599,687,699,725,518,518,533,127,127,26,26,51,71,89,123,142,158,158,158,158],"floor_reached":52,"playtime":3665,"items_purged":["Strike_B","Strike_B+1","Strike_B+1"],"score":2017,"play_id":"3be1c180-3e1e-4512-8f3a-fd7e919f743f","local_time":"20190619115806","is_ascension_mode":true,"campfire_choices":[{"data":"Defragment","floor":15,"key":"SMITH"},{"data":"Creative AI","floor":23,"key":"SMITH"},{"data":"Coolheaded","floor":25,"key":"SMITH"},{"floor":29,"key":"REST"},{"floor":32,"key":"REST"},{"data":"Defragment","floor":40,"key":"SMITH"},{"data":"Glacier","floor":42,"key":"SMITH"},{"data":"Loop","floor":49,"key":"SMITH"}],"neow_cost":"NONE","seed_source_timestamp":3427120765519426,"circlet_count":0,"master_deck":["AscendersBane","Strike_B+1","Defend_B+1","Defend_B+1","Defend_B+1","Defend_B+1","Zap+1","Dualcast","Reinforced Body","Chill","Self Repair","Seek","Rainbow","Chill","Genetic Algorithm","Defragment+1","Rip and Tear","Coolheaded","Creative AI+1","Ball Lightning","Cold Snap+1","Coolheaded+1","Undo","Compile Driver+1","Core Surge+1","Coolheaded+1","Defragment+1","Echo Form","Genetic Algorithm+1","Glacier+1","Self Repair","Coolheaded","FTL","Chill","Loop+1"],"relics":["Cracked Core","NeowsBlessing","Ancient Tea Set","Smiling Mask","Pen Nib","DataDisk","MawBank","Inserter","Potion Belt","Mercury Hourglass","Regal Pillow","Sozu","Membership Card","Anchor","Bronze Scales","HandDrill","Lantern","Whetstone"],"potions_floor_usage":[8,8,14,16,24,33,46,50,50],"damage_taken":[{"damage":0,"enemies":"Small Slimes","floor":1,"turns":1},{"damage":0,"enemies":"Cultist","floor":3,"turns":1},{"damage":0,"enemies":"3 Sentries","floor":6,"turns":1},{"damage":12,"enemies":"Jaw Worm","floor":7,"turns":5},{"damage":14,"enemies":"Lagavulin","floor":8,"turns":9},{"damage":8,"enemies":"3 Louse","floor":10,"turns":4},{"damage":13,"enemies":"Exordium Wildlife","floor":11,"turns":6},{"damage":0,"enemies":"Looter","floor":13,"turns":4},{"damage":1,"enemies":"3 Sentries","floor":14,"turns":11},{"damage":9,"enemies":"Slime Boss","floor":16,"turns":11},{"damage":3,"enemies":"Spheric Guardian","floor":18,"turns":6},{"damage":9,"enemies":"3 Byrds","floor":19,"turns":7},{"damage":6,"enemies":"Centurion and Healer","floor":22,"turns":7},{"damage":21,"enemies":"Slavers","floor":24,"turns":8},{"damage":9,"enemies":"Snake Plant","floor":27,"turns":5},{"damage":33,"enemies":"Book of Stabbing","floor":28,"turns":8},{"damage":0,"enemies":"Cultist and Chosen","floor":30,"turns":7},{"damage":2,"enemies":"Snecko","floor":31,"turns":5},{"damage":26,"enemies":"Automaton","floor":33,"turns":12},{"damage":0,"enemies":"Orb Walker","floor":35,"turns":4},{"damage":0,"enemies":"3 Shapes","floor":38,"turns":3},{"damage":24,"enemies":"Maw","floor":44,"turns":9},{"damage":0,"enemies":"Writhing Mass","floor":45,"turns":8},{"damage":35,"enemies":"Reptomancer","floor":46,"turns":8},{"damage":25,"enemies":"Sphere and 2 Shapes","floor":47,"turns":5},{"damage":23,"enemies":"3 Darklings","floor":48,"turns":9},{"damage":0,"enemies":"Awakened One","floor":50,"turns":19},{"damage":25,"enemies":"Donu and Deca","floor":51,"turns":14}],"seed_played":"-3530713140612741501","potions_obtained":[{"floor":1,"key":"Block Potion"},{"floor":3,"key":"PowerPotion"},{"floor":8,"key":"SteroidPotion"},{"floor":11,"key":"Regen Potion"},{"floor":14,"key":"Explosive Potion"},{"floor":16,"key":"FearPotion"},{"floor":19,"key":"SteroidPotion"},{"floor":24,"key":"Explosive Potion"},{"floor":27,"key":"Fire Potion"},{"floor":30,"key":"LiquidBronze"},{"floor":33,"key":"Weak Potion"}],"is_trial":false,"path_per_floor":["M","?","M","?","?","E","M","E","T","M","M","$","M","E","R","B",null,"M","M","?","?","M","R","E","R","T","M","E","R","M","M","R","B",null,"M","$","?","M","$","R","$","R","T","M","M","E","M","M","R","B","B",null],"character_chosen":"DEFECT","items_purchased":["DataDisk","Defragment","Membership Card","Anchor","Bronze Scales","HandDrill","Glacier","Self Repair","Coolheaded","FTL"],"campfire_rested":2,"item_purchase_floors":[12,12,36,39,39,39,39,39,41,41],"current_hp_per_floor":[64,54,54,43,43,43,38,31,31,30,17,17,24,45,45,43,64,68,66,66,56,57,57,43,43,43,34,1,37,37,35,71,52,66,66,66,66,66,66,66,66,66,66,70,71,57,39,37,37,51,40],"gold":158,"neow_bonus":"THREE_ENEMY_KILL","is_prod":false,"is_daily":false,"chose_seed":false,"campfire_upgraded":6,"win_rate":0,"timestamp":1560959886,"path_taken":["M","?","?","?","?","E","?","E","T","M","M","$","M","E","R","BOSS","M","M","?","?","?","R","E","R","T","M","E","R","M","M","R","BOSS","M","$","?","M","$","R","?","R","T","M","M","E","M","M","R","BOSS","BOSS"],"build_version":"2019-01-23","purchased_purges":3,"victory":true,"max_hp_per_floor":[71,71,71,71,71,71,71,71,71,71,71,71,71,71,71,71,71,71,71,71,71,71,71,71,71,71,71,71,71,71,71,71,71,71,71,71,71,71,71,71,71,71,71,71,71,71,71,71,71,71,71],"card_choices":[{"not_picked":["Rebound","Redo"],"picked":"Reinforced Body","floor":1},{"not_picked":["Leap","Beam Cell"],"picked":"Chill","floor":3},{"not_picked":["Gash","Storm"],"picked":"Self Repair","floor":6},{"not_picked":["Turbo","Compile Driver"],"picked":"Seek","floor":7},{"not_picked":["Reprogram","Heatsinks"],"picked":"Rainbow","floor":8},{"not_picked":["Recycle","Reinforced Body"],"picked":"Chill","floor":10},{"not_picked":["Turbo","Coolheaded"],"picked":"Genetic Algorithm","floor":11},{"not_picked":["Melter","Double Energy"],"picked":"Rip and Tear","floor":13},{"not_picked":["Beam Cell","Lockon"],"picked":"Coolheaded","floor":14},{"not_picked":["Seek","Rainbow"],"picked":"Creative AI","floor":16},{"not_picked":["Tempest","Hologram"],"picked":"Ball Lightning","floor":18},{"not_picked":["Melter","Gash"],"picked":"Cold Snap","floor":19},{"not_picked":["Leap","Steam"],"picked":"Coolheaded","floor":22},{"not_picked":["Conserve Battery","BootSequence"],"picked":"Undo","floor":24},{"not_picked":["Rebound","Fusion"],"picked":"Compile Driver+1","floor":27},{"not_picked":["Turbo","Compile Driver"],"picked":"Core Surge","floor":28},{"not_picked":["Beam Cell","Rip and Tear"],"picked":"Coolheaded+1","floor":30},{"not_picked":["Chill","Capacitor"],"picked":"Defragment","floor":31},{"not_picked":["Biased Cognition","Meteor Strike"],"picked":"Echo Form","floor":33},{"not_picked":["Stack","Gash","Leap"],"picked":"SKIP","floor":35},{"not_picked":["Rebound","Sweeping Beam"],"picked":"Genetic Algorithm+1","floor":38},{"not_picked":["Leap+1","Compile Driver"],"picked":"Chill","floor":44},{"not_picked":["Streamline","Self Repair","Beam Cell+1"],"picked":"SKIP","floor":45},{"not_picked":["Auto Shields","Cold Snap"],"picked":"Loop","floor":46},{"not_picked":["Go for the Eyes+1","Ball Lightning","Leap+1"],"picked":"SKIP","floor":47},{"not_picked":["Compile Driver","Multi-Cast","Conserve Battery"],"picked":"SKIP","floor":48}],"player_experience":439776,"relics_obtained":[{"floor":6,"key":"Ancient Tea Set"},{"floor":8,"key":"Smiling Mask"},{"floor":9,"key":"Pen Nib"},{"floor":14,"key":"MawBank"},{"floor":24,"key":"Potion Belt"},{"floor":26,"key":"Mercury Hourglass"},{"floor":28,"key":"Regal Pillow"},{"floor":43,"key":"Lantern"},{"floor":46,"key":"Whetstone"}],"event_choices":[{"damage_healed":0,"gold_gain":0,"player_choice":"Damaged","damage_taken":10,"max_hp_gain":0,"max_hp_loss":0,"event_name":"Wheel of Change","floor":2,"gold_loss":0},{"damage_healed":0,"gold_gain":75,"player_choice":"Gather Gold","damage_taken":11,"max_hp_gain":0,"max_hp_loss":0,"event_name":"World of Goop","floor":4,"gold_loss":0},{"damage_healed":0,"gold_gain":0,"player_choice":"Grow","damage_taken":0,"max_hp_gain":0,"max_hp_loss":0,"event_name":"Living Wall","floor":5,"gold_loss":0,"cards_upgraded":["Zap"]},{"damage_healed":0,"gold_gain":0,"player_choice":"Simplicity","damage_taken":0,"max_hp_gain":0,"max_hp_loss":0,"event_name":"Back to Basics","floor":20,"gold_loss":0,"cards_upgraded":["Strike_B","Strike_B","Strike_B","Defend_B","Defend_B","Defend_B","Defend_B"]},{"damage_healed":0,"gold_gain":0,"player_choice":"Damaged","damage_taken":10,"max_hp_gain":0,"max_hp_loss":0,"event_name":"Wheel of Change","floor":21,"gold_loss":0},{"damage_healed":0,"gold_gain":0,"player_choice":"Got Potions","damage_taken":0,"max_hp_gain":0,"max_hp_loss":0,"event_name":"Lab","floor":37,"gold_loss":0}],"is_beta":false,"boss_relics":[{"not_picked":["Empty Cage","Ectoplasm"],"picked":"Inserter"},{"not_picked":["Runic Pyramid","Astrolabe"],"picked":"Sozu"}],"items_purged_floors":[12,39,41],"is_endless":false,"potions_floor_spawned":[1,3,8,11,14,16,19,22,24,27,30,33,35,48],"ascension_level":20}