{"gold_per_floor":[113,128,128,153,78,78,118,118,118,118,143,143,30,49,49,145,145,160,160,85,85,8,8,24,24,24,36,73,106,118,150,162,267,279,309,337,373,385,418,430,457,469,481,493],"floor_reached":44,"playtime":2128,"items_purged":[],"score":920,"play_id":"c4a6dd0d-3e8b-4fa2-aa94-0914eda7fb8a","local_time":"20190105212523","is_ascension_mode":true,"campfire_choices":[{"data":"Ball Lightning","floor":6.0,"key":"SMITH"},{"data":"Glacier","floor":8.0,"key":"SMITH"},{"data":"Zap","floor":10.0,"key":"SMITH"},{"data":"Hologram","floor":15.0,"key":"SMITH"},{"data":"Defragment","floor":23.0,"key":"SMITH"},{"floor":32.0,"key":"REST"},{"floor":40.0,"key":"REST"}],"neow_cost":"NONE","seed_source_timestamp":1187533359266121,"circlet_count":0,"master_deck":["AscendersBane","Strike_B","Strike_B","Defend_B","Defend_B","Defend_B","Defend_B","Zap+1","Dualcast","Glacier+1","Ball Lightning+1","Ball Lightning","Cold Snap","Reboot","Sweeping Beam","Hologram+1","Reboot","Compile Driver","Defragment+1","Turbo","Barrage+1","Cold Snap","Biased Cognition","Amplify","Redo+1","Ball Lightning+1"],"special_seed":0,"relics":["Cracked Core","Golden Idol","Pantograph","DataDisk","Inserter","Sundial","MawBank","Fusion Hammer","GremlinMask","Orichalcum"],"potions_floor_usage":[44,44],"damage_taken":[{"damage":9.0,"enemies":"Jaw Worm","floor":1.0,"turns":7.0},{"damage":6.0,"enemies":"2 Louse","floor":2.0,"turns":2.0},{"damage":0.0,"enemies":"Cultist","floor":4.0,"turns":3.0},{"damage":19.0,"enemies":"3 Sentries","floor":7.0,"turns":12.0},{"damage":0.0,"enemies":"Looter","floor":11.0,"turns":1.0},{"damage":3.0,"enemies":"2 Fungi Beasts","floor":14.0,"turns":2.0},{"damage":0.0,"enemies":"The Guardian","floor":16.0,"turns":10.0},{"damage":4.0,"enemies":"Spheric Guardian","floor":18.0,"turns":4.0},{"damage":26.0,"enemies":"2 Thieves","floor":24.0,"turns":4.0},{"damage":2.0,"enemies":"Colosseum Slavers","floor":27.0,"turns":6.0},{"damage":12.0,"enemies":"Snake Plant","floor":28.0,"turns":4.0},{"damage":13.0,"enemies":"Sentry and Sphere","floor":29.0,"turns":4.0},{"damage":0.0,"enemies":"Snecko","floor":31.0,"turns":4.0},{"damage":19.0,"enemies":"Automaton","floor":33.0,"turns":10.0},{"damage":0.0,"enemies":"Orb Walker","floor":35.0,"turns":2.0},{"damage":13.0,"enemies":"3 Darklings","floor":36.0,"turns":5.0},{"damage":0.0,"enemies":"Jaw Worm Horde","floor":37.0,"turns":5.0},{"damage":18.0,"enemies":"Transient","floor":39.0,"turns":6.0},{"damage":1.0,"enemies":"Sphere and 2 Shapes","floor":41.0,"turns":7.0},{"damage":51,"enemies":"Giant Head","floor":44,"turns":7}],"seed_played":"-8139819765209958814","potions_obtained":[{"floor":1.0,"key":"Fire Potion"},{"floor":11.0,"key":"SkillPotion"},{"floor":24.0,"key":"Weak Potion"},{"floor":31.0,"key":"Ancient Potion"},{"floor":36.0,"key":"Energy Potion"},{"floor":39.0,"key":"SneckoOil"}],"is_trial":false,"path_per_floor":["M","M","?","M","?","R","E","R","T","R","M","T","$","M","R","B",null,"M","?","?","T","$","R","M","$","T","?","M","M","?","M","R","B",null,"M","M","M","?","M","R","M","$","T","E"],"character_chosen":"DEFECT","items_purchased":["Fruit Juice","Defragment"],"campfire_rested":2,"item_purchase_floors":[13,22],"current_hp_per_floor":[55,49,49,49,49,49,30,30,30,30,30,30,30,32,32,57,66,62,62,62,62,62,62,36,36,36,34,22,9,9,9,29,35,61,61,48,48,48,30,50,49,49,49,0],"gold":493,"neow_bonus":"THREE_CARDS","is_prod":false,"is_daily":false,"chose_seed":false,"campfire_upgraded":5,"win_rate":0,"timestamp":1546752323,"path_taken":["M","M","?","M","?","R","E","R","T","R","M","?","?","M","R","BOSS","M","?","?","?","$","R","?","$","T","?","M","M","?","M","R","BOSS","M","M","M","?","M","R","M","?","T","E"],"build_version":"2019-01-03v4","purchased_purges":0,"victory":false,"max_hp_per_floor":[71,71,64,64,64,64,64,64,64,64,64,64,64,69,69,69,69,69,69,69,69,69,69,69,69,69,69,69,69,69,69,69,69,69,69,69,69,69,69,69,69,69,69,69],"card_choices":[{"not_picked":["Beam Cell","Turbo"],"picked":"Glacier","floor":0.0},{"not_picked":["Undo","Barrage"],"picked":"Ball Lightning","floor":1.0},{"not_picked":["Turbo","Beam Cell"],"picked":"Ball Lightning","floor":2.0},{"not_picked":["Sweeping Beam","Leap"],"picked":"Cold Snap","floor":4.0},{"not_picked":["Steam","Rip and Tear"],"picked":"Reboot","floor":7.0},{"not_picked":["Beam Cell","Turbo"],"picked":"Sweeping Beam","floor":11.0},{"not_picked":["Ball Lightning","Compile Driver"],"picked":"Hologram","floor":14.0},{"not_picked":["Hyperbeam","Amplify"],"picked":"Reboot","floor":16.0},{"not_picked":["Gash","Beam Cell"],"picked":"Compile Driver","floor":18.0},{"not_picked":["Ball Lightning","Heatsinks"],"picked":"Turbo","floor":24.0},{"not_picked":["Beam Cell","Darkness"],"picked":"Barrage+1","floor":28.0},{"not_picked":["Hologram","Redo"],"picked":"Cold Snap","floor":29.0},{"not_picked":["Chill","Leap"],"picked":"Biased Cognition","floor":31.0},{"not_picked":["Hyperbeam","Meteor Strike"],"picked":"Amplify","floor":33.0},{"not_picked":["Go for the Eyes","Conserve Battery","Doom and Gloom"],"picked":"SKIP","floor":35.0},{"not_picked":["Streamline","Leap","Ball Lightning"],"picked":"SKIP","floor":36.0},{"not_picked":["Gash","Barrage"],"picked":"Redo+1","floor":37.0},{"not_picked":["Meteor Strike","Rebound","Conserve Battery"],"picked":"SKIP","floor":39.0},{"not_picked":["Darkness","Beam Cell"],"picked":"Ball Lightning+1","floor":41.0}],"player_experience":2718186,"relics_obtained":[{"floor":7.0,"key":"Pantograph"},{"floor":12.0,"key":"DataDisk"},{"floor":21.0,"key":"Sundial"},{"floor":26.0,"key":"MawBank"},{"floor":43.0,"key":"Orichalcum"}],"event_choices":[{"damage_healed":0.0,"max_hp_gain":0.0,"max_hp_loss":7.0,"gold_gain":0.0,"event_name":"Golden Idol","player_choice":"Lose Max HP","floor":3.0,"gold_loss":0.0,"damage_taken":0.0,"relics_obtained":["Golden Idol"]},{"cards_removed":["Strike_B"],"damage_healed":0.0,"max_hp_gain":0.0,"max_hp_loss":0.0,"gold_gain":0.0,"event_name":"The Cleric","player_choice":"Card Removal","floor":5.0,"gold_loss":75.0,"damage_taken":0.0},{"damage_healed":0.0,"max_hp_gain":0.0,"max_hp_loss":0.0,"gold_gain":0.0,"event_name":"Vampires","player_choice":"Ignored","floor":19.0,"gold_loss":0.0,"damage_taken":0.0},{"cards_removed":["Strike_B"],"damage_healed":0.0,"max_hp_gain":0.0,"max_hp_loss":0.0,"gold_gain":0.0,"event_name":"Beggar","player_choice":"Gave Gold","floor":20.0,"gold_loss":75.0,"damage_taken":0.0},{"damage_healed":0.0,"max_hp_gain":0.0,"max_hp_loss":0.0,"gold_gain":0.0,"event_name":"Colosseum","player_choice":"Fight","floor":27.0,"gold_loss":0.0,"damage_taken":0.0},{"damage_healed":0.0,"max_hp_gain":0.0,"max_hp_loss":0.0,"gold_gain":0.0,"event_name":"Colosseum","player_choice":"Fled From Nobs","floor":27.0,"gold_loss":0.0,"damage_taken":0.0},{"damage_healed":0.0,"max_hp_gain":0.0,"max_hp_loss":0.0,"gold_gain":0.0,"event_name":"Cursed Tome","player_choice":"Ignored","floor":30.0,"gold_loss":0.0,"damage_taken":0.0},{"damage_healed":0.0,"max_hp_gain":0.0,"max_hp_loss":0.0,"gold_gain":0.0,"event_name":"FaceTrader","player_choice":"Trade","floor":38.0,"gold_loss":0.0,"damage_taken":0.0,"relics_obtained":["GremlinMask"]}],"is_beta":true,"boss_relics":[{"not_picked":["Nuclear Battery","Black Star"],"picked":"Inserter"},{"not_picked":["Snecko Eye","Orrery"],"picked":"Fusion Hammer"}],"items_purged_floors":[],"is_endless":false,"potions_floor_spawned":[1,11,24,27,31,36,39],"killed_by":"Giant Head","ascension_level":20}