{"gold_per_floor":[111,111,3,3,16,16,49,49,49,69,69,88,122,141,141,214,214,233,39,39,39,0,0],"floor_reached":23,"playtime":669,"items_purged":[],"score":469,"play_id":"ab774a1a-7d7d-433a-b641-5eb118215bca","local_time":"20190828212123","is_ascension_mode":true,"campfire_choices":[{"data":"Zap","floor":6,"key":"SMITH"},{"data":"Scrape","floor":8,"key":"SMITH"},{"data":"White Noise","floor":11,"key":"SMITH"},{"floor":15,"key":"REST"}],"neow_cost":"NONE","seed_source_timestamp":1033620277150387,"circlet_count":0,"master_deck":["AscendersBane","Defend_B","Defend_B","Defend_B","Defend_B","Zap+1","Dualcast","Cold Snap","Cold Snap","Conserve Battery","Scrape+1","White Noise+1","Doom and Gloom","Undo","Seek","Fission","Defragment","FTL","Beam Cell","Bite","Bite","Bite","Bite","Bite","Glacier"],"relics":["Cracked Core","NeowsBlessing","Anchor","Matryoshka","Oddly Smooth Stone","Potion Belt","Empty Cage"],"potions_floor_usage":[13,16,16,23,23,23,23,23,23],"damage_taken":[{"damage":0,"enemies":"Small Slimes","floor":1,"turns":1},{"damage":0,"enemies":"Cultist","floor":5,"turns":1},{"damage":0,"enemies":"3 Sentries","floor":7,"turns":1},{"damage":0,"enemies":"2 Louse","floor":10,"turns":2},{"damage":0,"enemies":"Large Slime","floor":12,"turns":6},{"damage":26,"enemies":"Gremlin Nob","floor":13,"turns":3},{"damage":14,"enemies":"2 Fungi Beasts","floor":14,"turns":4},{"damage":17,"enemies":"The Guardian","floor":16,"turns":12},{"damage":8,"enemies":"Chosen","floor":18,"turns":5},{"damage":65,"enemies":"Gremlin Leader","floor":23,"turns":6}],"seed_played":"8385518631537619368","potions_obtained":[{"floor":5,"key":"Poison Potion"},{"floor":12,"key":"Weak Potion"},{"floor":13,"key":"Swift Potion"},{"floor":16,"key":"Poison Potion"},{"floor":18,"key":"EntropicBrew"}],"is_trial":false,"path_per_floor":["M","?","$","?","M","R","E","R","T","M","R","M","E","M","R","B",null,"M","$","?","?","?","E"],"character_chosen":"DEFECT","items_purchased":["Cold Snap","Conserve Battery","Defragment","FTL","Beam Cell"],"campfire_rested":1,"item_purchase_floors":[3,3,19,19,19],"current_hp_per_floor":[64,46,46,46,46,46,46,46,46,46,46,46,20,8,29,14,57,51,51,51,51,51,0],"gold":0,"neow_bonus":"THREE_ENEMY_KILL","is_prod":false,"is_daily":false,"chose_seed":false,"campfire_upgraded":3,"win_rate":0,"timestamp":1567041683,"path_taken":["M","?","$","?","?","R","E","R","T","M","R","M","E","M","R","BOSS","M","$","?","?","?","E"],"build_version":"2019-07-17","purchased_purges":0,"victory":false,"max_hp_per_floor":[71,71,71,71,71,71,71,71,71,71,71,71,71,71,71,71,71,71,71,71,71,71,71],"card_choices":[{"not_picked":["Beam Cell","Static Discharge"],"picked":"Cold Snap","floor":1},{"not_picked":["Sunder","Sweeping Beam","Ball Lightning"],"picked":"SKIP","floor":5},{"not_picked":["Storm","Aggregate","Scrape"],"picked":"SKIP","floor":7},{"not_picked":["Go for the Eyes","Hologram"],"picked":"White Noise","floor":10},{"not_picked":["Conserve Battery","Beam Cell"],"picked":"Doom and Gloom","floor":12},{"not_picked":["Aggregate","Lockon"],"picked":"Undo","floor":13},{"not_picked":["Melter","Beam Cell"],"picked":"Seek","floor":14},{"not_picked":["Amplify","Buffer"],"picked":"Fission","floor":16},{"not_picked":["Tempest","Barrage","Sweeping Beam+1"],"picked":"SKIP","floor":18}],"player_experience":611145,"relics_obtained":[{"floor":7,"key":"Matryoshka"},{"floor":9,"key":"Oddly Smooth Stone"},{"floor":9,"key":"Potion Belt"},{"floor":13,"key":"Blood Vial"}],"event_choices":[{"damage_healed":0,"gold_gain":0,"player_choice":"Success","damage_taken":18,"relics_obtained":["Anchor"],"max_hp_gain":0,"max_hp_loss":0,"event_name":"Scrap Ooze","floor":2,"gold_loss":0},{"damage_healed":0,"gold_gain":0,"cards_transformed":["Strike_B"],"player_choice":"Transformed","damage_taken":0,"max_hp_gain":0,"max_hp_loss":0,"event_name":"Transmorgrifier","floor":4,"gold_loss":0,"cards_obtained":["Scrape"]},{"damage_healed":0,"gold_gain":0,"player_choice":"Became a vampire (Vial)","damage_taken":0,"max_hp_gain":0,"max_hp_loss":0,"event_name":"Vampires","floor":20,"relics_lost":["Blood Vial"],"gold_loss":0,"cards_obtained":["Bite","Bite","Bite","Bite","Bite"]},{"damage_healed":0,"gold_gain":0,"player_choice":"Read","damage_taken":0,"max_hp_gain":0,"max_hp_loss":0,"event_name":"The Library","floor":21,"gold_loss":0,"cards_obtained":["Glacier"]},{"damage_healed":0,"gold_gain":0,"player_choice":"Paid Fearfully","damage_taken":0,"max_hp_gain":0,"max_hp_loss":0,"event_name":"Masked Bandits","floor":22,"gold_loss":39}],"is_beta":false,"boss_relics":[{"not_picked":["Busted Crown","Eternal Feather"],"picked":"Empty Cage"}],"items_purged_floors":[],"is_endless":false,"potions_floor_spawned":[5,12,13,16,18],"killed_by":"Gremlin Leader","ascension_level":20}