{"gold_per_floor":[112,82,99,24,41,75,75,108,108,108,128,128,146,180,180,257,257,269,285,285,297,297,330,330,356,427,443,443,472,94,148,148,221,221,241,259,159,171,184,184,59,59,107,139,139,150,183,0,0,0,0],"floor_reached":51,"playtime":1630,"items_purged":["Strike_R","Writhe","Strike_R"],"score":1566,"play_id":"94fc6895-6591-4847-9327-25affc3706a0","local_time":"20190826150055","is_ascension_mode":true,"campfire_choices":[{"data":"Armaments","floor":7,"key":"SMITH"},{"data":"Inflame","floor":10,"key":"SMITH"},{"floor":15,"key":"REST"},{"data":"Shockwave","floor":24,"key":"SMITH"},{"floor":32,"key":"REST"},{"data":"Limit Break","floor":40,"key":"SMITH"},{"floor":42,"key":"REST"},{"floor":49,"key":"REST"}],"neow_cost":"NONE","seed_source_timestamp":836946425207260,"circlet_count":0,"master_deck":["AscendersBane","Strike_R","Strike_R","Strike_R","Defend_R+1","Defend_R","Defend_R","Defend_R+1","Bash+1","Armaments+1","Sword Boomerang","Inflame+1","Disarm+1","Barricade","Shrug It Off","Whirlwind","Entrench","Shockwave+1","Apotheosis","Limit Break+1","Heavy Blade+1","Metallicize","Inflame","Clothesline+1","Double Tap"],"special_seed":0,"relics":["Burning Blood","Art of War","Torii","Mummified Hand","Centennial Puzzle","Snecko Eye","War Paint","Mercury Hourglass","Shuriken","Darkstone Periapt","Blue Candle","Bag of Preparation","Regal Pillow","Velvet Choker","Red Skull","Prayer Wheel","Meat on the Bone","Red Mask"],"potions_floor_usage":[6,8,8,8,13,14,14,18,23,23,33,44,46,50],"damage_taken":[{"damage":14.0,"enemies":"Small Slimes","floor":1.0,"turns":4.0},{"damage":10.0,"enemies":"Cultist","floor":3.0,"turns":5.0},{"damage":5.0,"enemies":"2 Louse","floor":5.0,"turns":3.0},{"damage":15,"enemies":"Lagavulin","floor":6,"turns":6},{"damage":32,"enemies":"Gremlin Nob","floor":8,"turns":4},{"damage":13,"enemies":"Blue Slaver","floor":11,"turns":4},{"damage":30,"enemies":"Exordium Wildlife","floor":13,"turns":4},{"damage":0,"enemies":"Lagavulin","floor":14,"turns":3},{"damage":33,"enemies":"The Guardian","floor":16,"turns":13},{"damage":8,"enemies":"3 Byrds","floor":18,"turns":3},{"damage":6,"enemies":"2 Thieves","floor":19,"turns":3},{"damage":0,"enemies":"Snecko","floor":21,"turns":3},{"damage":12,"enemies":"Slavers","floor":23,"turns":4},{"damage":23,"enemies":"Book of Stabbing","floor":25,"turns":8},{"damage":1,"enemies":"Snake Plant","floor":27,"turns":4},{"damage":25,"enemies":"Slavers","floor":29,"turns":3},{"damage":45,"enemies":"Automaton","floor":33,"turns":11},{"damage":17,"enemies":"3 Shapes","floor":35,"turns":2},{"damage":10,"enemies":"Orb Walker","floor":36,"turns":4},{"damage":0,"enemies":"Sphere and 2 Shapes","floor":38,"turns":3},{"damage":21,"enemies":"3 Darklings","floor":39,"turns":5},{"damage":2,"enemies":"Nemesis","floor":44,"turns":5},{"damage":23,"enemies":"Transient","floor":46,"turns":6},{"damage":19,"enemies":"Giant Head","floor":47,"turns":9},{"damage":24,"enemies":"Awakened One","floor":50,"turns":7},{"damage":86,"enemies":"Donu and Deca","floor":51,"turns":6}],"seed_played":"-2124598462210228635","potions_obtained":[{"floor":2.0,"key":"EntropicBrew"},{"floor":2.0,"key":"Weak Potion"},{"floor":6,"key":"FearPotion"},{"floor":11,"key":"SteroidPotion"},{"floor":13,"key":"FearPotion"},{"floor":16,"key":"LiquidBronze"},{"floor":19,"key":"PowerPotion"},{"floor":21,"key":"Swift Potion"},{"floor":25,"key":"Weak Potion"},{"floor":36,"key":"SteroidPotion"},{"floor":39,"key":"Dexterity Potion"},{"floor":44,"key":"Block Potion"},{"floor":46,"key":"FairyPotion"}],"is_trial":false,"path_per_floor":["M","?","M","$","M","E","R","E","T","R","M","?","M","E","R","B",null,"M","M","?","M","?","E","R","E","T","M","?","E","$","T","R","B",null,"M","M","$","M","M","R","$","R","T","E","?","M","E","?","R","B","B"],"character_chosen":"IRONCLAD","items_purchased":["Bag of Preparation","Apotheosis"],"campfire_rested":4,"item_purchase_floors":[30,30],"current_hp_per_floor":[60,60,56,56,57,48,48,40,40,40,33,33,9,15,37,10,59,57,57,57,63,63,57,57,40,40,45,51,32,32,32,71,32,69,58,54,54,60,45,45,45,81,81,81,81,64,51,51,81,63,0],"gold":0,"neow_bonus":"UPGRADE_CARD","is_prod":false,"is_daily":false,"chose_seed":false,"campfire_upgraded":4,"win_rate":0,"timestamp":1566846055,"path_taken":["M","?","M","$","?","E","R","E","T","R","?","?","M","E","R","BOSS","M","?","?","M","?","E","R","E","T","M","?","E","$","?","R","BOSS","M","M","$","M","M","R","$","R","T","E","?","M","E","?","R","BOSS","BOSS"],"build_version":"2019-07-17","purchased_purges":3,"victory":false,"max_hp_per_floor":[75,75,75,75,75,75,75,75,75,75,75,75,75,75,75,75,75,75,75,75,75,75,75,75,75,75,75,81,81,81,81,81,81,81,81,81,81,81,81,81,81,81,81,81,81,81,81,81,81,81,81],"card_choices":[{"not_picked":["Clash","Warcry"],"picked":"Armaments","floor":1.0},{"not_picked":["Flex","Cleave"],"picked":"Sword Boomerang","floor":3.0},{"not_picked":["Thunderclap","Rampage"],"picked":"Inflame","floor":5.0},{"not_picked":["Body Slam","Bloodletting","Warcry"],"picked":"SKIP","floor":6},{"not_picked":["Thunderclap","Burning Pact"],"picked":"Disarm","floor":8},{"not_picked":["Wild Strike","Body Slam","Havoc"],"picked":"SKIP","floor":11},{"not_picked":["Wild Strike","Reckless Charge","Havoc"],"picked":"SKIP","floor":13},{"not_picked":["Cleave","Thunderclap"],"picked":"Heavy Blade","floor":14},{"not_picked":["Berserk","Double Tap"],"picked":"Barricade","floor":16},{"not_picked":["Rupture","Evolve"],"picked":"Shrug It Off","floor":18},{"not_picked":["Warcry","Body Slam+1"],"picked":"Whirlwind","floor":19},{"not_picked":["Flex","Headbutt"],"picked":"Entrench","floor":21},{"not_picked":["Sword Boomerang+1","Power Through","Searing Blow"],"picked":"SKIP","floor":23},{"not_picked":["Warcry","Rupture","Combust"],"picked":"SKIP","floor":25},{"not_picked":["Iron Wave","Hemokinesis","Ghostly Armor"],"picked":"SKIP","floor":27},{"not_picked":["Headbutt","Fire Breathing","Warcry"],"picked":"SKIP","floor":29},{"not_picked":["Exhume","Offering"],"picked":"Limit Break","floor":33},{"not_picked":["Inflame","Iron Wave+1"],"picked":"Heavy Blade+1","floor":35},{"not_picked":["Shrug It Off","Bloodletting+1","Havoc"],"picked":"SKIP","floor":36},{"not_picked":["Twin Strike","Combust"],"picked":"Metallicize","floor":38},{"not_picked":["Fire Breathing","Cleave"],"picked":"Inflame","floor":39},{"not_picked":["Body Slam+1","Entrench"],"picked":"Clothesline+1","floor":44},{"not_picked":["Fire Breathing+1","Rage","Body Slam"],"picked":"SKIP","floor":46},{"not_picked":["Twin Strike+1","Sword Boomerang","Fire Breathing"],"picked":"SKIP","floor":46},{"not_picked":["Anger","Dropkick"],"picked":"Double Tap","floor":47}],"player_experience":604189,"relics_obtained":[{"floor":6,"key":"Art of War"},{"floor":8,"key":"Torii"},{"floor":9,"key":"Mummified Hand"},{"floor":14,"key":"Centennial Puzzle"},{"floor":23,"key":"War Paint"},{"floor":25,"key":"Mercury Hourglass"},{"floor":26,"key":"Shuriken"},{"floor":29,"key":"Blue Candle"},{"floor":31,"key":"Regal Pillow"},{"floor":43,"key":"Red Skull"},{"floor":44,"key":"Prayer Wheel"},{"floor":47,"key":"Meat on the Bone"}],"event_choices":[{"damage_healed":0.0,"max_hp_gain":0.0,"max_hp_loss":0.0,"gold_gain":0.0,"event_name":"The Woman in Blue","player_choice":"Bought 2 Potions","floor":2.0,"gold_loss":0.0,"damage_taken":0.0},{"damage_healed":0,"gold_gain":0,"player_choice":"Upgraded","damage_taken":0,"max_hp_gain":0,"max_hp_loss":0,"event_name":"Upgrade Shrine","floor":12,"gold_loss":0,"cards_upgraded":["Disarm"]},{"damage_healed":0,"gold_gain":0,"player_choice":"Ignored","damage_taken":0,"max_hp_gain":0,"max_hp_loss":0,"event_name":"Ghosts","floor":20,"gold_loss":0},{"damage_healed":0,"gold_gain":0,"player_choice":"Read","damage_taken":0,"max_hp_gain":0,"max_hp_loss":0,"event_name":"The Library","floor":22,"gold_loss":0,"cards_obtained":["Shockwave"]},{"damage_healed":0,"gold_gain":0,"player_choice":"Opened","damage_taken":0,"relics_obtained":["Darkstone Periapt"],"max_hp_gain":0,"max_hp_loss":0,"event_name":"The Mausoleum","floor":28,"gold_loss":0,"cards_obtained":["Writhe"]},{"cards_removed":["Heavy Blade"],"damage_healed":0,"gold_gain":0,"player_choice":"Removed Attack","damage_taken":0,"max_hp_gain":0,"max_hp_loss":0,"event_name":"Falling","floor":45,"gold_loss":0},{"damage_healed":0,"gold_gain":0,"player_choice":"Paid","damage_taken":0,"relics_obtained":["Red Mask"],"max_hp_gain":0,"max_hp_loss":0,"event_name":"Tomb of Lord Red Mask","floor":48,"gold_loss":183}],"is_beta":false,"boss_relics":[{"not_picked":["Black Star","Coffee Dripper"],"picked":"Snecko Eye"},{"not_picked":["Runic Pyramid","Runic Cube"],"picked":"Velvet Choker"}],"items_purged_floors":[4,37,41],"is_endless":false,"potions_floor_spawned":[6,11,13,16,19,21,25,36,39,44,46],"killed_by":"Donu and Deca","ascension_level":20}