{"gold_per_floor":[113,133,153,153,202,227,227,252,252,262,262,262,262,262,262,333,333,343,268,278,193,193,193,218,218,218,252,33,49,49,62,62,139,189,203,203,215,490,490],"floor_reached":39,"playtime":4765,"items_purged":["Defend_G"],"score":880,"play_id":"709423cd-ffe9-4cd6-8ab3-74215afaea04","local_time":"20190820000416","is_ascension_mode":true,"campfire_choices":[{"data":"Noxious Fumes","floor":7.0,"key":"SMITH"},{"data":"Catalyst","floor":11.0,"key":"SMITH"},{"data":"Caltrops","floor":13.0,"key":"SMITH"},{"data":"Sucker Punch","floor":15.0,"key":"SMITH"},{"data":"Ghostly","floor":23.0,"key":"SMITH"},{"data":"Ghostly","floor":30,"key":"SMITH"},{"data":"Ghostly","floor":32,"key":"SMITH"}],"neow_cost":"NONE","seed_source_timestamp":0,"circlet_count":0,"master_deck":["AscendersBane","Defend_G","Defend_G+1","Defend_G","Defend_G","Survivor+1","Neutralize+1","Sucker Punch+1","Dash","Noxious Fumes+1","Caltrops+1","Catalyst+1","Die Die Die","Outmaneuver","Ghostly+1","Ghostly+1","Ghostly+1","Deadly Poison","Bite+1","Bite","Bite","Bite","Bite","Blur","PiercingWail","Malaise","Blur+1","Bane+1","Crippling Poison+1","Regret"],"special_seed":0,"relics":["Ring of the Snake","PreservedInsect","Juzu Bracelet","Art of War","Paper Crane","Smiling Mask","Runic Pyramid","Ancient Tea Set","Ninja Scroll","Pantograph","War Paint","Happy Flower","Tiny House"],"potions_floor_usage":[33,33,35,39],"damage_taken":[{"damage":0.0,"enemies":"2 Louse","floor":1.0,"turns":4.0},{"damage":6.0,"enemies":"Jaw Worm","floor":2.0,"turns":5.0},{"damage":0.0,"enemies":"Cultist","floor":3.0,"turns":3.0},{"damage":18.0,"enemies":"Lagavulin","floor":6.0,"turns":10.0},{"damage":7.0,"enemies":"3 Sentries","floor":8.0,"turns":7.0},{"damage":0.0,"enemies":"Exordium Thugs","floor":10.0,"turns":5.0},{"damage":0.0,"enemies":"Hexaghost","floor":16.0,"turns":8.0},{"damage":0.0,"enemies":"3 Byrds","floor":18.0,"turns":4.0},{"damage":0.0,"enemies":"Shell Parasite","floor":20.0,"turns":5.0},{"damage":3.0,"enemies":"Gremlin Leader","floor":24.0,"turns":7.0},{"damage":11.0,"enemies":"Slavers","floor":27.0,"turns":6.0},{"damage":0,"enemies":"Centurion and Healer","floor":29,"turns":8},{"damage":0,"enemies":"Chosen and Byrds","floor":31,"turns":5},{"damage":21,"enemies":"Automaton","floor":33,"turns":15},{"damage":13,"enemies":"3 Darklings","floor":35,"turns":6},{"damage":0,"enemies":"3 Shapes","floor":37,"turns":8},{"damage":32,"enemies":"2 Orb Walkers","floor":39,"turns":5}],"seed_played":"7683736703149595267","potions_obtained":[{"floor":3.0,"key":"Swift Potion"},{"floor":6.0,"key":"AttackPotion"},{"floor":8.0,"key":"Block Potion"},{"floor":24.0,"key":"PowerPotion"},{"floor":29,"key":"SteroidPotion"},{"floor":33,"key":"AttackPotion"},{"floor":34,"key":"Ancient Potion"},{"floor":35,"key":"Strength Potion"},{"floor":37,"key":"SpeedPotion"}],"is_trial":false,"path_per_floor":["M","M","M","?","T","E","R","E","T","M","R","?","R","T","R","B",null,"M","?","M","?","?","R","E","?","T","E","$","M","R","M","R","B",null,"M","?","M","?","?"],"character_chosen":"THE_SILENT","items_purchased":["Happy Flower"],"campfire_rested":0,"item_purchase_floors":[28],"current_hp_per_floor":[59,53,53,53,53,35,35,28,28,28,28,28,28,28,28,28,57,57,57,57,57,33,33,30,23,23,22,22,23,23,23,23,23,28,19,19,28,28,0],"gold":490,"neow_bonus":"UPGRADE_CARD","is_prod":false,"is_daily":false,"chose_seed":false,"campfire_upgraded":7,"win_rate":0,"timestamp":1566284656,"path_taken":["M","M","M","?","?","E","R","E","T","M","R","?","R","?","R","BOSS","M","?","M","?","?","R","E","?","T","E","$","M","R","M","R","BOSS","M","?","M","?","?"],"build_version":"2019-07-17","purchased_purges":1,"victory":false,"max_hp_per_floor":[66,66,66,66,66,66,66,66,66,66,66,66,66,66,66,66,66,66,66,66,66,33,33,33,23,23,23,23,23,23,23,23,23,28,28,28,28,28,28],"card_choices":[{"not_picked":["Leg Sweep","Tactician"],"picked":"Sucker Punch","floor":1.0},{"not_picked":["Crippling Poison","Backflip"],"picked":"Dash","floor":2.0},{"not_picked":["Accuracy","Underhanded Strike","Deflect"],"picked":"SKIP","floor":3.0},{"not_picked":["Quick Slash","Underhanded Strike"],"picked":"Noxious Fumes","floor":6.0},{"not_picked":["Endless Agony","Concentrate"],"picked":"Caltrops","floor":8.0},{"not_picked":["Dagger Throw","Backflip"],"picked":"Catalyst","floor":10.0},{"not_picked":["Grand Finale","Tools of the Trade"],"picked":"Die Die Die","floor":16.0},{"not_picked":["Bane","Endless Agony","Distraction"],"picked":"SKIP","floor":18.0},{"not_picked":["Predator+1","Skewer"],"picked":"Outmaneuver","floor":20.0},{"not_picked":["Outmaneuver","Deflect"],"picked":"Deadly Poison","floor":24.0},{"not_picked":["Flying Knee","Sucker Punch"],"picked":"Blur","floor":27},{"not_picked":["Blade Dance","Poisoned Stab","Phantasmal Killer"],"picked":"SKIP","floor":29},{"not_picked":["Dodge and Roll","Backstab"],"picked":"PiercingWail","floor":31},{"not_picked":["Burst","Night Terror"],"picked":"Malaise","floor":33},{"not_picked":["Slice","Cloak And Dagger"],"picked":"Blur+1","floor":34},{"not_picked":["Sucker Punch","Infinite Blades"],"picked":"Bane+1","floor":35},{"not_picked":["Catalyst","Dagger Spray"],"picked":"Crippling Poison+1","floor":37}],"player_experience":613430,"relics_obtained":[{"floor":5.0,"key":"PreservedInsect"},{"floor":6.0,"key":"Juzu Bracelet"},{"floor":8.0,"key":"Art of War"},{"floor":9.0,"key":"Paper Crane"},{"floor":14.0,"key":"Smiling Mask"},{"floor":24.0,"key":"Ninja Scroll"},{"floor":26.0,"key":"Pantograph"},{"floor":27,"key":"War Paint"}],"event_choices":[{"damage_healed":0.0,"max_hp_gain":0.0,"max_hp_loss":0.0,"gold_gain":0.0,"event_name":"Liars Game","player_choice":"Ignored","floor":4.0,"gold_loss":0.0,"damage_taken":0.0},{"damage_healed":0.0,"max_hp_gain":0.0,"max_hp_loss":0.0,"gold_gain":0.0,"event_name":"Lab","player_choice":"Got Potions","floor":12.0,"gold_loss":0.0,"damage_taken":0.0},{"cards_removed":["Strike_G"],"damage_healed":0.0,"max_hp_gain":0.0,"max_hp_loss":0.0,"gold_gain":0.0,"event_name":"Beggar","player_choice":"Gave Gold","floor":19.0,"gold_loss":75.0,"damage_taken":0.0},{"damage_healed":0.0,"max_hp_gain":0.0,"max_hp_loss":0.0,"gold_gain":0.0,"event_name":"Addict","player_choice":"Obtained Relic","floor":21.0,"gold_loss":85.0,"damage_taken":0.0,"relics_obtained":["Ancient Tea Set"]},{"damage_healed":0.0,"max_hp_gain":0.0,"max_hp_loss":33.0,"gold_gain":0.0,"event_name":"Ghosts","player_choice":"Became a Ghost","floor":22.0,"gold_loss":0.0,"damage_taken":0.0,"cards_obtained":["Ghostly","Ghostly","Ghostly"]},{"damage_healed":0.0,"max_hp_gain":0.0,"max_hp_loss":10.0,"gold_gain":0.0,"event_name":"Vampires","player_choice":"Became a vampire","floor":25.0,"gold_loss":0.0,"damage_taken":0.0,"cards_obtained":["Bite","Bite","Bite","Bite","Bite"]},{"damage_healed":0,"gold_gain":0,"player_choice":"Ignored","damage_taken":0,"max_hp_gain":0,"max_hp_loss":0,"event_name":"Tomb of Lord Red Mask","floor":36,"gold_loss":0},{"damage_healed":0,"gold_gain":275,"player_choice":"Desecrate","damage_taken":0,"max_hp_gain":0,"max_hp_loss":0,"event_name":"Golden Shrine","floor":38,"gold_loss":0,"cards_obtained":["Regret"]},{"damage_healed":0,"gold_gain":0,"player_choice":"Fight","damage_taken":0,"max_hp_gain":0,"max_hp_loss":0,"event_name":"Mysterious Sphere","floor":39,"gold_loss":0}],"is_beta":false,"boss_relics":[{"not_picked":["Busted Crown","Empty Cage"],"picked":"Runic Pyramid"},{"not_picked":["Calling Bell","Black Star"],"picked":"Tiny House"}],"items_purged_floors":[28],"is_endless":false,"potions_floor_spawned":[3,6,8,16,24,29,33,35,37],"killed_by":"2 Orb Walkers","ascension_level":16}