{"gold_per_floor":[113,113,113,133,58,90,90,90,90,123,146,164,164,179,179,251,251,266,266,266,137,137,137,157,157],"floor_reached":25,"playtime":2706,"items_purged":["Regret","Strike_B"],"score":514,"play_id":"f54682c3-75ad-4e10-905c-76f1722f0ba2","local_time":"20190802233746","is_ascension_mode":true,"campfire_choices":[{"floor":8,"key":"REST"},{"floor":13,"key":"REST"},{"floor":15,"key":"REST"},{"floor":23,"key":"REST"}],"neow_cost":"NONE","seed_source_timestamp":20824456718302,"circlet_count":0,"master_deck":["AscendersBane","Strike_B","Defend_B","Defend_B+1","Defend_B","Defend_B","Zap+1","Dualcast+1","Compile Driver","Capacitor","Ball Lightning","Rainbow+1","Ball Lightning","Cold Snap","Creative AI","Coolheaded+1","Undo","Necronomicurse","Consume"],"relics":["Cracked Core","Strawberry","Smiling Mask","Boot","Pocketwatch","Juzu Bracelet","War Paint","Snecko Eye","Necronomicon"],"potions_floor_usage":[10,16,16],"damage_taken":[{"damage":4,"enemies":"2 Louse","floor":1,"turns":4},{"damage":2,"enemies":"Jaw Worm","floor":4,"turns":2},{"damage":34,"enemies":"3 Sentries","floor":6,"turns":8},{"damage":14,"enemies":"Lagavulin","floor":10,"turns":6},{"damage":7,"enemies":"Small Slimes","floor":12,"turns":2},{"damage":6,"enemies":"Looter","floor":14,"turns":3},{"damage":0,"enemies":"Slime Boss","floor":16,"turns":6},{"damage":20,"enemies":"Spheric Guardian","floor":18,"turns":5},{"damage":16,"enemies":"Chosen","floor":24,"turns":7},{"damage":17,"enemies":"Shelled Parasite and Fungi","floor":25,"turns":1}],"seed_played":"-1341862759405303846","potions_obtained":[{"floor":1,"key":"SpeedPotion"},{"floor":10,"key":"Explosive Potion"},{"floor":14,"key":"SteroidPotion"}],"is_trial":false,"path_per_floor":["M","?","?","M","$","E","?","R","T","E","T","M","R","M","R","B",null,"M","?","?","$","?","R","M","M"],"character_chosen":"DEFECT","items_purchased":["Undo"],"campfire_rested":4,"item_purchase_floors":[21],"current_hp_per_floor":[60,67,44,42,42,8,3,26,26,12,12,5,28,22,45,45,70,50,28,28,28,7,31,15,0],"gold":157,"neow_bonus":"REMOVE_CARD","is_prod":false,"is_daily":false,"chose_seed":false,"campfire_upgraded":0,"win_rate":0,"timestamp":1564803466,"path_taken":["M","?","?","M","$","E","?","R","T","E","?","M","R","M","R","BOSS","M","?","?","$","?","R","M","M"],"build_version":"2019-07-17","purchased_purges":2,"victory":false,"max_hp_per_floor":[71,78,78,78,78,78,78,78,78,78,78,78,78,78,78,78,78,78,83,83,83,83,83,83,83],"card_choices":[{"not_picked":["Skim","Leap"],"picked":"Compile Driver","floor":1},{"not_picked":["Barrage","Leap"],"picked":"Capacitor","floor":4},{"not_picked":["Redo","Stack"],"picked":"Ball Lightning","floor":6},{"not_picked":["Steam Power","Stack"],"picked":"Rainbow","floor":10},{"not_picked":["Lockon","Hologram"],"picked":"Ball Lightning","floor":12},{"not_picked":["Compile Driver","Leap"],"picked":"Cold Snap","floor":14},{"not_picked":["Machine Learning","All For One"],"picked":"Creative AI","floor":16},{"not_picked":["Go for the Eyes","Capacitor"],"picked":"Coolheaded+1","floor":18},{"not_picked":["Sweeping Beam","FTL"],"picked":"Consume","floor":24}],"player_experience":548037,"relics_obtained":[{"floor":6,"key":"Smiling Mask"},{"floor":9,"key":"Pocketwatch"},{"floor":10,"key":"Juzu Bracelet"},{"floor":11,"key":"War Paint"},{"floor":22,"key":"Necronomicon"}],"event_choices":[{"damage_healed":0,"gold_gain":0,"player_choice":"Box","damage_taken":0,"relics_obtained":["Strawberry"],"max_hp_gain":0,"max_hp_loss":0,"event_name":"Big Fish","floor":2,"gold_loss":0,"cards_obtained":["Regret"]},{"damage_healed":0,"gold_gain":0,"player_choice":"Entered Light","damage_taken":23,"max_hp_gain":0,"max_hp_loss":0,"event_name":"Shining Light","floor":3,"gold_loss":0,"cards_upgraded":["Zap","Defend_B"]},{"damage_healed":0,"gold_gain":0,"player_choice":"Success","damage_taken":5,"relics_obtained":["Boot"],"max_hp_gain":0,"max_hp_loss":0,"event_name":"Scrap Ooze","floor":7,"gold_loss":0},{"damage_healed":0,"gold_gain":0,"player_choice":"Shed Blood","damage_taken":27,"max_hp_gain":5,"max_hp_loss":0,"event_name":"Forgotten Altar","floor":19,"gold_loss":0},{"cards_removed":["Strike_B"],"damage_healed":0,"gold_gain":0,"player_choice":"Purged","damage_taken":0,"max_hp_gain":0,"max_hp_loss":0,"event_name":"Purifier","floor":20,"gold_loss":0},{"damage_healed":0,"gold_gain":0,"player_choice":"Obtained Book","damage_taken":21,"max_hp_gain":0,"max_hp_loss":0,"event_name":"Cursed Tome","floor":22,"gold_loss":0}],"is_beta":false,"boss_relics":[{"not_picked":["FrozenCore","Runic Pyramid"],"picked":"Snecko Eye"}],"items_purged_floors":[5,21],"is_endless":false,"potions_floor_spawned":[1,10,14],"killed_by":"Shelled Parasite and Fungi","ascension_level":20}