{"gold_per_floor":[116,66,84,84,159,199,214,66,113,152,152,193,211,251,251,251],"floor_reached":16,"playtime":762,"items_purged":[],"score":191,"play_id":"2aed880b-6d1c-421f-a261-6a6e0edaa0c1","local_time":"20190828205821","is_ascension_mode":true,"campfire_choices":[{"floor":11,"key":"REST"},{"floor":15,"key":"REST"}],"neow_cost":"NONE","seed_source_timestamp":12192482807396,"circlet_count":0,"master_deck":["Strike_G","Strike_G","Strike_G","Strike_G","Defend_G","Defend_G","Defend_G","Defend_G","Defend_G","Survivor","Neutralize","Underhanded Strike","Blur","Cloak And Dagger","Dagger Spray","Expertise","Caltrops","PiercingWail","Calculated Gamble"],"relics":["Ring of the Snake","NeowsBlessing","Golden Idol","Regal Pillow","PreservedInsect","Bag of Preparation","Pocketwatch","Strawberry","Bag of Marbles"],"potions_floor_usage":[10,16,16],"damage_taken":[{"damage":0,"enemies":"Small Slimes","floor":1,"turns":1},{"damage":0,"enemies":"2 Louse","floor":3,"turns":1},{"damage":0,"enemies":"3 Sentries","floor":6,"turns":2},{"damage":2,"enemies":"Cultist","floor":7,"turns":5},{"damage":31,"enemies":"Lagavulin","floor":10,"turns":7},{"damage":9,"enemies":"3 Sentries","floor":12,"turns":6},{"damage":1,"enemies":"3 Louse","floor":13,"turns":3},{"damage":26,"enemies":"Lagavulin","floor":14,"turns":9},{"damage":48,"enemies":"Slime Boss","floor":16,"turns":15}],"seed_played":"-1081673548151753215","potions_obtained":[{"floor":1,"key":"Strength Potion"},{"floor":7,"key":"LiquidBronze"},{"floor":12,"key":"GhostInAJar"},{"floor":13,"key":"Dexterity Potion"}],"is_trial":false,"path_per_floor":["M","?","M","?","?","E","M","$","T","E","R","E","M","E","R","B"],"character_chosen":"THE_SILENT","items_purchased":["PreservedInsect"],"campfire_rested":2,"item_purchase_floors":[8],"current_hp_per_floor":[70,70,70,53,46,46,44,44,44,13,49,47,46,20,58,10],"gold":251,"neow_bonus":"THREE_ENEMY_KILL","is_prod":false,"is_daily":false,"chose_seed":false,"campfire_upgraded":0,"win_rate":0,"timestamp":1566993501,"path_taken":["M","?","M","?","?","E","M","$","T","E","R","E","?","E","R","BOSS"],"build_version":"2019-07-17","purchased_purges":0,"victory":false,"max_hp_per_floor":[70,70,70,70,70,70,70,70,70,70,70,77,77,77,77,77],"card_choices":[{"not_picked":["Setup","Outmaneuver"],"picked":"Underhanded Strike","floor":1},{"not_picked":["Setup","Distraction"],"picked":"Blur","floor":3},{"not_picked":["Backflip","Dodge and Roll"],"picked":"Cloak And Dagger","floor":6},{"not_picked":["Eviscerate","Deadly Poison"],"picked":"Dagger Spray","floor":7},{"not_picked":["Quick Slash","Flying Knee"],"picked":"Expertise","floor":10},{"not_picked":["Setup","Blur"],"picked":"Caltrops","floor":12},{"not_picked":["Quick Slash","Sucker Punch"],"picked":"PiercingWail","floor":13},{"not_picked":["Outmaneuver","Concentrate"],"picked":"Calculated Gamble","floor":14}],"player_experience":250669,"relics_obtained":[{"floor":6,"key":"Regal Pillow"},{"floor":9,"key":"Bag of Preparation"},{"floor":10,"key":"Pocketwatch"},{"floor":12,"key":"Strawberry"},{"floor":14,"key":"Bag of Marbles"}],"event_choices":[{"cards_removed":["Strike_G"],"damage_healed":0,"gold_gain":0,"player_choice":"Card Removal","damage_taken":0,"max_hp_gain":0,"max_hp_loss":0,"event_name":"The Cleric","floor":2,"gold_loss":50},{"damage_healed":0,"gold_gain":0,"player_choice":"Take Damage","damage_taken":17,"relics_obtained":["Golden Idol"],"max_hp_gain":0,"max_hp_loss":0,"event_name":"Golden Idol","floor":4,"gold_loss":0},{"damage_healed":0,"gold_gain":75,"player_choice":"Touch","damage_taken":7,"max_hp_gain":0,"max_hp_loss":0,"event_name":"FaceTrader","floor":5,"gold_loss":0}],"is_beta":false,"boss_relics":[],"items_purged_floors":[],"is_endless":false,"potions_floor_spawned":[1,7,12,13],"killed_by":"Slime Boss","ascension_level":5}