{"gold_per_floor":[110,110,128,128,148,174,174,190,264,284,296,312,312,337,337,457,457,470,570,591,604,223,223,266,299,311,323,335,16,32,53,53,181,181,200,221,554,564,575,575,603,603,603,603,603,630,630,630,630,630,630,630,3,32,32],"floor_reached":55,"playtime":8100,"items_purged":["Riddle With Holes"],"score":751,"play_id":"20810e90-da43-4cb1-954f-79f296957d72","local_time":"20190902233346","is_ascension_mode":false,"campfire_choices":[{"data":"PiercingWail","floor":7,"key":"SMITH"},{"data":"Noxious Fumes","floor":15,"key":"SMITH"},{"data":"Wraith Form v2","floor":23,"key":"SMITH"},{"data":"Bouncing Flask","floor":28,"key":"SMITH"},{"data":"Malaise","floor":32,"key":"SMITH"},{"data":"Leg Sweep","floor":40,"key":"SMITH"},{"data":"Envenom","floor":42,"key":"SMITH"},{"data":"Leg Sweep","floor":45,"key":"SMITH"},{"data":"Acrobatics","floor":47,"key":"SMITH"},{"floor":49,"key":"RECALL"},{"data":"PiercingWail","floor":52,"key":"SMITH"}],"neow_cost":"NONE","seed_source_timestamp":869771623831087,"circlet_count":0,"master_deck":["Survivor","Neutralize","Skewer","PiercingWail+1","Leg Sweep+1","PiercingWail+1","Dodge and Roll","Noxious Fumes+1","Dodge and Roll","After Image","Bouncing Flask+1","Wraith Form v2+1","Bullet Time","Predator","Blur","Predator","Malaise+1","Masterful Stab","After Image","Acrobatics+1","Backflip+1","Tools of the Trade","Flechettes+1","Deadly Poison+1","Flechettes+1","Envenom+1","Escape Plan","Calculated Gamble+1","Leg Sweep+1","Flechettes+1","Well Laid Plans+1","Magnetism","Corpse Explosion","Acrobatics"],"relics":["Ring of the Snake","Turnip","Smiling Mask","Meat on the Bone","Pandora\u0027s Box","Molten Egg 2","MawBank","Paper Crane","Snecko Eye","Bottled Tornado","Blue Candle","Sundial","GremlinMask","TheAbacus","Vajra","Anchor"],"potions_floor_usage":[6,11,16,21,24,24,24,24,24,24,31,33,38,41,50,50,54,54,55],"damage_taken":[{"damage":0,"enemies":"Small Slimes","floor":1,"turns":5},{"damage":0,"enemies":"2 Louse","floor":3,"turns":4},{"damage":0,"enemies":"Cultist","floor":5,"turns":3},{"damage":37,"enemies":"3 Sentries","floor":6,"turns":11},{"damage":5,"enemies":"3 Louse","floor":8,"turns":8},{"damage":0,"enemies":"Blue Slaver","floor":10,"turns":6},{"damage":0,"enemies":"Gremlin Gang","floor":11,"turns":9},{"damage":5,"enemies":"Exordium Wildlife","floor":12,"turns":11},{"damage":0,"enemies":"Blue Slaver","floor":14,"turns":5},{"damage":8,"enemies":"Hexaghost","floor":16,"turns":13},{"damage":6,"enemies":"Chosen","floor":18,"turns":5},{"damage":0,"enemies":"3 Byrds","floor":20,"turns":7},{"damage":0,"enemies":"Cultist and Chosen","floor":21,"turns":7},{"damage":4,"enemies":"Gremlin Leader","floor":24,"turns":8},{"damage":0,"enemies":"Snecko","floor":25,"turns":5},{"damage":2,"enemies":"Centurion and Healer","floor":30,"turns":6},{"damage":3,"enemies":"3 Cultists","floor":31,"turns":5},{"damage":11,"enemies":"Automaton","floor":33,"turns":11},{"damage":0,"enemies":"3 Shapes","floor":35,"turns":4},{"damage":0,"enemies":"Orb Walker","floor":36,"turns":2},{"damage":15,"enemies":"3 Darklings","floor":38,"turns":6},{"damage":0,"enemies":"Transient","floor":39,"turns":5},{"damage":2,"enemies":"Nemesis","floor":41,"turns":7},{"damage":1,"enemies":"Reptomancer","floor":46,"turns":5},{"damage":10,"enemies":"Awakened One","floor":50,"turns":13},{"damage":27,"enemies":"Shield and Spear","floor":54,"turns":7},{"damage":55,"enemies":"The Heart","floor":55,"turns":6}],"seed_played":"-1722696628476071146","potions_obtained":[{"floor":3,"key":"Ancient Potion"},{"floor":4,"key":"Energy Potion"},{"floor":4,"key":"EntropicBrew"},{"floor":8,"key":"Poison Potion"},{"floor":14,"key":"EssenceOfSteel"},{"floor":18,"key":"SteroidPotion"},{"floor":30,"key":"Poison Potion"},{"floor":31,"key":"Weak Potion"},{"floor":36,"key":"Explosive Potion"},{"floor":39,"key":"Poison Potion"},{"floor":41,"key":"Energy Potion"},{"floor":46,"key":"Explosive Potion"},{"floor":54,"key":"SkillPotion"}],"is_trial":false,"path_per_floor":["M","?","M","?","M","E","R","M","T","M","M","M","?","M","R","B",null,"M","?","M","M","$","R","E","M","T","?","R","$","M","M","R","B",null,"M","M","?","M","M","R","E","R","T","?","R","E","R","?","R","B",null,"R","$","E","B"],"character_chosen":"THE_SILENT","items_purchased":["Molten Egg 2","Tools of the Trade","Paper Crane","Flechettes+1","Corpse Explosion","Acrobatics","TheAbacus","Vajra","SteroidPotion","Energy Potion"],"campfire_rested":0,"item_purchase_floors":[22,22,29,29,53,53,53,53,53,53],"current_hp_per_floor":[77,70,70,70,70,33,33,28,28,40,40,47,47,47,47,39,71,65,65,65,65,65,65,61,61,61,61,61,61,59,56,56,45,71,71,71,71,56,56,56,54,54,54,44,44,43,43,43,43,45,71,71,71,44,0],"gold":32,"neow_bonus":"TEN_PERCENT_HP_BONUS","is_prod":false,"is_daily":false,"chose_seed":false,"campfire_upgraded":10,"win_rate":0,"timestamp":1567460026,"path_taken":["M","?","M","?","M","E","R","?","T","M","M","M","?","M","R","BOSS","M","?","M","M","$","R","E","?","T","?","R","$","M","M","R","BOSS","M","M","?","M","M","R","E","R","T","?","R","E","R","?","R","BOSS","R","$","E","BOSS"],"build_version":"2019-06-28","purchased_purges":1,"victory":false,"max_hp_per_floor":[77,77,77,77,77,77,77,77,77,77,77,77,71,71,71,71,71,71,71,71,71,71,71,71,71,71,71,71,71,71,71,71,71,71,71,71,71,71,71,71,71,71,71,71,71,71,71,71,71,71,71,71,71,71,71],"card_choices":[{"not_picked":["Sucker Punch","Blade Dance","Underhanded Strike"],"picked":"SKIP","floor":1},{"not_picked":["Underhanded Strike","Cloak And Dagger"],"picked":"Skewer","floor":3},{"not_picked":["Quick Slash","Flying Knee"],"picked":"PiercingWail","floor":5},{"not_picked":["Prepared","Heel Hook"],"picked":"Leg Sweep","floor":6},{"not_picked":["Prepared","Dagger Throw","Expertise"],"picked":"SKIP","floor":8},{"not_picked":["Dagger Spray","Blade Dance"],"picked":"PiercingWail","floor":10},{"not_picked":["Underhanded Strike","Riddle With Holes"],"picked":"Dodge and Roll","floor":11},{"not_picked":["Cloak And Dagger","Predator"],"picked":"Noxious Fumes","floor":12},{"not_picked":["Setup","Poisoned Stab"],"picked":"Dodge and Roll","floor":14},{"not_picked":["Doppelganger","Unload"],"picked":"After Image","floor":16},{"not_picked":["Infinite Blades","Flying Knee","Outmaneuver"],"picked":"SKIP","floor":18},{"not_picked":["Flying Knee+1","Eviscerate+1"],"picked":"Acrobatics","floor":20},{"not_picked":["Terror+1","Flying Knee"],"picked":"Backflip+1","floor":21},{"not_picked":["Masterful Stab+1","Blade Dance"],"picked":"Flechettes+1","floor":24},{"not_picked":["Eviscerate+1","Prepared+1"],"picked":"Deadly Poison+1","floor":25},{"not_picked":["Sucker Punch+1","Reflex","Dagger Spray+1"],"picked":"SKIP","floor":30},{"not_picked":["Bane+1","Accuracy","Underhanded Strike+1"],"picked":"SKIP","floor":31},{"not_picked":["Corpse Explosion","Die Die Die+1"],"picked":"Envenom","floor":33},{"not_picked":["Infinite Blades+1","Underhanded Strike+1"],"picked":"Escape Plan","floor":35},{"not_picked":["Underhanded Strike+1","Deflect"],"picked":"Calculated Gamble+1","floor":36},{"not_picked":["Accuracy+1","Choke+1"],"picked":"Leg Sweep","floor":38},{"not_picked":["Deadly Poison","Blade Dance"],"picked":"Flechettes+1","floor":39},{"not_picked":["Outmaneuver+1","Infinite Blades"],"picked":"Well Laid Plans+1","floor":41},{"not_picked":["Purity","Secret Technique"],"picked":"Magnetism","floor":44},{"not_picked":["Masterful Stab+1","All Out Attack+1","Heel Hook+1"],"picked":"SKIP","floor":46},{"not_picked":["Concentrate","Storm of Steel","Tools of the Trade"],"picked":"SKIP","floor":54}],"player_experience":195358,"relics_obtained":[{"floor":6,"key":"Smiling Mask"},{"floor":9,"key":"Meat on the Bone"},{"floor":24,"key":"MawBank"},{"floor":41,"key":"Bottled Tornado"},{"floor":43,"key":"Blue Candle"},{"floor":46,"key":"Sundial"},{"floor":54,"key":"Anchor"}],"event_choices":[{"damage_healed":0,"gold_gain":0,"player_choice":"Success","damage_taken":7,"relics_obtained":["Turnip"],"max_hp_gain":0,"max_hp_loss":0,"event_name":"Scrap Ooze","floor":2,"gold_loss":0},{"damage_healed":0,"gold_gain":0,"player_choice":"Got Potions","damage_taken":0,"max_hp_gain":0,"max_hp_loss":0,"event_name":"Lab","floor":4,"gold_loss":0},{"damage_healed":0,"gold_gain":0,"player_choice":"Lose Max HP","damage_taken":0,"relics_obtained":["Golden Idol"],"max_hp_gain":0,"max_hp_loss":6,"event_name":"Golden Idol","floor":13,"gold_loss":0},{"damage_healed":0,"gold_gain":100,"player_choice":"Pray","damage_taken":0,"max_hp_gain":0,"max_hp_loss":0,"event_name":"Golden Shrine","floor":19,"gold_loss":0},{"damage_healed":0,"gold_gain":0,"player_choice":"Ignored","damage_taken":0,"max_hp_gain":0,"max_hp_loss":0,"event_name":"Vampires","floor":27,"gold_loss":0},{"damage_healed":0,"gold_gain":333,"player_choice":"Gave Idol","damage_taken":0,"max_hp_gain":0,"max_hp_loss":0,"event_name":"The Moai Head","floor":37,"relics_lost":["Golden Idol"],"gold_loss":0},{"damage_healed":0,"gold_gain":0,"player_choice":"Memory 3","damage_taken":10,"max_hp_gain":0,"max_hp_loss":0,"event_name":"SensoryStone","floor":44,"gold_loss":0},{"damage_healed":0,"gold_gain":0,"player_choice":"Trade","damage_taken":0,"relics_obtained":["GremlinMask"],"max_hp_gain":0,"max_hp_loss":0,"event_name":"FaceTrader","floor":48,"gold_loss":0}],"is_beta":true,"boss_relics":[{"not_picked":["Orrery","Fusion Hammer"],"picked":"Pandora\u0027s Box"},{"not_picked":["Velvet Choker","Tiny House"],"picked":"Snecko Eye"}],"items_purged_floors":[22],"is_endless":false,"potions_floor_spawned":[3,8,14,18,30,31,36,39,41,46,54],"killed_by":"The Heart","ascension_level":0}