{"gold_per_floor":[109,109,127,138,154,188,188,213,213,213],"floor_reached":10,"playtime":315,"items_purged":[],"score":156,"play_id":"c2c0c542-cef4-4f19-b3cb-36632e9a1d5f","local_time":"20190721193712","is_ascension_mode":true,"campfire_choices":[{"data":"Poisoned Stab","floor":7,"key":"SMITH"}],"neow_cost":"NONE","seed_source_timestamp":698227639050500,"circlet_count":0,"master_deck":["AscendersBane","Strike_G","Strike_G","Strike_G","Strike_G+1","Strike_G+1","Defend_G","Defend_G","Defend_G+1","Defend_G","Defend_G","Survivor+1","Neutralize","Dash+1","Poisoned Stab+1","Quick Slash","After Image","Crippling Poison"],"relics":["Ring of the Snake","Happy Flower","Whetstone","War Paint","The Courier"],"potions_floor_usage":[6,6],"damage_taken":[{"damage":3,"enemies":"Cultist","floor":1,"turns":4},{"damage":0,"enemies":"Small Slimes","floor":3,"turns":3},{"damage":0,"enemies":"2 Louse","floor":4,"turns":3},{"damage":12,"enemies":"Large Slime","floor":5,"turns":11},{"damage":3,"enemies":"Gremlin Nob","floor":6,"turns":3},{"damage":17,"enemies":"Lagavulin","floor":8,"turns":7},{"damage":38,"enemies":"Gremlin Nob","floor":10,"turns":4}],"seed_played":"-5526910069615831691","potions_obtained":[{"floor":4,"key":"SteroidPotion"},{"floor":5,"key":"Fire Potion"},{"floor":8,"key":"SpeedPotion"}],"is_trial":false,"path_per_floor":["M","?","M","M","M","E","R","E","T","E"],"character_chosen":"THE_SILENT","items_purchased":[],"campfire_rested":0,"item_purchase_floors":[],"current_hp_per_floor":[56,56,56,56,44,41,41,24,24,0],"gold":213,"neow_bonus":"RANDOM_COMMON_RELIC","is_prod":false,"is_daily":false,"chose_seed":false,"campfire_upgraded":1,"win_rate":0,"timestamp":1563752232,"path_taken":["M","?","M","M","M","E","R","E","T","E"],"build_version":"2019-07-17","purchased_purges":0,"victory":false,"max_hp_per_floor":[66,66,66,66,66,66,66,66,66,66],"card_choices":[{"not_picked":["Outmaneuver","PiercingWail"],"picked":"Dash","floor":1},{"not_picked":["Choke","Well Laid Plans"],"picked":"Poisoned Stab","floor":3},{"not_picked":["Acrobatics","Concentrate","Backflip"],"picked":"SKIP","floor":4},{"not_picked":["Concentrate","Acrobatics"],"picked":"Quick Slash","floor":5},{"not_picked":["Masterful Stab","Dagger Spray"],"picked":"After Image","floor":6},{"not_picked":["Sucker Punch","Flying Knee"],"picked":"Crippling Poison","floor":8}],"player_experience":540792,"relics_obtained":[{"floor":6,"key":"Whetstone"},{"floor":8,"key":"War Paint"},{"floor":9,"key":"The Courier"}],"event_choices":[{"damage_healed":0,"gold_gain":0,"player_choice":"Grow","damage_taken":0,"max_hp_gain":0,"max_hp_loss":0,"event_name":"Living Wall","floor":2,"gold_loss":0,"cards_upgraded":["Dash"]}],"is_beta":false,"boss_relics":[],"items_purged_floors":[],"is_endless":false,"potions_floor_spawned":[4,5,8],"killed_by":"Gremlin Nob","ascension_level":20}