{"gold_per_floor":[114,126,201,217,50,50,64,90,90,90,15,15,27,38,38,116,116,128,53,53,71,89,89,100,100,124,124,124,100,100,17,17,94,94,108,122,140,140,157,157,168,168,217,217,42,55,55,68,68,68,68],"floor_reached":51,"playtime":4804,"items_purged":["Defend_B"],"score":1223,"play_id":"ffed130c-1491-4503-8f8d-c68d1f5f6208","local_time":"20181018032708","is_ascension_mode":true,"campfire_choices":[{"data":"Streamline","floor":6.0,"key":"SMITH"},{"data":"Consume","floor":10.0,"key":"SMITH"},{"data":"Capacitor","floor":12.0,"key":"SMITH"},{"floor":15.0,"key":"REST"},{"floor":23.0,"key":"REST"},{"floor":25.0,"key":"REST"},{"data":"Dualcast","floor":27.0,"key":"SMITH"},{"floor":32.0,"key":"REST"},{"floor":40.0,"key":"REST"},{"data":"Defragment","floor":42,"key":"SMITH"},{"floor":47,"key":"REST"},{"floor":49,"key":"REST"}],"neow_cost":"NONE","seed_source_timestamp":639943886423553,"circlet_count":0,"master_deck":["Strike_B+1","Strike_B+1","Defend_B+1","Defend_B","Defend_B","Zap+1","Dualcast+1","AscendersBane","Streamline+1","Consume+1","Cold Snap","Capacitor+1","Go for the Eyes","Conserve Battery","All For One","Seek","Cold Snap","Cold Snap","Coolheaded","Go for the Eyes","Coolheaded","Doom and Gloom+1","Seek","Cold Snap","Ball Lightning","Seek","Creative AI","Defragment+1","Hologram+1","Panacea","Discovery","Turbo","Steam+1"],"special_seed":0,"relics":["Cracked Core","Whetstone","Oddly Smooth Stone","War Paint","Centennial Puzzle","Orrery","Pen Nib","Enchiridion","Sundial","Lizard Tail","Strawberry"],"potions_floor_usage":[41,46,50,51],"damage_taken":[{"damage":4.0,"enemies":"Jaw Worm","floor":1.0,"turns":4.0},{"damage":0.0,"enemies":"2 Louse","floor":2.0,"turns":2.0},{"damage":1.0,"enemies":"Cultist","floor":4.0,"turns":3.0},{"damage":6.0,"enemies":"Exordium Thugs","floor":7.0,"turns":4.0},{"damage":12.0,"enemies":"Lagavulin","floor":8.0,"turns":9.0},{"damage":1.0,"enemies":"Exordium Wildlife","floor":13.0,"turns":2.0},{"damage":7.0,"enemies":"Gremlin Gang","floor":14.0,"turns":5.0},{"damage":32.0,"enemies":"Slime Boss","floor":16.0,"turns":7.0},{"damage":15.0,"enemies":"Shell Parasite","floor":18.0,"turns":7.0},{"damage":3.0,"enemies":"Spheric Guardian","floor":21.0,"turns":5.0},{"damage":19.0,"enemies":"3 Cultists","floor":22.0,"turns":7.0},{"damage":2.0,"enemies":"Chosen and Byrds","floor":24.0,"turns":8.0},{"damage":15.0,"enemies":"Champ","floor":33.0,"turns":14.0},{"damage":0.0,"enemies":"Orb Walker","floor":35.0,"turns":6.0},{"damage":24.0,"enemies":"3 Shapes","floor":36.0,"turns":8.0},{"damage":24.0,"enemies":"Sphere and 2 Shapes","floor":37.0,"turns":7.0},{"damage":8.0,"enemies":"4 Shapes","floor":39.0,"turns":7.0},{"damage":38,"enemies":"Jaw Worm Horde","floor":41,"turns":8},{"damage":17,"enemies":"Transient","floor":46,"turns":6},{"damage":26,"enemies":"Spire Growth","floor":48,"turns":8},{"damage":55,"enemies":"Time Eater","floor":50,"turns":17},{"damage":10,"enemies":"Awakened One","floor":51,"turns":3}],"seed_played":"6708701419985269789","potions_obtained":[{"floor":1.0,"key":"Ancient Potion"},{"floor":8.0,"key":"Dexterity Potion"},{"floor":37.0,"key":"Weak Potion"},{"floor":41,"key":"Swift Potion"},{"floor":46,"key":"Regen Potion"}],"is_trial":false,"path_per_floor":["M","M","?","M","$","R","M","E","T","R","?","R","M","M","R","B",null,"M","?","$","M","M","R","M","R","T","R","?","$","T","$","R","B",null,"M","M","M","?","M","R","M","R","T","?","$","M","R","M","R","B"],"character_chosen":"DEFECT","items_purchased":["Oddly Smooth Stone","Cold Snap","PowerPotion","Ball Lightning","Discovery"],"campfire_rested":7,"item_purchase_floors":[5,29,31,31,45],"current_hp_per_floor":[60,60,49,48,48,48,42,30,30,30,30,30,29,22,43,11,56,41,41,41,38,19,40,38,59,59,59,38,38,38,38,59,44,64,64,40,16,16,8,29,35,35,42,42,42,25,48,22,45,5,0],"gold":68,"neow_bonus":"RANDOM_COMMON_RELIC","is_prod":false,"is_daily":false,"chose_seed":false,"campfire_upgraded":5,"win_rate":0,"timestamp":1539858428,"path_taken":["M","M","?","?","$","R","M","E","T","R","?","R","M","M","R","BOSS","M","?","?","?","M","R","M","R","T","R","?","?","?","?","R","BOSS","M","M","M","?","M","R","M","R","T","?","$","M","R","M","R","BOSS","BOSS"],"build_version":"2018-10-17v3","purchased_purges":1,"victory":false,"max_hp_per_floor":[71,71,71,71,71,71,71,71,71,71,71,71,71,71,71,71,71,71,71,71,71,71,71,71,71,71,71,71,71,71,71,71,71,71,71,71,71,71,71,71,71,71,78,78,78,78,78,78,78,78,78],"card_choices":[{"not_picked":["Darkness","Force Field"],"picked":"Streamline","floor":1.0},{"not_picked":["Skim","Reprogram"],"picked":"Consume","floor":2.0},{"not_picked":["Steam","Static Discharge"],"picked":"Cold Snap","floor":4.0},{"not_picked":["Melter","Static Discharge"],"picked":"Capacitor","floor":7.0},{"not_picked":["Barrage","Consume"],"picked":"Go for the Eyes","floor":8.0},{"not_picked":["Lockon","Steam"],"picked":"Conserve Battery","floor":13.0},{"not_picked":["Cold Snap","Steam"],"picked":"All For One","floor":14.0},{"not_picked":["Hyperbeam","Core Surge"],"picked":"Seek","floor":16.0},{"not_picked":["Steam","Streamline"],"picked":"Cold Snap","floor":17.0},{"not_picked":["Rebound","Storm"],"picked":"Cold Snap","floor":17.0},{"not_picked":["Compile Driver","Rip and Tear"],"picked":"Coolheaded","floor":17.0},{"not_picked":["FTL","Doom and Gloom"],"picked":"Go for the Eyes","floor":17.0},{"not_picked":["Streamline","Go for the Eyes","Barrage"],"picked":"SKIP","floor":18.0},{"not_picked":["Force Field","Barrage"],"picked":"Coolheaded","floor":21.0},{"not_picked":["Go for the Eyes","Tempest"],"picked":"Doom and Gloom+1","floor":22.0},{"not_picked":["Conserve Battery+1","Sweeping Beam"],"picked":"Seek","floor":24.0},{"not_picked":["Rainbow","Machine Learning"],"picked":"Seek","floor":33.0},{"not_picked":["Sweeping Beam","Barrage+1","Go for the Eyes"],"picked":"SKIP","floor":35.0},{"not_picked":["Leap","Sweeping Beam","Rebound"],"picked":"SKIP","floor":36.0},{"not_picked":["Melter+1","Doom and Gloom+1"],"picked":"Creative AI","floor":37.0},{"not_picked":["Redo","Steam"],"picked":"Defragment","floor":39.0},{"not_picked":["Blizzard","Darkness"],"picked":"Hologram+1","floor":41},{"not_picked":["Chrysalis","Impatience"],"picked":"Panacea","floor":44},{"not_picked":["Rip and Tear","Leap"],"picked":"Turbo","floor":46},{"not_picked":["Redo","Leap+1"],"picked":"Steam+1","floor":48}],"player_experience":2572295,"relics_obtained":[{"floor":8.0,"key":"War Paint"},{"floor":9.0,"key":"Centennial Puzzle"},{"floor":26.0,"key":"Pen Nib"},{"floor":28.0,"key":"Enchiridion"},{"floor":30.0,"key":"Sundial"},{"floor":43,"key":"Strawberry"}],"event_choices":[{"damage_healed":0.0,"max_hp_gain":0.0,"max_hp_loss":0.0,"gold_gain":75.0,"event_name":"World of Goop","player_choice":"Gather Gold","floor":3.0,"gold_loss":0.0,"damage_taken":11.0},{"cards_removed":["Strike_B"],"damage_healed":0.0,"max_hp_gain":0.0,"max_hp_loss":0.0,"gold_gain":0.0,"event_name":"The Cleric","player_choice":"Card Removal","floor":11.0,"gold_loss":75.0,"damage_taken":0.0},{"cards_removed":["Strike_B"],"damage_healed":0.0,"max_hp_gain":0.0,"max_hp_loss":0.0,"gold_gain":0.0,"event_name":"Beggar","player_choice":"Gave Gold","floor":19.0,"gold_loss":75.0,"damage_taken":0.0},{"damage_healed":0.0,"max_hp_gain":0.0,"max_hp_loss":0.0,"gold_gain":0.0,"event_name":"Cursed Tome","player_choice":"Obtained Book","floor":28.0,"gold_loss":0.0,"damage_taken":21.0},{"damage_healed":0.0,"max_hp_gain":0.0,"max_hp_loss":0.0,"gold_gain":0.0,"event_name":"Tomb of Lord Red Mask","player_choice":"Ignored","floor":38.0,"gold_loss":0.0,"damage_taken":0.0},{"damage_healed":0,"gold_gain":0,"player_choice":"Memory 1","damage_taken":0,"max_hp_gain":0,"max_hp_loss":0,"event_name":"SensoryStone","floor":44,"gold_loss":0}],"is_beta":true,"boss_relics":[{"not_picked":["Coffee Dripper","Empty Cage"],"picked":"Orrery"},{"not_picked":["Astrolabe","White Beast Statue"],"picked":"Lizard Tail"}],"items_purged_floors":[45],"is_endless":false,"potions_floor_spawned":[1,8,14,21,22,37,41,46],"killed_by":"Awakened One","ascension_level":20}