{"gold_per_floor":[364,364,7,25,45,45,85,85,109,125,139,139,139,163,163,259,259,279,12,12,0,0,0],"floor_reached":23,"playtime":418,"items_purged":[],"score":331,"play_id":"7d33b53a-aa8c-47aa-8b50-837262e45296","local_time":"20190411191220","is_ascension_mode":true,"campfire_choices":[{"data":"Defragment","floor":6,"key":"SMITH"},{"floor":8,"key":"REST"},{"floor":13,"key":"REST"},{"floor":15,"key":"DIG"}],"neow_cost":"TEN_PERCENT_HP_LOSS","seed_source_timestamp":91126621155025,"circlet_count":0,"master_deck":["AscendersBane","Strike_B","Defend_B","Defend_B","Defend_B","Defend_B","Zap","Dualcast","Defragment+1","Undo","Sweeping Beam","Cold Snap","Capacitor","Gash","Echo Form","Conserve Battery+1","Hologram+1","Heatsinks+1","Darkness","Ball Lightning","Leap","Shame","Necronomicurse"],"relics":["Cracked Core","Golden Idol","Shovel","Art of War","Bronze Scales","Sundial","Lantern","Astrolabe","Toy Ornithopter","Pantograph","Necronomicon"],"potions_floor_usage":[10,11,16,16,23,23],"damage_taken":[{"damage":0,"enemies":"Small Slimes","floor":1,"turns":3},{"damage":6,"enemies":"Jaw Worm","floor":4,"turns":4},{"damage":0,"enemies":"Cultist","floor":5,"turns":3},{"damage":16,"enemies":"Lagavulin","floor":7,"turns":7},{"damage":19,"enemies":"Exordium Thugs","floor":10,"turns":3},{"damage":11,"enemies":"3 Louse","floor":11,"turns":2},{"damage":1,"enemies":"Looter","floor":14,"turns":3},{"damage":24,"enemies":"Slime Boss","floor":16,"turns":7},{"damage":8,"enemies":"3 Byrds","floor":18,"turns":3},{"damage":34,"enemies":"Slavers","floor":23,"turns":1}],"seed_played":"-2286540272803709738","potions_obtained":[{"floor":7,"key":"Swift Potion"},{"floor":11,"key":"Dexterity Potion"},{"floor":14,"key":"Strength Potion"},{"floor":16,"key":"SpeedPotion"},{"floor":18,"key":"SpeedPotion"}],"is_trial":false,"path_per_floor":["M","?","$","M","M","R","E","R","T","M","M","T","R","M","R","B",null,"M","$","?","?","?","E"],"character_chosen":"DEFECT","items_purchased":["Shovel","Explosive Potion","Toy Ornithopter","Ball Lightning","Leap"],"campfire_rested":2,"item_purchase_floors":[3,3,19,19,19],"current_hp_per_floor":[64,42,42,36,36,36,20,39,39,20,9,9,28,27,27,3,49,41,41,41,41,20,0],"gold":0,"neow_bonus":"TWO_FIFTY_GOLD","is_prod":false,"is_daily":false,"chose_seed":false,"campfire_upgraded":1,"win_rate":0,"timestamp":1555024340,"path_taken":["M","?","$","M","M","R","E","R","T","M","M","?","R","?","R","BOSS","M","$","?","?","?","E"],"build_version":"2019-01-23","purchased_purges":0,"victory":false,"max_hp_per_floor":[64,64,64,64,64,64,64,64,64,64,64,64,64,64,64,64,64,64,64,64,64,64,64],"card_choices":[{"not_picked":["Stack","Self Repair"],"picked":"Defragment","floor":1},{"not_picked":["Redo","Steam Power","Chaos"],"picked":"SKIP","floor":4},{"not_picked":["Reinforced Body","Recycle"],"picked":"Undo","floor":5},{"not_picked":["Stack","Steam"],"picked":"Sweeping Beam","floor":7},{"not_picked":["Go for the Eyes","Sweeping Beam"],"picked":"Cold Snap","floor":10},{"not_picked":["Skim","Gash"],"picked":"Capacitor","floor":11},{"not_picked":["Chaos","Streamline"],"picked":"Gash","floor":14},{"not_picked":["Creative AI","All For One"],"picked":"Echo Form","floor":16},{"not_picked":["Stack","Redo"],"picked":"Darkness","floor":18}],"player_experience":276547,"relics_obtained":[{"floor":7,"key":"Art of War"},{"floor":9,"key":"Bronze Scales"},{"floor":12,"key":"Sundial"},{"floor":15,"key":"Lantern"},{"floor":22,"key":"Necronomicon"}],"event_choices":[{"damage_healed":0,"gold_gain":0,"player_choice":"Take Damage","damage_taken":22,"relics_obtained":["Golden Idol"],"max_hp_gain":0,"max_hp_loss":0,"event_name":"Golden Idol","floor":2,"gold_loss":0},{"damage_healed":0,"gold_gain":0,"player_choice":"Stole Relic","damage_taken":0,"relics_obtained":["Pantograph"],"max_hp_gain":0,"max_hp_loss":0,"event_name":"Addict","floor":20,"gold_loss":0,"cards_obtained":["Shame"]},{"damage_healed":0,"gold_gain":0,"player_choice":"Paid Fearfully","damage_taken":0,"max_hp_gain":0,"max_hp_loss":0,"event_name":"Masked Bandits","floor":21,"gold_loss":12},{"damage_healed":0,"gold_gain":0,"player_choice":"Obtained Book","damage_taken":21,"max_hp_gain":0,"max_hp_loss":0,"event_name":"Cursed Tome","floor":22,"gold_loss":0}],"is_beta":false,"boss_relics":[{"not_picked":["Cursed Key","Empty Cage"],"picked":"Astrolabe"}],"items_purged_floors":[],"is_endless":false,"potions_floor_spawned":[7,11,14,16,18],"killed_by":"Slavers","ascension_level":15}