{"gold_per_floor":[114,189,189,189,153,153,172,184,230,253,270,67,93,18,18,18],"floor_reached":16,"playtime":596,"items_purged":["Strike_R"],"score":125,"play_id":"03ce33e2-ec1a-4910-a2f7-1367c903fc83","local_time":"20190821213119","is_ascension_mode":true,"campfire_choices":[{"data":"Bash","floor":6,"key":"SMITH"},{"data":"Flame Barrier","floor":15,"key":"SMITH"}],"neow_cost":"NONE","seed_source_timestamp":12846639876454,"circlet_count":0,"master_deck":["Strike_R","Strike_R","Strike_R","Defend_R","Defend_R","Defend_R","Defend_R","Bash+1","Power Through","Wild Strike","Flame Barrier+1","Armaments","Body Slam","Entrench","Corruption","Fiend Fire"],"relics":["Burning Blood","NeowsBlessing","Dream Catcher","Odd Mushroom","Regal Pillow"],"potions_floor_usage":[10,16],"damage_taken":[{"damage":0,"enemies":"Jaw Worm","floor":1,"turns":1},{"damage":0,"enemies":"Cultist","floor":4,"turns":1},{"damage":0,"enemies":"Small Slimes","floor":7,"turns":1},{"damage":15,"enemies":"Gremlin Gang","floor":8,"turns":7},{"damage":7,"enemies":"The Mushroom Lair","floor":10,"turns":4},{"damage":19,"enemies":"Exordium Thugs","floor":11,"turns":6},{"damage":39,"enemies":"Lagavulin","floor":13,"turns":8},{"damage":19,"enemies":"Hexaghost","floor":16,"turns":10}],"seed_played":"-1863800397504118124","potions_obtained":[{"floor":1,"key":"SneckoOil"},{"floor":8,"key":"Explosive Potion"},{"floor":13,"key":"Weak Potion"}],"is_trial":false,"path_per_floor":["M","?","?","M","$","R","M","M","T","?","M","$","E","$","R","B"],"character_chosen":"IRONCLAD","items_purchased":["Flame Barrier","Corruption","Fiend Fire"],"campfire_rested":0,"item_purchase_floors":[5,12,12],"current_hp_per_floor":[80,69,62,68,68,68,74,65,65,64,51,51,18,18,18,0],"gold":18,"neow_bonus":"THREE_ENEMY_KILL","is_prod":false,"is_daily":false,"chose_seed":false,"campfire_upgraded":2,"win_rate":0,"timestamp":1566390679,"path_taken":["M","?","?","M","?","R","M","?","T","?","M","$","E","$","R","BOSS"],"build_version":"2019-07-17","purchased_purges":1,"victory":false,"max_hp_per_floor":[80,80,80,80,80,80,80,80,80,80,80,80,80,80,80,80],"card_choices":[{"not_picked":["Evolve","Pommel Strike"],"picked":"Power Through","floor":1},{"not_picked":["Twin Strike","Heavy Blade"],"picked":"Wild Strike","floor":4},{"not_picked":["Anger","Rupture"],"picked":"Armaments","floor":7},{"not_picked":["Headbutt","Twin Strike"],"picked":"Body Slam","floor":8},{"not_picked":["Sword Boomerang","Warcry"],"picked":"Entrench","floor":10},{"not_picked":["Clash","Sword Boomerang","Headbutt"],"picked":"SKIP","floor":11},{"not_picked":["Combust","Carnage","Fire Breathing"],"picked":"SKIP","floor":13}],"player_experience":211512,"relics_obtained":[{"floor":9,"key":"Dream Catcher"},{"floor":10,"key":"Odd Mushroom"},{"floor":13,"key":"Regal Pillow"}],"event_choices":[{"damage_healed":0,"gold_gain":75,"player_choice":"Gather Gold","damage_taken":11,"max_hp_gain":0,"max_hp_loss":0,"event_name":"World of Goop","floor":2,"gold_loss":0},{"cards_removed":["Strike_R"],"damage_healed":0,"gold_gain":0,"player_choice":"Card Removal","damage_taken":7,"max_hp_gain":0,"max_hp_loss":0,"event_name":"Golden Wing","floor":3,"gold_loss":0},{"damage_healed":0,"gold_gain":0,"player_choice":"Fought Mushrooms","damage_taken":0,"max_hp_gain":0,"max_hp_loss":0,"event_name":"Mushrooms","floor":10,"gold_loss":0}],"is_beta":false,"boss_relics":[],"items_purged_floors":[14],"is_endless":false,"potions_floor_spawned":[1,8,13],"killed_by":"Hexaghost","ascension_level":5}