{"gold_per_floor":[117,130,130,143,143,168,168,194,194,223,223,281,293,293,293,391,391,405,405,415,26,26,26],"floor_reached":23,"playtime":884,"items_purged":[],"score":250,"play_id":"001c5888-b981-44e4-9008-5d4c17a68293","local_time":"20190207173003","is_ascension_mode":true,"campfire_choices":[{"data":"Barricade","floor":7,"key":"SMITH"},{"floor":11,"key":"REST"},{"data":"Armaments","floor":15,"key":"SMITH"}],"neow_cost":"NONE","seed_source_timestamp":94662045174936,"circlet_count":0,"master_deck":["Strike_R","Strike_R","Strike_R","Strike_R","Defend_R","Defend_R","Defend_R","Defend_R","Bash","Berserk","Carnage","Disarm+1","Rupture","Barricade+1","Inflame","Armaments+1","Inflame","Body Slam","Feed","Battle Trance","Limit Break","Mayhem"],"relics":["Burning Blood","PreservedInsect","Prayer Wheel","Bottled Lightning","Vajra","Tiny Chest","Coffee Dripper","Lantern"],"potions_floor_usage":[6,8,8,16,16,20,23,23],"damage_taken":[{"damage":8,"enemies":"Jaw Worm","floor":1,"turns":4},{"damage":0,"enemies":"Small Slimes","floor":2,"turns":2},{"damage":1,"enemies":"Cultist","floor":4,"turns":3},{"damage":35,"enemies":"3 Sentries","floor":6,"turns":7},{"damage":19,"enemies":"Lagavulin","floor":8,"turns":7},{"damage":16,"enemies":"Gremlin Nob","floor":10,"turns":3},{"damage":24,"enemies":"Lagavulin","floor":12,"turns":5},{"damage":14,"enemies":"Large Slime","floor":13,"turns":5},{"damage":17,"enemies":"Slime Boss","floor":16,"turns":13},{"damage":7,"enemies":"3 Byrds","floor":18,"turns":9},{"damage":38,"enemies":"2 Thieves","floor":20,"turns":4},{"damage":73,"enemies":"Slavers","floor":23,"turns":4}],"seed_played":"-3823028562435938756","potions_obtained":[{"floor":1,"key":"Explosive Potion"},{"floor":6,"key":"EntropicBrew"},{"floor":8,"key":"PowerPotion"},{"floor":16,"key":"EssenceOfSteel"}],"is_trial":false,"path_per_floor":["M","M","?","M","?","E","R","E","T","E","R","E","M","$","R","B",null,"M","?","M","$","$","E"],"character_chosen":"IRONCLAD","items_purchased":["Regen Potion","Mayhem","Lantern"],"campfire_rested":1,"item_purchase_floors":[21,21,21],"current_hp_per_floor":[78,80,80,80,80,51,51,38,38,28,52,34,26,26,26,15,80,83,83,55,55,55,0],"gold":26,"neow_bonus":"ONE_RANDOM_RARE_CARD","is_prod":false,"is_daily":false,"chose_seed":false,"campfire_upgraded":2,"win_rate":0,"timestamp":1549578603,"path_taken":["M","M","?","M","?","E","R","E","T","E","R","E","?","$","R","BOSS","M","?","M","?","$","E"],"build_version":"2019-01-23","purchased_purges":0,"victory":false,"max_hp_per_floor":[80,80,80,80,80,80,80,80,80,80,80,80,80,80,80,80,80,84,84,88,88,88,88],"card_choices":[{"not_picked":["Havoc","Flex"],"picked":"Carnage","floor":1},{"not_picked":["Whirlwind","Clothesline"],"picked":"Disarm","floor":2},{"not_picked":["Pommel Strike","Hemokinesis","Warcry"],"picked":"SKIP","floor":4},{"not_picked":["Entrench","Uppercut"],"picked":"Barricade","floor":6},{"not_picked":["Dropkick","Second Wind"],"picked":"Inflame","floor":8},{"not_picked":["Searing Blow","Pommel Strike"],"picked":"Armaments","floor":10},{"not_picked":["Clothesline","Twin Strike"],"picked":"Inflame","floor":12},{"not_picked":["Anger","Heavy Blade"],"picked":"Body Slam","floor":13},{"not_picked":["Anger","Warcry","Twin Strike"],"picked":"SKIP","floor":13},{"not_picked":["Barricade","Offering"],"picked":"Feed","floor":16},{"not_picked":["Iron Wave","Havoc"],"picked":"Battle Trance","floor":18},{"not_picked":["Thunderclap","Clothesline","Heavy Blade+1"],"picked":"SKIP","floor":18},{"not_picked":["True Grit","Twin Strike+1"],"picked":"Limit Break","floor":20},{"not_picked":["Wild Strike","Armaments","Hemokinesis"],"picked":"SKIP","floor":20}],"player_experience":37591,"relics_obtained":[{"floor":6,"key":"PreservedInsect"},{"floor":8,"key":"Prayer Wheel"},{"floor":9,"key":"Bottled Lightning"},{"floor":10,"key":"Vajra"},{"floor":12,"key":"Tiny Chest"}],"event_choices":[{"damage_healed":0,"gold_gain":0,"player_choice":"Grow","damage_taken":0,"max_hp_gain":0,"max_hp_loss":0,"event_name":"Living Wall","floor":3,"gold_loss":0,"cards_upgraded":["Disarm"]},{"damage_healed":0,"gold_gain":0,"cards_transformed":["Strike_R"],"player_choice":"Transformed","damage_taken":0,"max_hp_gain":0,"max_hp_loss":0,"event_name":"Transmorgrifier","floor":5,"gold_loss":0,"cards_obtained":["Rupture"]},{"damage_healed":0,"gold_gain":0,"player_choice":"Bought 0 Potions","damage_taken":0,"max_hp_gain":0,"max_hp_loss":0,"event_name":"The Woman in Blue","floor":19,"gold_loss":0}],"is_beta":false,"boss_relics":[{"not_picked":["Runic Dome","Black Blood"],"picked":"Coffee Dripper"}],"items_purged_floors":[],"is_endless":false,"potions_floor_spawned":[1,6,8,16],"killed_by":"Slavers","ascension_level":3}