{"gold_per_floor":[115,28,40,40,65,65,101,101,153,177,216,216],"floor_reached":12,"playtime":296,"items_purged":[],"score":167,"play_id":"9948f93e-3bab-4327-9f82-9749cc96bc18","local_time":"20190506151139","is_ascension_mode":true,"campfire_choices":[{"data":"Uppercut","floor":6.0,"key":"SMITH"},{"data":"Bash","floor":8,"key":"SMITH"}],"neow_cost":"CURSE","seed_source_timestamp":2236986704642812,"circlet_count":0,"master_deck":["AscendersBane","Strike_R","Strike_R+1","Strike_R","Strike_R+1","Strike_R","Defend_R","Defend_R","Defend_R","Defend_R","Bash+1","Parasite","Flame Barrier","Uppercut+1","Shrug It Off","Shrug It Off","Anger","True Grit"],"special_seed":0,"relics":["Burning Blood","Gambling Chip","Golden Idol","Anchor","Whetstone","Singing Bowl"],"potions_floor_usage":[],"damage_taken":[{"damage":0.0,"enemies":"Small Slimes","floor":1.0,"turns":4.0},{"damage":12.0,"enemies":"Jaw Worm","floor":3.0,"turns":4.0},{"damage":0.0,"enemies":"2 Louse","floor":5.0,"turns":3.0},{"damage":30,"enemies":"Gremlin Nob","floor":7,"turns":4},{"damage":23,"enemies":"Exordium Wildlife","floor":10,"turns":6},{"damage":15,"enemies":"3 Sentries","floor":11,"turns":9}],"seed_played":"-8364870041923571405","potions_obtained":[{"floor":3.0,"key":"Strength Potion"},{"floor":7,"key":"Swift Potion"}],"is_trial":false,"path_per_floor":["M","$","M","?","M","R","E","R","T","M","E","?"],"character_chosen":"IRONCLAD","items_purchased":["Uppercut"],"campfire_rested":0,"item_purchase_floors":[2],"current_hp_per_floor":[74,74,68,68,68,68,44,44,44,27,18,0],"gold":216,"neow_bonus":"ONE_RARE_RELIC","is_prod":false,"is_daily":false,"chose_seed":false,"campfire_upgraded":2,"win_rate":0,"timestamp":1557169899,"path_taken":["M","$","M","?","M","R","E","R","T","M","E","?"],"build_version":"2019-01-23","purchased_purges":0,"victory":false,"max_hp_per_floor":[75,75,75,68,68,68,68,68,68,68,68,68],"card_choices":[{"not_picked":["Warcry","Corruption"],"picked":"Flame Barrier","floor":1.0},{"not_picked":["Feel No Pain","Uppercut"],"picked":"Shrug It Off","floor":3.0},{"not_picked":["Armaments","Clash"],"picked":"Shrug It Off","floor":5.0},{"not_picked":["Ghostly Armor","Seeing Red","Power Through"],"picked":"SKIP","floor":7},{"not_picked":["Second Wind","Clash"],"picked":"Anger","floor":10},{"not_picked":["Havoc","Body Slam"],"picked":"True Grit","floor":11}],"player_experience":331965,"relics_obtained":[{"floor":7,"key":"Anchor"},{"floor":9,"key":"Whetstone"},{"floor":11,"key":"Singing Bowl"}],"event_choices":[{"damage_healed":0.0,"max_hp_gain":0.0,"max_hp_loss":7.0,"gold_gain":0.0,"event_name":"Golden Idol","player_choice":"Lose Max HP","floor":4.0,"gold_loss":0.0,"damage_taken":0.0,"relics_obtained":["Golden Idol"]}],"is_beta":false,"boss_relics":[],"items_purged_floors":[],"is_endless":false,"potions_floor_spawned":[3,7,11],"ascension_level":18}