{"gold_per_floor":[109,119,119,119,119,153,153,184,210,7,7,22,60,60,60,60],"floor_reached":16,"playtime":1921,"items_purged":[],"score":240,"play_id":"6bea6ca5-33b9-4d1e-8579-95184176f308","local_time":"20190409125220","is_ascension_mode":true,"campfire_choices":[{"floor":7,"key":"REST"},{"data":"Crippling Poison","floor":11,"key":"SMITH"},{"data":"Cloak And Dagger","floor":15,"key":"SMITH"}],"neow_cost":"NONE","seed_source_timestamp":216933945830984,"circlet_count":0,"master_deck":["AscendersBane","Defend_G","Defend_G","Defend_G+1","Defend_G+1","Defend_G","Strike_G","Strike_G","Strike_G","Strike_G","Strike_G","Survivor","Neutralize","Sucker Punch+1","Blade Dance","Corpse Explosion","Crippling Poison+1","Dash","Cloak And Dagger+1","Parasite"],"relics":["Ring of the Snake","Golden Idol","Bag of Marbles","Lantern","Strawberry","Medical Kit","The Specimen"],"potions_floor_usage":[8,8,16,16],"damage_taken":[{"damage":0,"enemies":"2 Louse","floor":1,"turns":4},{"damage":1,"enemies":"Jaw Worm","floor":2,"turns":4},{"damage":25,"enemies":"3 Sentries","floor":6,"turns":16},{"damage":0,"enemies":"Gremlin Nob","floor":8,"turns":2},{"damage":0,"enemies":"Small Slimes","floor":12,"turns":2},{"damage":26,"enemies":"Lagavulin","floor":13,"turns":7},{"damage":41,"enemies":"Slime Boss","floor":16,"turns":9}],"seed_played":"3343018557424966928","potions_obtained":[{"floor":0,"key":"PowerPotion"},{"floor":0,"key":"SteroidPotion"},{"floor":8,"key":"AttackPotion"},{"floor":13,"key":"SkillPotion"}],"is_trial":false,"path_per_floor":["M","M","?","?","?","E","R","E","T","$","R","M","E","?","R","B"],"character_chosen":"THE_SILENT","items_purchased":["Medical Kit"],"campfire_rested":1,"item_purchase_floors":[10],"current_hp_per_floor":[59,58,58,46,46,21,39,39,46,46,46,46,20,37,37,0],"gold":60,"neow_bonus":"THREE_SMALL_POTIONS","is_prod":false,"is_daily":false,"chose_seed":false,"campfire_upgraded":2,"win_rate":0,"timestamp":1554828740,"path_taken":["M","M","?","?","?","E","R","E","T","$","R","?","E","?","R","BOSS"],"build_version":"2019-01-23","purchased_purges":0,"victory":false,"max_hp_per_floor":[66,66,61,61,61,61,61,61,68,68,68,68,68,68,68,68],"card_choices":[{"not_picked":["Dodge and Roll","Reflex"],"picked":"Sucker Punch","floor":1},{"not_picked":["Underhanded Strike","Catalyst"],"picked":"Blade Dance","floor":2},{"not_picked":["Sucker Punch","Prepared"],"picked":"Corpse Explosion","floor":6},{"not_picked":["Finisher","Concentrate"],"picked":"Crippling Poison","floor":8},{"not_picked":["Choke","Prepared"],"picked":"Dash","floor":12},{"not_picked":["Masterful Stab","Eviscerate"],"picked":"Cloak And Dagger","floor":13}],"player_experience":246004,"relics_obtained":[{"floor":6,"key":"Bag of Marbles"},{"floor":8,"key":"Lantern"},{"floor":9,"key":"Strawberry"},{"floor":13,"key":"The Specimen"}],"event_choices":[{"damage_healed":0,"gold_gain":0,"player_choice":"Lose Max HP","damage_taken":0,"relics_obtained":["Golden Idol"],"max_hp_gain":0,"max_hp_loss":5,"event_name":"Golden Idol","floor":3,"gold_loss":0},{"damage_healed":0,"gold_gain":0,"player_choice":"Entered Light","damage_taken":12,"max_hp_gain":0,"max_hp_loss":0,"event_name":"Shining Light","floor":4,"gold_loss":0,"cards_upgraded":["Defend_G","Defend_G"]},{"damage_healed":0,"gold_gain":0,"player_choice":"Grow","damage_taken":0,"max_hp_gain":0,"max_hp_loss":0,"event_name":"Living Wall","floor":5,"gold_loss":0,"cards_upgraded":["Sucker Punch"]},{"damage_healed":17,"gold_gain":0,"player_choice":"Healed and dodged fight","damage_taken":0,"max_hp_gain":0,"max_hp_loss":0,"event_name":"Mushrooms","floor":14,"gold_loss":0,"cards_obtained":["Parasite"]}],"is_beta":false,"boss_relics":[],"items_purged_floors":[],"is_endless":false,"potions_floor_spawned":[2,8,13],"killed_by":"Slime Boss","ascension_level":14}