{"gold_per_floor":[109,120,134,151,151,180,180,191,191,10,24,24,52,102,102,177,177,187,203,3,15,15,15,44,56,139,210,273,285],"floor_reached":29,"playtime":1016,"items_purged":[],"score":546,"play_id":"0cc3c811-0a19-4882-a95d-ca5805be8c3d","local_time":"20181002042813","is_ascension_mode":true,"campfire_choices":[{"data":"Zap","floor":7,"key":"SMITH"},{"floor":12,"key":"REST"},{"floor":15,"key":"REST"},{"floor":23,"key":"REST"},{"floor":25,"key":"REST"}],"neow_cost":"NONE","seed_source_timestamp":1605635078662511,"circlet_count":0,"master_deck":["Strike_B","Strike_B","Strike_B","Strike_B","Defend_B","Defend_B","Defend_B","Defend_B","Zap+1","Dualcast","AscendersBane","Streamline+1","Cold Snap","Ball Lightning","Genetic Algorithm","Hologram","Machine Learning","Steam","Fission+1","Seek+1","Hologram+1","Steam+1","Redo+1","Double Energy+1","Writhe","Conserve Battery+1","Turbo+1"],"relics":["Cracked Core","Bag of Marbles","Cables","PreservedInsect","Toxic Egg 2","Black Star","Regal Pillow","Smiling Mask","MawBank","Strawberry","Question Card","Omamori","Tiny Chest","Pen Nib"],"potions_floor_usage":[16,24],"damage_taken":[{"damage":1,"enemies":"Small Slimes","floor":1,"turns":4},{"damage":1,"enemies":"Cultist","floor":2,"turns":3},{"damage":10,"enemies":"2 Louse","floor":3,"turns":2},{"damage":2,"enemies":"Blue Slaver","floor":4,"turns":4},{"damage":20,"enemies":"Lagavulin","floor":6,"turns":5},{"damage":13,"enemies":"Gremlin Gang","floor":8,"turns":4},{"damage":5,"enemies":"2 Fungi Beasts","floor":11,"turns":3},{"damage":28,"enemies":"Gremlin Nob","floor":13,"turns":4},{"damage":8,"enemies":"Slime Boss","floor":16,"turns":8},{"damage":17,"enemies":"Shell Parasite","floor":18,"turns":3},{"damage":26,"enemies":"Spheric Guardian","floor":19,"turns":6},{"damage":20,"enemies":"Snake Plant","floor":21,"turns":4},{"damage":20,"enemies":"Book of Stabbing","floor":24,"turns":4},{"damage":47,"enemies":"Gremlin Leader","floor":27,"turns":8},{"damage":31,"enemies":"Shelled Parasite and Fungi","floor":29,"turns":1}],"seed_played":"-655992293806993075","potions_obtained":[{"floor":3,"key":"SpeedPotion"},{"floor":6,"key":"SteroidPotion"},{"floor":8,"key":"FocusPotion"},{"floor":19,"key":"PowerPotion"},{"floor":27,"key":"Ancient Potion"}],"is_trial":false,"path_per_floor":["M","M","M","M","?","E","R","M","T","$","M","R","E","?","R","B",null,"M","M","$","M","?","R","E","R","T","E","T"],"character_chosen":"DEFECT","items_purchased":["PreservedInsect","Regal Pillow","Redo+1"],"campfire_rested":4,"item_purchase_floors":[10,20,20],"current_hp_per_floor":[70,69,59,57,57,37,37,24,24,24,19,42,14,14,37,29,66,49,23,23,3,3,41,28,68,68,21,21,0],"gold":285,"neow_bonus":"TEN_PERCENT_HP_BONUS","is_prod":false,"is_daily":false,"chose_seed":false,"campfire_upgraded":1,"win_rate":0,"timestamp":1538479693,"path_taken":["M","M","M","M","?","E","R","M","T","$","M","R","E","?","R","BOSS","M","M","$","M","?","R","E","R","T","E","?","?"],"build_version":"2018-10-01","purchased_purges":0,"victory":false,"max_hp_per_floor":[78,78,78,78,78,78,78,78,78,78,78,78,78,78,78,78,78,78,78,78,78,78,78,85,85,85,85,85,85],"card_choices":[{"not_picked":["Steam Power","Steam"],"picked":"Streamline","floor":1},{"not_picked":["Sunder","Leap"],"picked":"Cold Snap","floor":2},{"not_picked":["Compile Driver","Conserve Battery"],"picked":"Ball Lightning","floor":3},{"not_picked":["Redo","Sweeping Beam"],"picked":"Genetic Algorithm","floor":4},{"not_picked":["Consume","Doom and Gloom"],"picked":"Hologram","floor":6},{"not_picked":["Coolheaded","Compile Driver"],"picked":"Machine Learning","floor":8},{"not_picked":["Capacitor","Stack"],"picked":"Steam","floor":11},{"not_picked":["Barrage","Gash"],"picked":"Fission","floor":13},{"not_picked":["Creative AI","All For One"],"picked":"Seek+1","floor":16},{"not_picked":["Go for the Eyes+1","Recycle+1"],"picked":"Hologram+1","floor":18},{"not_picked":["Thunder Strike","Barrage"],"picked":"Steam+1","floor":19},{"not_picked":["Steam+1","Doom and Gloom"],"picked":"Double Energy+1","floor":21},{"not_picked":["Consume+1","Redo+1"],"picked":"Conserve Battery+1","floor":24},{"not_picked":["Recycle+1","Hologram+1","Aggregate+1"],"picked":"Turbo+1","floor":27}],"player_experience":2463363,"relics_obtained":[{"floor":6,"key":"Bag of Marbles"},{"floor":9,"key":"Cables"},{"floor":13,"key":"Toxic Egg 2"},{"floor":24,"key":"MawBank"},{"floor":24,"key":"Strawberry"},{"floor":26,"key":"Question Card"},{"floor":27,"key":"Omamori"},{"floor":27,"key":"Tiny Chest"},{"floor":28,"key":"Pen Nib"}],"event_choices":[{"event_name":"Upgrade Shrine","player_choice":"Upgraded","floor":5,"damage_taken":0},{"event_name":"Golden Shrine","player_choice":"Pray","floor":14,"damage_taken":0},{"event_name":"The Mausoleum","player_choice":"Yes","floor":22,"damage_taken":0}],"is_beta":true,"boss_relics":[{"not_picked":["Ectoplasm","Sozu"],"picked":"Black Star"}],"items_purged_floors":[],"is_endless":false,"potions_floor_spawned":[3,6,8,11,19,21,27],"killed_by":"Shelled Parasite and Fungi","ascension_level":20}