{"gold_per_floor":[118,136,136,286,286,313,313,40,40,40],"floor_reached":10,"playtime":182,"items_purged":["Doubt"],"score":125,"play_id":"7ec0aa69-65e0-435d-a844-4142cf96b9da","local_time":"20190522010322","is_ascension_mode":true,"campfire_choices":[{"floor":7,"key":"REST"}],"neow_cost":"NONE","seed_source_timestamp":971907440669172,"circlet_count":0,"master_deck":["AscendersBane","Defend_G","Defend_G","Defend_G","Defend_G","Defend_G","Strike_G","Strike_G","Strike_G","Strike_G","Strike_G","Survivor","Neutralize+1","Die Die Die","Footwork","Dagger Spray"],"relics":["Ring of the Snake","Dodecahedron","Pear"],"potions_floor_usage":[6,10],"damage_taken":[{"damage":4,"enemies":"Small Slimes","floor":1,"turns":4},{"damage":0,"enemies":"2 Louse","floor":2,"turns":1},{"damage":48,"enemies":"Gremlin Nob","floor":6,"turns":6},{"damage":36,"enemies":"Lagavulin","floor":10,"turns":8}],"seed_played":"-3449740022075111291","potions_obtained":[{"floor":2,"key":"GamblersBrew"},{"floor":6,"key":"Dexterity Potion"}],"is_trial":false,"path_per_floor":["M","M","?","?","?","E","R","$","T","E"],"character_chosen":"THE_SILENT","items_purchased":["Footwork","Dagger Spray","PowerPotion"],"campfire_rested":1,"item_purchase_floors":[8,8,8],"current_hp_per_floor":[55,55,55,55,60,12,33,33,43,7],"gold":40,"neow_bonus":"ONE_RANDOM_RARE_CARD","is_prod":false,"is_daily":false,"chose_seed":false,"campfire_upgraded":0,"win_rate":0,"timestamp":1558501402,"path_taken":["M","M","?","?","?","E","R","$","T","E"],"build_version":"2019-01-23","purchased_purges":1,"victory":false,"max_hp_per_floor":[66,66,66,66,71,71,71,71,81,81],"card_choices":[{"not_picked":["Sucker Punch","Acrobatics","Prepared"],"picked":"SKIP","floor":1},{"not_picked":["Choke","Blade Dance","Deflect"],"picked":"SKIP","floor":2},{"not_picked":["Catalyst","Outmaneuver","Deflect"],"picked":"SKIP","floor":6}],"player_experience":393949,"relics_obtained":[{"floor":6,"key":"Dodecahedron"},{"floor":9,"key":"Pear"}],"event_choices":[{"damage_healed":0,"gold_gain":0,"player_choice":"Grow","damage_taken":0,"max_hp_gain":0,"max_hp_loss":0,"event_name":"Living Wall","floor":3,"gold_loss":0,"cards_upgraded":["Neutralize"]},{"damage_healed":0,"gold_gain":150,"player_choice":"AGREE","damage_taken":0,"max_hp_gain":0,"max_hp_loss":0,"event_name":"Liars Game","floor":4,"gold_loss":0,"cards_obtained":["Doubt"]},{"damage_healed":0,"gold_gain":0,"player_choice":"Donut","damage_taken":0,"max_hp_gain":5,"max_hp_loss":0,"event_name":"Big Fish","floor":5,"gold_loss":0}],"is_beta":false,"boss_relics":[],"items_purged_floors":[8],"is_endless":false,"potions_floor_spawned":[2,6],"killed_by":"Lagavulin","ascension_level":19}