{"gold_per_floor":[110,110,123,11,31,31,43,43,97,128,128,128,28,28,28,124,124,138,70,82,46,46,46,72,101,175,210,222,222,253,270,270,270],"floor_reached":33,"playtime":2085,"items_purged":["Regret","Strike_R"],"score":369,"play_id":"8968bf38-3982-4390-ad48-aa18f2cf593a","local_time":"20190811121313","is_ascension_mode":true,"campfire_choices":[{"data":"Shockwave","floor":6,"key":"SMITH"},{"data":"Wild Strike","floor":8,"key":"SMITH"},{"data":"Uppercut","floor":15,"key":"SMITH"},{"data":"Corruption","floor":23,"key":"SMITH"},{"data":"Offering","floor":32,"key":"SMITH"}],"neow_cost":"TEN_PERCENT_HP_LOSS","seed_source_timestamp":5400673252411,"circlet_count":0,"master_deck":["Strike_R","Strike_R+1","Defend_R","Defend_R","Defend_R+1","Defend_R","Bash","Wild Strike+1","Iron Wave","Hemokinesis","Shockwave+1","Hemokinesis","Uppercut+1","Offering+1","Parasite","Regret","Shrug It Off","Corruption+1","Dropkick+1","Shockwave","Battle Trance","Juggernaut","Body Slam+1","True Grit"],"relics":["Burning Blood","Omamori","Anchor","Dodecahedron","Darkstone Periapt","WarpedTongs","Calling Bell","Pen Nib","Molten Egg 2","Dead Branch","Red Mask","Pear","Matryoshka","Meat on the Bone","Happy Flower"],"potions_floor_usage":[20,25,30,33],"damage_taken":[{"damage":7,"enemies":"2 Louse","floor":1,"turns":4},{"damage":7,"enemies":"Small Slimes","floor":3,"turns":4},{"damage":0,"enemies":"Cultist","floor":5,"turns":3},{"damage":3,"enemies":"Large Slime","floor":7,"turns":3},{"damage":13,"enemies":"Gremlin Nob","floor":10,"turns":3},{"damage":32,"enemies":"The Guardian","floor":16,"turns":8},{"damage":21,"enemies":"2 Thieves","floor":18,"turns":4},{"damage":33,"enemies":"Spheric Guardian","floor":20,"turns":7},{"damage":9,"enemies":"Masked Bandits","floor":24,"turns":3},{"damage":17,"enemies":"Gremlin Leader","floor":25,"turns":5},{"damage":3,"enemies":"Book of Stabbing","floor":27,"turns":2},{"damage":20,"enemies":"Shelled Parasite and Fungi","floor":28,"turns":6},{"damage":22,"enemies":"Slavers","floor":30,"turns":5},{"damage":8,"enemies":"Snake Plant","floor":31,"turns":2},{"damage":84,"enemies":"Champ","floor":33,"turns":6}],"seed_played":"66687630834929720","potions_obtained":[{"floor":3,"key":"Ancient Potion"},{"floor":10,"key":"SpeedPotion"},{"floor":24,"key":"Poison Potion"},{"floor":27,"key":"FairyPotion"},{"floor":28,"key":"Poison Potion"}],"is_trial":false,"path_per_floor":["M","?","M","$","M","R","M","R","T","E","?","?","$","?","R","B",null,"M","$","M","$","$","R","?","E","T","E","M","?","E","M","R","B"],"character_chosen":"IRONCLAD","items_purchased":["Hemokinesis","Corruption","Shockwave"],"campfire_rested":0,"item_purchase_floors":[4,19,21],"current_hp_per_floor":[71,71,70,70,72,72,72,72,72,65,58,44,44,44,44,18,84,69,69,42,42,42,42,39,38,38,41,39,39,35,45,45,0],"gold":270,"neow_bonus":"REMOVE_TWO","is_prod":false,"is_daily":false,"chose_seed":false,"campfire_upgraded":5,"win_rate":0,"timestamp":1565493193,"path_taken":["M","?","M","$","M","R","M","R","T","E","?","?","$","?","R","BOSS","M","$","M","?","$","R","?","E","T","E","M","?","E","M","R","BOSS"],"build_version":"2019-07-17","purchased_purges":2,"victory":false,"max_hp_per_floor":[72,72,72,72,72,72,72,72,72,72,72,72,72,72,72,72,84,84,84,84,84,84,84,84,94,94,94,94,94,94,94,94,94],"card_choices":[{"not_picked":["Clash","Headbutt"],"picked":"Wild Strike","floor":1},{"not_picked":["Body Slam","Clash"],"picked":"Iron Wave","floor":3},{"not_picked":["Intimidate","True Grit"],"picked":"Shockwave","floor":5},{"not_picked":["Anger","Carnage"],"picked":"Hemokinesis","floor":7},{"not_picked":["Heavy Blade","Carnage"],"picked":"Uppercut","floor":10},{"not_picked":["Barricade","Demon Form"],"picked":"Offering","floor":16},{"not_picked":["Havoc","Clash+1"],"picked":"Shrug It Off","floor":18},{"not_picked":["Flame Barrier","True Grit"],"picked":"Dropkick+1","floor":20},{"not_picked":["Immolate+1","Havoc+1"],"picked":"Battle Trance","floor":25},{"not_picked":["Shrug It Off","Perfected Strike+1"],"picked":"Juggernaut","floor":27},{"not_picked":["Wild Strike+1","Metallicize","Evolve+1"],"picked":"SKIP","floor":28},{"not_picked":["True Grit","Blood for Blood+1"],"picked":"Body Slam+1","floor":30},{"not_picked":["Wild Strike+1","Thunderclap+1"],"picked":"True Grit","floor":31}],"player_experience":47894,"relics_obtained":[{"floor":9,"key":"Anchor"},{"floor":10,"key":"Dodecahedron"},{"floor":17,"key":"Pen Nib"},{"floor":17,"key":"Molten Egg 2"},{"floor":17,"key":"Dead Branch"},{"floor":24,"key":"Red Mask"},{"floor":25,"key":"Pear"},{"floor":26,"key":"Matryoshka"},{"floor":27,"key":"Meat on the Bone"},{"floor":30,"key":"Happy Flower"}],"event_choices":[{"damage_healed":0,"gold_gain":0,"player_choice":"Box","damage_taken":0,"relics_obtained":["Omamori"],"max_hp_gain":0,"max_hp_loss":0,"event_name":"Big Fish","floor":2,"gold_loss":0,"cards_obtained":["Regret"]},{"damage_healed":0,"gold_gain":0,"player_choice":"Success","damage_taken":7,"relics_obtained":["Darkstone Periapt"],"max_hp_gain":0,"max_hp_loss":0,"event_name":"Scrap Ooze","floor":11,"gold_loss":0},{"damage_healed":0,"gold_gain":0,"player_choice":"Entered Light","damage_taken":14,"max_hp_gain":0,"max_hp_loss":0,"event_name":"Shining Light","floor":12,"gold_loss":0,"cards_upgraded":["Strike_R","Defend_R"]},{"damage_healed":0,"gold_gain":0,"player_choice":"Rummage","damage_taken":0,"relics_obtained":["WarpedTongs"],"max_hp_gain":0,"max_hp_loss":0,"event_name":"Accursed Blacksmith","floor":14,"gold_loss":0,"cards_obtained":["Pain"]},{"damage_healed":0,"gold_gain":0,"player_choice":"Fought Bandits","damage_taken":0,"max_hp_gain":0,"max_hp_loss":0,"event_name":"Masked Bandits","floor":24,"gold_loss":0},{"damage_healed":0,"gold_gain":0,"player_choice":"Ignored","damage_taken":0,"max_hp_gain":0,"max_hp_loss":0,"event_name":"Ghosts","floor":29,"gold_loss":0}],"is_beta":false,"boss_relics":[{"not_picked":["Sozu","Tiny House"],"picked":"Calling Bell"}],"items_purged_floors":[4,13],"is_endless":false,"potions_floor_spawned":[3,10,24,27,28],"killed_by":"Champ","ascension_level":1}