{"gold_per_floor":[114,114,127,139,28,56,73,73,99,99,99,99,99,115,115,245,245,261,261,15,15,27,27],"floor_reached":23,"playtime":967,"items_purged":["Strike_B","Defend_B"],"score":217,"play_id":"d4befbbf-80d1-4e2e-8fc8-7ddd5711827e","local_time":"20190818141721","is_ascension_mode":true,"campfire_choices":[{"data":"Sweeping Beam","floor":8,"key":"SMITH"},{"data":"Zap","floor":11,"key":"SMITH"},{"data":"Conserve Battery","floor":15,"key":"SMITH"}],"neow_cost":"NONE","seed_source_timestamp":13659616976322,"circlet_count":0,"master_deck":["Strike_B","Strike_B","Defend_B+1","Defend_B","Zap+1","Dualcast","Sweeping Beam+1","Conserve Battery+1","Skim+1","Leap","Machine Learning","Creative AI","Fusion+1","Hologram"],"relics":["Cracked Core","Happy Flower","Art of War","War Paint","Mummified Hand","Bloody Idol","Empty Cage","Enchiridion","Lantern"],"potions_floor_usage":[6,14,16,23,23],"damage_taken":[{"damage":0,"enemies":"2 Louse","floor":1,"turns":3},{"damage":1,"enemies":"Cultist","floor":3,"turns":3},{"damage":1,"enemies":"Jaw Worm","floor":4,"turns":4},{"damage":20,"enemies":"3 Sentries","floor":6,"turns":6},{"damage":6,"enemies":"Looter","floor":7,"turns":4},{"damage":13,"enemies":"Exordium Wildlife","floor":14,"turns":5},{"damage":21,"enemies":"Slime Boss","floor":16,"turns":7},{"damage":26,"enemies":"Shell Parasite","floor":18,"turns":9},{"damage":0,"enemies":"3 Byrds","floor":22,"turns":2},{"damage":54,"enemies":"Gremlin Leader","floor":23,"turns":7}],"seed_played":"-1451174613049052961","potions_obtained":[{"floor":2,"key":"Regen Potion"},{"floor":2,"key":"Energy Potion"},{"floor":2,"key":"GamblersBrew"},{"floor":4,"key":"Fire Potion"},{"floor":7,"key":"Regen Potion"},{"floor":16,"key":"AttackPotion"}],"is_trial":false,"path_per_floor":["M","?","M","M","$","E","M","R","T","T","R","?","?","M","R","B",null,"M","?","$","?","M","E"],"character_chosen":"DEFECT","items_purchased":["Skim","Lantern"],"campfire_rested":0,"item_purchase_floors":[5,20],"current_hp_per_floor":[75,75,74,73,73,53,47,47,47,47,47,29,54,55,55,34,75,49,33,33,33,38,0],"gold":27,"neow_bonus":"RANDOM_COMMON_RELIC","is_prod":false,"is_daily":false,"chose_seed":false,"campfire_upgraded":3,"win_rate":0,"timestamp":1566105441,"path_taken":["M","?","?","M","$","E","M","R","T","?","R","?","?","M","R","BOSS","M","?","$","?","M","E"],"build_version":"2019-07-17","purchased_purges":2,"victory":false,"max_hp_per_floor":[75,75,75,75,75,75,75,75,75,75,75,75,75,75,75,75,75,75,75,75,75,75,75],"card_choices":[{"not_picked":["Compile Driver","Go for the Eyes"],"picked":"Sweeping Beam","floor":1},{"not_picked":["Redo","BootSequence"],"picked":"Conserve Battery","floor":3},{"not_picked":["Stack","Sweeping Beam","Aggregate"],"picked":"SKIP","floor":4},{"not_picked":["Barrage","Gash"],"picked":"Leap","floor":6},{"not_picked":["Redo","Go for the Eyes"],"picked":"Machine Learning","floor":7},{"not_picked":["Go for the Eyes","Ball Lightning","Barrage"],"picked":"SKIP","floor":14},{"not_picked":["Thunder Strike","Echo Form"],"picked":"Creative AI","floor":16},{"not_picked":["Consume","Rebound"],"picked":"Fusion+1","floor":18},{"not_picked":["Gash","Sweeping Beam+1"],"picked":"Hologram","floor":22}],"player_experience":175726,"relics_obtained":[{"floor":6,"key":"Art of War"},{"floor":9,"key":"War Paint"},{"floor":10,"key":"Mummified Hand"},{"floor":19,"key":"Enchiridion"}],"event_choices":[{"damage_healed":0,"gold_gain":0,"player_choice":"Got Potions","damage_taken":0,"max_hp_gain":0,"max_hp_loss":0,"event_name":"Lab","floor":2,"gold_loss":0},{"damage_healed":0,"gold_gain":0,"player_choice":"Take Damage","damage_taken":18,"relics_obtained":["Golden Idol"],"max_hp_gain":0,"max_hp_loss":0,"event_name":"Golden Idol","floor":12,"gold_loss":0},{"damage_healed":25,"gold_gain":0,"player_choice":"Banana","damage_taken":0,"max_hp_gain":0,"max_hp_loss":0,"event_name":"Big Fish","floor":13,"gold_loss":0},{"damage_healed":0,"gold_gain":0,"player_choice":"Obtained Book","damage_taken":16,"max_hp_gain":0,"max_hp_loss":0,"event_name":"Cursed Tome","floor":19,"gold_loss":0},{"damage_healed":0,"gold_gain":0,"player_choice":"Gave Idol","damage_taken":0,"relics_obtained":["Bloody Idol"],"max_hp_gain":0,"max_hp_loss":0,"event_name":"Forgotten Altar","floor":21,"relics_lost":["Golden Idol"],"gold_loss":0}],"is_beta":false,"boss_relics":[{"not_picked":["Philosopher\u0027s Stone","Runic Pyramid"],"picked":"Empty Cage"}],"items_purged_floors":[5,20],"is_endless":false,"potions_floor_spawned":[4,7,16],"killed_by":"Gremlin Leader","ascension_level":3}