{"gold_per_floor":[118,41,41,41,41,41,60,60,60,73,92,5,25,54,54,131,131,147,147,3,3,19,19,19],"floor_reached":24,"playtime":586,"items_purged":[],"score":388,"play_id":"bf68c0a7-e3e2-44aa-81c5-4c8ea5f5f0f7","local_time":"20190830114650","is_ascension_mode":true,"campfire_choices":[{"data":"Defragment","floor":6,"key":"SMITH"},{"data":"Zap","floor":8,"key":"SMITH"},{"data":"Loop","floor":15,"key":"SMITH"},{"data":"Loop","floor":23,"key":"SMITH"}],"neow_cost":"NONE","seed_source_timestamp":1172052720337397,"circlet_count":0,"master_deck":["AscendersBane","Strike_B","Strike_B","Defend_B","Defend_B","Defend_B","Defend_B","Zap+1","Dualcast","Multi-Cast","Sweeping Beam","Defragment+1","Chill","Cold Snap","Coolheaded","Self Repair","Cold Snap","Creative AI","Gash+1","Coolheaded","Loop+1","Reinforced Body+1"],"relics":["Cracked Core","Orichalcum","Darkstone Periapt","Sozu","Frozen Egg 2"],"potions_floor_usage":[11,14,16,18],"damage_taken":[{"damage":1,"enemies":"Cultist","floor":1,"turns":4},{"damage":0,"enemies":"Small Slimes","floor":7,"turns":2},{"damage":2,"enemies":"Jaw Worm","floor":10,"turns":3},{"damage":12,"enemies":"Gremlin Gang","floor":11,"turns":4},{"damage":3,"enemies":"Exordium Thugs","floor":13,"turns":6},{"damage":3,"enemies":"Lagavulin","floor":14,"turns":8},{"damage":11,"enemies":"Slime Boss","floor":16,"turns":11},{"damage":7,"enemies":"3 Byrds","floor":18,"turns":5},{"damage":5,"enemies":"Spheric Guardian","floor":22,"turns":8},{"damage":67,"enemies":"Gremlin Leader","floor":24,"turns":4}],"seed_played":"-4702170858935378205","potions_obtained":[{"floor":1,"key":"LiquidBronze"},{"floor":10,"key":"Block Potion"},{"floor":11,"key":"Explosive Potion"},{"floor":14,"key":"PowerPotion"}],"is_trial":false,"path_per_floor":["M","$","?","?","$","R","M","R","T","M","M","$","M","E","R","B",null,"M","?","$","?","M","R","E"],"character_chosen":"DEFECT","items_purchased":["Defragment","Self Repair","Coolheaded","Loop"],"campfire_rested":0,"item_purchase_floors":[2,12,20,20],"current_hp_per_floor":[63,63,56,56,56,56,56,56,56,54,42,42,46,50,50,46,65,65,65,65,65,67,67,0],"gold":19,"neow_bonus":"ONE_RANDOM_RARE_CARD","is_prod":false,"is_daily":false,"chose_seed":false,"campfire_upgraded":4,"win_rate":0,"timestamp":1567180010,"path_taken":["M","?","?","?","$","R","?","R","T","M","M","?","M","E","R","BOSS","M","?","$","?","?","R","E"],"build_version":"2019-07-17","purchased_purges":0,"victory":false,"max_hp_per_floor":[71,71,71,71,71,71,71,71,71,71,71,71,71,71,71,71,71,71,71,71,71,71,71,71],"card_choices":[{"not_picked":["Recycle","Steam"],"picked":"Sweeping Beam","floor":1},{"not_picked":["Static Discharge","White Noise"],"picked":"Chill","floor":7},{"not_picked":["Consume","Stack"],"picked":"Cold Snap","floor":10},{"not_picked":["Aggregate","Gash"],"picked":"Coolheaded","floor":11},{"not_picked":["Beam Cell","Go for the Eyes"],"picked":"Loop","floor":13},{"not_picked":["Compile Driver","Streamline"],"picked":"Cold Snap","floor":14},{"not_picked":["Multi-Cast","Machine Learning"],"picked":"Creative AI","floor":16},{"not_picked":["Tempest","Go for the Eyes"],"picked":"Gash+1","floor":18},{"not_picked":["Beam Cell","Force Field"],"picked":"Reinforced Body+1","floor":22}],"player_experience":615137,"relics_obtained":[{"floor":9,"key":"Orichalcum"},{"floor":14,"key":"Darkstone Periapt"}],"event_choices":[{"cards_removed":["Strike_B"],"damage_healed":0,"gold_gain":0,"player_choice":"Card Removal","damage_taken":7,"max_hp_gain":0,"max_hp_loss":0,"event_name":"Golden Wing","floor":3,"gold_loss":0},{"cards_removed":["Strike_B"],"damage_healed":0,"gold_gain":0,"player_choice":"Purged","damage_taken":0,"max_hp_gain":0,"max_hp_loss":0,"event_name":"Purifier","floor":4,"gold_loss":0},{"damage_healed":0,"gold_gain":0,"player_choice":"0 cards matched","damage_taken":0,"max_hp_gain":0,"max_hp_loss":0,"event_name":"Match and Keep!","floor":19,"gold_loss":0,"cards_obtained":[]},{"cards_removed":["Loop"],"damage_healed":0,"gold_gain":0,"player_choice":"Gave Card","damage_taken":0,"relics_obtained":["Frozen Egg 2"],"max_hp_gain":0,"max_hp_loss":0,"event_name":"WeMeetAgain","floor":21,"gold_loss":0}],"is_beta":false,"boss_relics":[{"not_picked":["Nuclear Battery","Orrery"],"picked":"Sozu"}],"items_purged_floors":[],"is_endless":false,"potions_floor_spawned":[1,10,11,14],"killed_by":"Gremlin Leader","ascension_level":20}