{"gold_per_floor":[110,110,110,110,125,125,125,157,182,205,13,43,43,69,69,141,141,160,40,40,59,59,59,84,96,120,155,171,190,190,224,224,301,301,320,320,333,16,32,32,62,62,62,82,157,1,1,1,1,1],"floor_reached":51,"playtime":17088,"items_purged":["Strike_G"],"score":1395,"play_id":"8df5addb-f45c-4768-bc79-7cf0f6668125","local_time":"20190411185723","is_ascension_mode":true,"campfire_choices":[{"data":"Riddle With Holes","floor":6.0,"key":"SMITH"},{"data":"Noxious Fumes","floor":13.0,"key":"SMITH"},{"data":"Footwork","floor":15.0,"key":"SMITH"},{"data":"Night Terror","floor":23.0,"key":"SMITH"},{"data":"Well Laid Plans","floor":30.0,"key":"SMITH"},{"data":"Adrenaline","floor":32,"key":"SMITH"},{"floor":40,"key":"REST"},{"data":"Wraith Form v2","floor":42,"key":"SMITH"},{"data":"Caltrops","floor":47,"key":"SMITH"},{"floor":49,"key":"RECALL"}],"neow_cost":"TEN_PERCENT_HP_LOSS","seed_source_timestamp":72076833852728,"circlet_count":0,"master_deck":["AscendersBane","Defend_G+1","Defend_G+1","Defend_G+1","Defend_G+1","Survivor+1","Neutralize+1","Finesse+1","Riddle With Holes+1","Dagger Throw+1","Footwork+1","Leg Sweep+1","Noxious Fumes+1","Adrenaline+1","Infinite Blades+1","Well Laid Plans+1","PiercingWail+1","Night Terror+1","Backflip+1","Caltrops+1","Well Laid Plans+1","Flying Knee+1","Wraith Form v2+1","Skewer+1","Die Die Die+1","Burst+1","Escape Plan+1","Magnetism+1","Footwork+1"],"special_seed":0,"relics":["Ring of the Snake","Mummified Hand","Lantern","PreservedInsect","Omamori","Vajra","Blood Vial","Busted Crown","Happy Flower","Smiling Mask","Bird Faced Urn","Ancient Tea Set","Astrolabe","Oddly Smooth Stone","Turnip","Bottled Tornado","Ginger","Strawberry","Mark of the Bloom"],"potions_floor_usage":[33,50,50],"damage_taken":[{"damage":11.0,"enemies":"Jaw Worm","floor":1.0,"turns":6.0},{"damage":0.0,"enemies":"2 Louse","floor":5.0,"turns":2.0},{"damage":15.0,"enemies":"Lagavulin","floor":8.0,"turns":6.0},{"damage":4.0,"enemies":"3 Sentries","floor":12.0,"turns":6.0},{"damage":11.0,"enemies":"Gremlin Nob","floor":14.0,"turns":4.0},{"damage":14.0,"enemies":"The Guardian","floor":16.0,"turns":13.0},{"damage":0.0,"enemies":"Chosen","floor":18.0,"turns":5.0},{"damage":4.0,"enemies":"Shell Parasite","floor":21.0,"turns":6.0},{"damage":0.0,"enemies":"Book of Stabbing","floor":24.0,"turns":6.0},{"damage":0.0,"enemies":"Chosen and Byrds","floor":25.0,"turns":5.0},{"damage":2.0,"enemies":"Gremlin Leader","floor":27.0,"turns":5.0},{"damage":21.0,"enemies":"Shelled Parasite and Fungi","floor":28.0,"turns":5.0},{"damage":14.0,"enemies":"Sentry and Sphere","floor":29.0,"turns":5.0},{"damage":0,"enemies":"Book of Stabbing","floor":31,"turns":5},{"damage":0,"enemies":"Collector","floor":33,"turns":12},{"damage":4,"enemies":"Orb Walker","floor":35,"turns":5},{"damage":6,"enemies":"3 Shapes","floor":37,"turns":5},{"damage":41,"enemies":"Writhing Mass","floor":39,"turns":7},{"damage":3,"enemies":"Nemesis","floor":41,"turns":7},{"damage":0,"enemies":"Maw","floor":44,"turns":7},{"damage":2,"enemies":"2 Orb Walkers","floor":45,"turns":7},{"damage":41,"enemies":"Time Eater","floor":50,"turns":19}],"seed_played":"-3420230988148713330","potions_obtained":[{"floor":1.0,"key":"SteroidPotion"},{"floor":8.0,"key":"Regen Potion"},{"floor":16.0,"key":"Explosive Potion"},{"floor":18.0,"key":"Ancient Potion"},{"floor":25.0,"key":"Regen Potion"},{"floor":28.0,"key":"AttackPotion"},{"floor":33,"key":"GhostInAJar"}],"is_trial":false,"path_per_floor":["M","?","?","?","M","R","?","E","T","T","$","E","R","E","R","B",null,"M","$","?","M","$","R","E","M","T","E","M","M","R","E","R","B",null,"M","?","M","$","M","R","E","R","T","M","?","$","R","?","R","B",null],"character_chosen":"THE_SILENT","items_purchased":["Footwork","Leg Sweep","Well Laid Plans","PiercingWail","Oddly Smooth Stone","Magnetism","Strawberry"],"campfire_rested":1,"item_purchase_floors":[11,11,19,19,38,38,46],"current_hp_per_floor":[48,41,41,30,30,30,50,35,35,35,35,31,31,20,20,23,51,53,53,53,51,51,51,53,55,55,55,41,41,41,55,55,60,60,60,60,59,59,33,51,60,60,60,60,60,67,67,67,67,26],"gold":1,"neow_bonus":"RANDOM_COLORLESS_2","is_prod":false,"is_daily":false,"chose_seed":false,"campfire_upgraded":8,"win_rate":0,"timestamp":1555023443,"path_taken":["M","?","?","?","M","R","?","E","T","?","$","E","R","E","R","BOSS","M","$","?","M","?","R","E","M","T","E","M","M","R","E","R","BOSS","M","?","M","$","?","R","E","R","T","M","?","$","R","?","R","BOSS"],"build_version":"2019-01-23","purchased_purges":1,"victory":true,"max_hp_per_floor":[60,60,60,60,60,60,60,60,60,60,60,60,60,60,60,60,60,60,60,60,60,60,60,60,60,60,60,60,60,60,60,60,60,60,60,60,60,60,60,60,60,60,60,60,60,67,67,67,67,67],"card_choices":[{"not_picked":["Slice","Terror"],"picked":"Riddle With Holes","floor":1.0},{"not_picked":["Bane","Outmaneuver"],"picked":"Dagger Throw","floor":5.0},{"not_picked":["Finisher","Sucker Punch","Expertise"],"picked":"SKIP","floor":8.0},{"not_picked":["Blade Dance","Acrobatics"],"picked":"Noxious Fumes","floor":12.0},{"not_picked":["Calculated Gamble","Distraction","Dagger Throw"],"picked":"SKIP","floor":14.0},{"not_picked":["Corpse Explosion","Unload"],"picked":"Adrenaline","floor":16.0},{"not_picked":[],"picked":"Infinite Blades","floor":18.0},{"not_picked":[],"picked":"Backflip","floor":21.0},{"not_picked":[],"picked":"Caltrops","floor":24.0},{"not_picked":[],"picked":"Well Laid Plans","floor":25.0},{"not_picked":[],"picked":"Flying Knee","floor":27.0},{"not_picked":["Underhanded Strike"],"picked":"SKIP","floor":28.0},{"not_picked":["Infinite Blades"],"picked":"SKIP","floor":29.0},{"not_picked":["Tactician+1"],"picked":"SKIP","floor":31},{"not_picked":[],"picked":"Wraith Form v2","floor":33},{"not_picked":[],"picked":"Escape Plan","floor":35},{"not_picked":["Flying Knee"],"picked":"SKIP","floor":37},{"not_picked":[],"picked":"Footwork+1","floor":39},{"not_picked":["Predator"],"picked":"SKIP","floor":41},{"not_picked":["Concentrate"],"picked":"SKIP","floor":44}],"player_experience":259011,"relics_obtained":[{"floor":8.0,"key":"Lantern"},{"floor":9.0,"key":"PreservedInsect"},{"floor":10.0,"key":"Omamori"},{"floor":12.0,"key":"Vajra"},{"floor":14.0,"key":"Blood Vial"},{"floor":24.0,"key":"Happy Flower"},{"floor":26.0,"key":"Smiling Mask"},{"floor":27.0,"key":"Bird Faced Urn"},{"floor":31,"key":"Ancient Tea Set"},{"floor":41,"key":"Turnip"},{"floor":43,"key":"Bottled Tornado"},{"floor":45,"key":"Ginger"}],"event_choices":[{"cards_removed":["Forethought"],"damage_healed":0.0,"max_hp_gain":0.0,"max_hp_loss":0.0,"gold_gain":0.0,"event_name":"Golden Wing","player_choice":"Card Removal","floor":2.0,"gold_loss":0.0,"damage_taken":7.0},{"damage_healed":0.0,"max_hp_gain":0.0,"max_hp_loss":0.0,"gold_gain":0.0,"event_name":"Living Wall","player_choice":"Grow","floor":3.0,"gold_loss":0.0,"damage_taken":0.0,"cards_upgraded":["Neutralize"]},{"damage_healed":0.0,"max_hp_gain":0.0,"max_hp_loss":0.0,"gold_gain":0.0,"event_name":"Scrap Ooze","player_choice":"Success","floor":4.0,"gold_loss":0.0,"damage_taken":11.0,"relics_obtained":["Mummified Hand"]},{"damage_healed":20.0,"max_hp_gain":0.0,"max_hp_loss":0.0,"gold_gain":0.0,"event_name":"Big Fish","player_choice":"Banana","floor":7.0,"gold_loss":0.0,"damage_taken":0.0},{"damage_healed":0.0,"max_hp_gain":0.0,"max_hp_loss":0.0,"gold_gain":0.0,"cards_transformed":["Strike_G"],"event_name":"Transmorgrifier","player_choice":"Transformed","floor":20.0,"gold_loss":0.0,"damage_taken":0.0,"cards_obtained":["Night Terror"]},{"cards_removed":["Defend_G"],"damage_healed":0,"gold_gain":0,"player_choice":"Purged","damage_taken":0,"max_hp_gain":0,"max_hp_loss":0,"event_name":"Purifier","floor":36,"gold_loss":0},{"damage_healed":0,"gold_gain":0,"player_choice":"Fight","damage_taken":0,"max_hp_gain":0,"max_hp_loss":0,"event_name":"Mysterious Sphere","floor":45,"gold_loss":0},{"damage_healed":0,"gold_gain":0,"player_choice":"Upgrade","damage_taken":0,"relics_obtained":["Mark of the Bloom"],"max_hp_gain":0,"max_hp_loss":0,"event_name":"MindBloom","floor":48,"gold_loss":0,"cards_upgraded":["Defend_G","Defend_G","Defend_G","Defend_G","Survivor","Finesse","Dagger Throw","Leg Sweep","Infinite Blades","PiercingWail","Backflip","Well Laid Plans","Flying Knee","Escape Plan","Magnetism"]}],"is_beta":false,"boss_relics":[{"not_picked":["White Beast Statue","Coffee Dripper"],"picked":"Busted Crown"},{"not_picked":["Calling Bell","Runic Dome"],"picked":"Astrolabe"}],"items_purged_floors":[11],"is_endless":false,"potions_floor_spawned":[1,8,16,18,25,28,29,33,39,44,45],"ascension_level":15}