{"gold_per_floor":[116,116,41,41,116,146,164,194,194,194],"floor_reached":10,"playtime":248,"items_purged":[],"score":198,"play_id":"70d43f94-3cb9-4c67-a7da-c586fc52ee8d","local_time":"20190826141552","is_ascension_mode":true,"campfire_choices":[],"neow_cost":"NONE","seed_source_timestamp":835695444263916,"circlet_count":0,"master_deck":["AscendersBane","Strike_B","Strike_B","Strike_B","Strike_B","Defend_B","Defend_B","Defend_B","Defend_B","Zap","Dualcast","Glacier","Blizzard","Go for the Eyes","Cold Snap"],"relics":["Cracked Core","NeowsBlessing","Ornamental Fan","Regal Pillow","Blood Vial","Pantograph"],"potions_floor_usage":[8],"damage_taken":[{"damage":0,"enemies":"Jaw Worm","floor":1,"turns":1},{"damage":0,"enemies":"3 Sentries","floor":6,"turns":1},{"damage":0,"enemies":"2 Louse","floor":7,"turns":1},{"damage":39,"enemies":"Gremlin Nob","floor":8,"turns":6},{"damage":19,"enemies":"Lagavulin","floor":10,"turns":9}],"seed_played":"-8393641494457565361","potions_obtained":[{"floor":1,"key":"Explosive Potion"}],"is_trial":false,"path_per_floor":["M","?","?","$","?","E","M","E","T","E"],"character_chosen":"DEFECT","items_purchased":[],"campfire_rested":0,"item_purchase_floors":[],"current_hp_per_floor":[64,64,64,64,53,53,53,14,14,0],"gold":194,"neow_bonus":"THREE_ENEMY_KILL","is_prod":false,"is_daily":false,"chose_seed":false,"campfire_upgraded":0,"win_rate":0,"timestamp":1566843352,"path_taken":["M","?","?","$","?","E","M","E","T","E"],"build_version":"2019-07-17","purchased_purges":0,"victory":false,"max_hp_per_floor":[71,71,71,71,71,71,71,71,71,71],"card_choices":[{"not_picked":["Aggregate","Sunder"],"picked":"Glacier","floor":1},{"not_picked":["Go for the Eyes","Scrape"],"picked":"Blizzard","floor":6},{"not_picked":["Turbo","Rip and Tear"],"picked":"Go for the Eyes","floor":7},{"not_picked":["Steam","Compile Driver"],"picked":"Cold Snap","floor":8}],"player_experience":603045,"relics_obtained":[{"floor":6,"key":"Regal Pillow"},{"floor":8,"key":"Blood Vial"},{"floor":9,"key":"Pantograph"}],"event_choices":[{"damage_healed":0,"gold_gain":0,"player_choice":"Box","damage_taken":0,"relics_obtained":["Ornamental Fan"],"max_hp_gain":0,"max_hp_loss":0,"event_name":"Big Fish","floor":2,"gold_loss":0,"cards_obtained":["Regret"]},{"cards_removed":["Regret"],"damage_healed":0,"gold_gain":0,"player_choice":"Card Removal","damage_taken":0,"max_hp_gain":0,"max_hp_loss":0,"event_name":"The Cleric","floor":3,"gold_loss":75},{"damage_healed":0,"gold_gain":75,"player_choice":"Gather Gold","damage_taken":11,"max_hp_gain":0,"max_hp_loss":0,"event_name":"World of Goop","floor":5,"gold_loss":0}],"is_beta":false,"boss_relics":[],"items_purged_floors":[],"is_endless":false,"potions_floor_spawned":[1],"killed_by":"Lagavulin","ascension_level":20}