{"gold_per_floor":[110,130,140,152,52,83,83,111,111,111,143,143,143,163,163,237,237,252,167,11,27,37,37],"floor_reached":23,"playtime":1819,"items_purged":["Strike_G","Strike_G"],"score":472,"play_id":"f0df4298-ddb5-4cef-b250-4e4d1866c18c","local_time":"20190815134352","is_ascension_mode":true,"campfire_choices":[{"data":"Cloak And Dagger","floor":7,"key":"SMITH"},{"data":"Cloak And Dagger","floor":12,"key":"SMITH"},{"data":"Catalyst","floor":15,"key":"SMITH"}],"neow_cost":"NONE","seed_source_timestamp":143205266133959,"circlet_count":0,"master_deck":["AscendersBane","Strike_G+1","Strike_G+1","Strike_G","Defend_G","Defend_G","Defend_G","Defend_G","Defend_G","Survivor","Neutralize+1","Cloak And Dagger+1","Poisoned Stab","Poisoned Stab","Leg Sweep","Poisoned Stab","Cloak And Dagger+1","Catalyst+1","Leg Sweep","Die Die Die","Skewer","Dagger Throw","Footwork+1","Outmaneuver+1"],"relics":["Ring of the Snake","Dead Branch","Whetstone","Ornamental Fan","Torii","Runic Pyramid","Gremlin Horn"],"potions_floor_usage":[8,16,21,23],"damage_taken":[{"damage":2,"enemies":"Jaw Worm","floor":1,"turns":6},{"damage":8,"enemies":"Small Slimes","floor":2,"turns":5},{"damage":2,"enemies":"2 Louse","floor":3,"turns":3},{"damage":5,"enemies":"Blue Slaver","floor":4,"turns":4},{"damage":14,"enemies":"Lagavulin","floor":6,"turns":7},{"damage":19,"enemies":"Gremlin Nob","floor":8,"turns":4},{"damage":8,"enemies":"3 Sentries","floor":11,"turns":7},{"damage":3,"enemies":"Lots of Slimes","floor":14,"turns":5},{"damage":19,"enemies":"The Guardian","floor":16,"turns":13},{"damage":1,"enemies":"Shell Parasite","floor":18,"turns":7},{"damage":9,"enemies":"2 Thieves","floor":21,"turns":3},{"damage":15,"enemies":"Centurion and Healer","floor":22,"turns":10},{"damage":25,"enemies":"Gremlin Leader","floor":23,"turns":7}],"seed_played":"-3566826699703954513","potions_obtained":[{"floor":1,"key":"Dexterity Potion"},{"floor":2,"key":"Energy Potion"},{"floor":8,"key":"SteroidPotion"},{"floor":21,"key":"Block Potion"},{"floor":22,"key":"SpeedPotion"}],"is_trial":false,"path_per_floor":["M","M","M","M","$","E","R","E","T","?","E","R","?","M","R","B",null,"M","?","$","M","M","E"],"character_chosen":"THE_SILENT","items_purchased":["Poisoned Stab","Dagger Throw"],"campfire_rested":0,"item_purchase_floors":[5,20],"current_hp_per_floor":[57,49,47,42,42,28,28,9,9,31,23,23,23,20,20,1,50,49,49,49,40,25,0],"gold":37,"neow_bonus":"UPGRADE_CARD","is_prod":false,"is_daily":false,"chose_seed":false,"campfire_upgraded":3,"win_rate":0,"timestamp":1565891032,"path_taken":["M","M","M","M","$","E","R","E","T","?","E","R","?","M","R","BOSS","M","?","$","M","M","E"],"build_version":"2019-07-17","purchased_purges":2,"victory":false,"max_hp_per_floor":[66,66,66,66,66,66,66,66,66,66,66,66,66,66,66,66,66,66,66,66,66,66,66],"card_choices":[{"not_picked":["Riddle With Holes","Deflect"],"picked":"Cloak And Dagger","floor":1},{"not_picked":["Masterful Stab","Slice"],"picked":"Poisoned Stab","floor":2},{"not_picked":["Accuracy","Eviscerate"],"picked":"Poisoned Stab","floor":3},{"not_picked":["Acrobatics","Backflip"],"picked":"Leg Sweep","floor":4},{"not_picked":["Phantasmal Killer","Finisher"],"picked":"Cloak And Dagger","floor":6},{"not_picked":["Glass Knife","Caltrops"],"picked":"Catalyst","floor":8},{"not_picked":["Reflex","Endless Agony"],"picked":"Leg Sweep","floor":11},{"not_picked":["Acrobatics","Expertise","Poisoned Stab"],"picked":"SKIP","floor":14},{"not_picked":["A Thousand Cuts","Glass Knife"],"picked":"Die Die Die","floor":16},{"not_picked":["Quick Slash","Dodge and Roll"],"picked":"Skewer","floor":18},{"not_picked":["Quick Slash","Acrobatics"],"picked":"Footwork+1","floor":21},{"not_picked":["Well Laid Plans","Crippling Poison"],"picked":"Outmaneuver+1","floor":22}],"player_experience":561124,"relics_obtained":[{"floor":6,"key":"Dead Branch"},{"floor":8,"key":"Whetstone"},{"floor":9,"key":"Ornamental Fan"},{"floor":11,"key":"Torii"}],"event_choices":[{"damage_healed":22,"gold_gain":0,"player_choice":"Banana","damage_taken":0,"max_hp_gain":0,"max_hp_loss":0,"event_name":"Big Fish","floor":10,"gold_loss":0},{"damage_healed":0,"gold_gain":0,"player_choice":"Ignored","damage_taken":0,"max_hp_gain":0,"max_hp_loss":0,"event_name":"Liars Game","floor":13,"gold_loss":0},{"damage_healed":0,"gold_gain":0,"player_choice":"Obtained Relic","damage_taken":0,"relics_obtained":["Gremlin Horn"],"max_hp_gain":0,"max_hp_loss":0,"event_name":"Addict","floor":19,"gold_loss":85}],"is_beta":false,"boss_relics":[{"not_picked":["White Beast Statue","Pandora\u0027s Box"],"picked":"Runic Pyramid"}],"items_purged_floors":[5,20],"is_endless":false,"potions_floor_spawned":[1,2,8,14,21,22],"killed_by":"Gremlin Leader","ascension_level":20}