{"gold_per_floor":[116,132,307,307,28,54,54,83,108,133,93,93,118,128,128,233,233,245,2,12,12,24,24,54,69,69,94,94,108,108,108,108,108],"floor_reached":33,"playtime":988,"items_purged":["Doubt","Strike_B"],"score":498,"play_id":"15cf1f1a-bb37-4411-8576-01c0db45f845","local_time":"20190320214206","is_ascension_mode":true,"campfire_choices":[{"floor":7.0,"key":"REST"},{"floor":12,"key":"REST"},{"data":"Defragment","floor":15,"key":"SMITH"},{"data":"Discovery","floor":23,"key":"SMITH"},{"data":"Defragment","floor":28,"key":"SMITH"},{"data":"Buffer","floor":30,"key":"SMITH"},{"data":"Genetic Algorithm","floor":32,"key":"SMITH"}],"neow_cost":"NONE","seed_source_timestamp":618053172340759,"circlet_count":0,"master_deck":["AscendersBane","Strike_B","Strike_B","Strike_B","Defend_B","Defend_B","Defend_B","Defend_B","Zap","Dualcast","Defragment+1","Conserve Battery","Self Repair","Discovery+1","Melter","Ball Lightning","Steam","Doom and Gloom","Buffer+1","Defragment+1","Core Surge","Redo+1","Electrodynamics","Glacier","Undo","Doom and Gloom+1","Ball Lightning","Genetic Algorithm+1","Compile Driver"],"special_seed":0,"relics":["FrozenCore","Boot","Potion Belt","Matryoshka","Bird Faced Urn","Ancient Tea Set","Blood Vial","Regal Pillow","Gremlin Horn","Meat on the Bone","Bag of Marbles","Anchor","Mercury Hourglass"],"potions_floor_usage":[10,14,16,16,24,27,33],"damage_taken":[{"damage":1.0,"enemies":"Cultist","floor":1.0,"turns":3.0},{"damage":7.0,"enemies":"2 Louse","floor":2.0,"turns":3.0},{"damage":40.0,"enemies":"Gremlin Nob","floor":6.0,"turns":6.0},{"damage":23.0,"enemies":"Lagavulin","floor":8.0,"turns":5.0},{"damage":20,"enemies":"3 Sentries","floor":10,"turns":7},{"damage":31,"enemies":"Lagavulin","floor":13,"turns":6},{"damage":0,"enemies":"Small Slimes","floor":14,"turns":2},{"damage":8,"enemies":"The Guardian","floor":16,"turns":10},{"damage":0,"enemies":"Shell Parasite","floor":18,"turns":6},{"damage":10,"enemies":"Chosen","floor":20,"turns":5},{"damage":18,"enemies":"Snake Plant","floor":22,"turns":8},{"damage":36,"enemies":"Slavers","floor":24,"turns":3},{"damage":31,"enemies":"Chosen and Byrds","floor":25,"turns":7},{"damage":14,"enemies":"Gremlin Leader","floor":27,"turns":6},{"damage":2,"enemies":"Cultist and Chosen","floor":29,"turns":4},{"damage":77,"enemies":"Automaton","floor":33,"turns":10}],"seed_played":"830701014515128908","potions_obtained":[{"floor":6.0,"key":"GamblersBrew"},{"floor":11,"key":"Explosive Potion"},{"floor":11,"key":"Explosive Potion"},{"floor":11,"key":"Explosive Potion"},{"floor":13,"key":"Swift Potion"},{"floor":16,"key":"Ancient Potion"},{"floor":24,"key":"GamblersBrew"},{"floor":27,"key":"FearPotion"},{"floor":29,"key":"Energy Potion"}],"is_trial":false,"path_per_floor":["M","M","?","?","$","E","R","E","T","E","?","R","E","M","R","B",null,"M","$","M","$","M","R","E","M","T","E","R","M","R","?","R","B"],"character_chosen":"DEFECT","items_purchased":["Self Repair","Discovery","Melter","Electrodynamics"],"campfire_rested":2,"item_purchase_floors":[5,5,5,19],"current_hp_per_floor":[67,60,60,53,53,20,42,26,26,19,19,56,40,44,44,53,70,75,75,75,75,72,72,52,50,50,55,55,59,59,59,59,0],"gold":108,"neow_bonus":"RANDOM_COMMON_RELIC","is_prod":false,"is_daily":false,"chose_seed":false,"campfire_upgraded":5,"win_rate":0,"timestamp":1553132526,"path_taken":["M","M","?","?","$","E","R","E","T","E","?","R","E","M","R","BOSS","M","?","M","$","M","R","E","M","T","E","R","M","R","?","R","BOSS"],"build_version":"2019-01-23","purchased_purges":2,"victory":false,"max_hp_per_floor":[75,75,75,75,75,75,75,75,75,75,75,75,75,75,75,75,75,75,75,75,75,75,75,75,75,75,75,75,75,75,75,75,75],"card_choices":[{"not_picked":["Go for the Eyes","Loop"],"picked":"Defragment","floor":1.0},{"not_picked":["Hologram","Streamline"],"picked":"Conserve Battery","floor":2.0},{"not_picked":["Steam","Hello World"],"picked":"Ball Lightning","floor":6.0},{"not_picked":["Beam Cell","Scrape"],"picked":"Steam","floor":8.0},{"not_picked":["Stack","Steam"],"picked":"Doom and Gloom","floor":10},{"not_picked":["Machine Learning","Gash"],"picked":"Buffer","floor":13},{"not_picked":["Static Discharge","Barrage"],"picked":"Defragment","floor":14},{"not_picked":["Fission","Thunder Strike"],"picked":"Core Surge","floor":16},{"not_picked":["Barrage","Go for the Eyes"],"picked":"Redo+1","floor":18},{"not_picked":["Beam Cell","Hologram"],"picked":"Glacier","floor":20},{"not_picked":["Rip and Tear","Go for the Eyes"],"picked":"Undo","floor":22},{"not_picked":["Biased Cognition","Gash"],"picked":"Doom and Gloom+1","floor":24},{"not_picked":["Beam Cell","Hello World"],"picked":"Ball Lightning","floor":25},{"not_picked":["Beam Cell","Auto Shields","Gash"],"picked":"SKIP","floor":27},{"not_picked":["Beam Cell","BootSequence"],"picked":"Genetic Algorithm","floor":29}],"player_experience":196797,"relics_obtained":[{"floor":6.0,"key":"Matryoshka"},{"floor":8.0,"key":"Bird Faced Urn"},{"floor":9.0,"key":"Ancient Tea Set"},{"floor":9.0,"key":"Blood Vial"},{"floor":10,"key":"Regal Pillow"},{"floor":13,"key":"Gremlin Horn"},{"floor":24,"key":"Meat on the Bone"},{"floor":26,"key":"Bag of Marbles"},{"floor":26,"key":"Anchor"},{"floor":27,"key":"Mercury Hourglass"}],"event_choices":[{"damage_healed":0.0,"max_hp_gain":0.0,"max_hp_loss":0.0,"gold_gain":175.0,"event_name":"Liars Game","player_choice":"AGREE","floor":3.0,"gold_loss":0.0,"damage_taken":0.0,"cards_obtained":["Doubt"]},{"damage_healed":0.0,"max_hp_gain":0.0,"max_hp_loss":0.0,"gold_gain":0.0,"event_name":"Scrap Ooze","player_choice":"Success","floor":4.0,"gold_loss":0.0,"damage_taken":7.0,"relics_obtained":["Potion Belt"]},{"damage_healed":0,"gold_gain":0,"player_choice":"Bought 3 Potions","damage_taken":0,"max_hp_gain":0,"max_hp_loss":0,"event_name":"The Woman in Blue","floor":11,"gold_loss":0},{"damage_healed":0,"gold_gain":0,"player_choice":"Read","damage_taken":0,"max_hp_gain":0,"max_hp_loss":0,"event_name":"The Library","floor":31,"gold_loss":0,"cards_obtained":["Compile Driver"]}],"is_beta":false,"boss_relics":[{"not_picked":["Busted Crown","Tiny House"],"picked":"FrozenCore"}],"items_purged_floors":[5,19],"is_endless":false,"potions_floor_spawned":[6,13,16,24,27,29],"killed_by":"Automaton","ascension_level":12}