{"gold_per_floor":[12,81,100,175,175,216,216,366,420,345,345,345],"floor_reached":12,"playtime":260,"items_purged":[],"score":144,"play_id":"c809e8f9-a8ea-4b0e-9804-2f2326cde51c","local_time":"20190523112143","is_ascension_mode":true,"campfire_choices":[{"floor":7,"key":"REST"},{"floor":11,"key":"REST"}],"neow_cost":"NO_GOLD","seed_source_timestamp":1095338309161440,"circlet_count":0,"master_deck":["AscendersBane","Defend_G","Defend_G","Defend_G","Defend_G","Defend_G","Strike_G","Strike_G","Strike_G","Strike_G","Strike_G","Survivor","Neutralize","Backstab","Dagger Spray","Dagger Spray"],"relics":["Ring of the Snake","Golden Idol","The Specimen","Orichalcum"],"potions_floor_usage":[12],"damage_taken":[{"damage":6,"enemies":"Small Slimes","floor":1,"turns":4},{"damage":0,"enemies":"2 Louse","floor":3,"turns":3},{"damage":49,"enemies":"3 Sentries","floor":6,"turns":13},{"damage":40,"enemies":"Lagavulin","floor":12,"turns":8}],"seed_played":"-6763070084399621385","potions_obtained":[{"floor":3,"key":"Swift Potion"},{"floor":6,"key":"SneckoOil"}],"is_trial":false,"path_per_floor":["M","?","M","?","?","E","R","?","T","?","R","E"],"character_chosen":"THE_SILENT","items_purchased":[],"campfire_rested":2,"item_purchase_floors":[],"current_hp_per_floor":[65,65,65,54,54,5,26,26,26,26,47,7],"gold":345,"neow_bonus":"TWENTY_PERCENT_HP_BONUS","is_prod":false,"is_daily":false,"chose_seed":false,"campfire_upgraded":0,"win_rate":0,"timestamp":1558624903,"path_taken":["M","?","M","?","?","E","R","?","T","?","R","E"],"build_version":"2019-01-23","purchased_purges":0,"victory":false,"max_hp_per_floor":[78,78,78,78,71,71,71,71,71,71,71,71],"card_choices":[{"not_picked":["Quick Slash","Flechettes"],"picked":"Backstab","floor":1},{"not_picked":["Deadly Poison","Slice"],"picked":"Dagger Spray","floor":3},{"not_picked":["Endless Agony","Blade Dance"],"picked":"Dagger Spray","floor":6}],"player_experience":404696,"relics_obtained":[{"floor":6,"key":"The Specimen"},{"floor":9,"key":"Orichalcum"}],"event_choices":[{"damage_healed":0,"gold_gain":69,"player_choice":"Gained Gold","damage_taken":0,"max_hp_gain":0,"max_hp_loss":0,"event_name":"Golden Wing","floor":2,"gold_loss":0},{"damage_healed":0,"gold_gain":75,"player_choice":"Gather Gold","damage_taken":11,"max_hp_gain":0,"max_hp_loss":0,"event_name":"World of Goop","floor":4,"gold_loss":0},{"damage_healed":0,"gold_gain":0,"player_choice":"Lose Max HP","damage_taken":0,"relics_obtained":["Golden Idol"],"max_hp_gain":0,"max_hp_loss":7,"event_name":"Golden Idol","floor":5,"gold_loss":0},{"damage_healed":0,"gold_gain":150,"player_choice":"AGREE","damage_taken":0,"max_hp_gain":0,"max_hp_loss":0,"event_name":"Liars Game","floor":8,"gold_loss":0,"cards_obtained":["Doubt"]},{"cards_removed":["Doubt"],"damage_healed":0,"gold_gain":0,"player_choice":"Card Removal","damage_taken":0,"max_hp_gain":0,"max_hp_loss":0,"event_name":"The Cleric","floor":10,"gold_loss":75}],"is_beta":false,"boss_relics":[],"items_purged_floors":[],"is_endless":false,"potions_floor_spawned":[3,6],"killed_by":"Lagavulin","ascension_level":19}