{"gold_per_floor":[216,141,152,152,152,152,164,190,236,262,262,262,282,292,292,395,395,414,414,314,314,328,328],"floor_reached":23,"playtime":1048,"items_purged":["Strike_R","Defend_R"],"score":209,"play_id":"f64fcdf2-c582-45f4-97a4-191ee8c6e68d","local_time":"20190902082537","is_ascension_mode":true,"campfire_choices":[{"data":"Cleave","floor":6,"key":"SMITH"},{"data":"Double Tap","floor":12,"key":"SMITH"},{"floor":15,"key":"REST"}],"neow_cost":"NONE","seed_source_timestamp":4173992607600,"circlet_count":0,"master_deck":["Defend_R","Defend_R","Bash","Cleave+1","Double Tap+1","Immolate+1","Clash+1","Shockwave+1"],"relics":["Burning Blood","Vajra","Juzu Bracelet","StoneCalendar","Astrolabe","MutagenicStrength"],"potions_floor_usage":[8,8,10,22],"damage_taken":[{"damage":2,"enemies":"2 Louse","floor":1,"turns":4},{"damage":0,"enemies":"Small Slimes","floor":3,"turns":5},{"damage":6,"enemies":"Cultist","floor":7,"turns":3},{"damage":40,"enemies":"Lagavulin","floor":8,"turns":9},{"damage":13,"enemies":"3 Sentries","floor":10,"turns":6},{"damage":17,"enemies":"Large Slime","floor":13,"turns":5},{"damage":9,"enemies":"Gremlin Gang","floor":14,"turns":3},{"damage":20,"enemies":"Slime Boss","floor":16,"turns":7},{"damage":17,"enemies":"Shell Parasite","floor":18,"turns":4},{"damage":40,"enemies":"Spheric Guardian","floor":22,"turns":5},{"damage":42,"enemies":"Book of Stabbing","floor":23,"turns":5}],"seed_played":"465027767234803528","potions_obtained":[{"floor":1,"key":"FearPotion"},{"floor":7,"key":"Fire Potion"},{"floor":8,"key":"SkillPotion"},{"floor":16,"key":"Explosive Potion"},{"floor":18,"key":"SkillPotion"}],"is_trial":false,"path_per_floor":["M","$","M","?","?","R","M","E","T","E","?","R","M","M","R","B",null,"M","?","$","?","M","E"],"character_chosen":"IRONCLAD","items_purchased":[],"campfire_rested":1,"item_purchase_floors":[],"current_hp_per_floor":[80,80,80,85,85,85,85,51,51,44,44,44,33,30,55,41,85,74,74,74,74,40,0],"gold":328,"neow_bonus":"HUNDRED_GOLD","is_prod":false,"is_daily":false,"chose_seed":false,"campfire_upgraded":2,"win_rate":0,"timestamp":1567437937,"path_taken":["M","$","M","?","?","R","?","E","T","E","?","R","M","M","R","BOSS","M","?","$","?","M","E"],"build_version":"2019-07-17","purchased_purges":2,"victory":false,"max_hp_per_floor":[80,80,80,85,85,85,85,85,85,85,85,85,85,85,85,85,85,85,85,85,85,85,85],"card_choices":[{"not_picked":["Reckless Charge","Corruption","Warcry"],"picked":"SKIP","floor":1},{"not_picked":["Armaments","Shrug It Off","Seeing Red"],"picked":"SKIP","floor":3},{"not_picked":["Clothesline","Fiend Fire","Cleave"],"picked":"SKIP","floor":7},{"not_picked":["Shrug It Off","Clash","Wild Strike"],"picked":"SKIP","floor":8},{"not_picked":["Intimidate","Sword Boomerang"],"picked":"Double Tap","floor":10},{"not_picked":["Cleave","Sentinel","Pummel"],"picked":"SKIP","floor":13},{"not_picked":["Second Wind","Clash","Thunderclap"],"picked":"SKIP","floor":14},{"not_picked":["True Grit","Power Through","Thunderclap"],"picked":"SKIP","floor":18},{"not_picked":["Power Through","Flex","Seeing Red"],"picked":"SKIP","floor":22}],"player_experience":750358,"relics_obtained":[{"floor":8,"key":"Vajra"},{"floor":9,"key":"Juzu Bracelet"},{"floor":10,"key":"StoneCalendar"}],"event_choices":[{"damage_healed":0,"gold_gain":0,"player_choice":"Donut","damage_taken":0,"max_hp_gain":5,"max_hp_loss":0,"event_name":"Big Fish","floor":4,"gold_loss":0},{"damage_healed":0,"gold_gain":0,"cards_transformed":["Strike_R"],"player_choice":"Transformed","damage_taken":0,"max_hp_gain":0,"max_hp_loss":0,"event_name":"Transmorgrifier","floor":5,"gold_loss":0,"cards_obtained":["Cleave"]},{"cards_removed":["Defend_R"],"damage_healed":0,"gold_gain":0,"player_choice":"Offered Basic","damage_taken":0,"max_hp_gain":0,"max_hp_loss":0,"event_name":"Bonfire Elementals","floor":11,"gold_loss":0},{"damage_healed":0,"gold_gain":0,"player_choice":"Inject Mutagens","damage_taken":0,"relics_obtained":["MutagenicStrength"],"max_hp_gain":0,"max_hp_loss":0,"event_name":"Drug Dealer","floor":19,"gold_loss":0},{"damage_healed":0,"gold_gain":0,"player_choice":"Ignored","damage_taken":0,"max_hp_gain":0,"max_hp_loss":0,"event_name":"Duplicator","floor":21,"gold_loss":0}],"is_beta":false,"boss_relics":[{"not_picked":["White Beast Statue","Busted Crown"],"picked":"Astrolabe"}],"items_purged_floors":[2,20],"is_endless":false,"potions_floor_spawned":[1,7,8,16,18],"killed_by":"Book of Stabbing","ascension_level":1}