{"gold_per_floor":[115,65,16,16,30,65,65,100,127,127,141,141,141,157,157,257,257,275,290,16,16,33,33,58,71,71,91,91,91,101,117,117,217,217,233,155,1154,1154,1154,1154,1189,637,713,247,247,260,260,288,288,288],"floor_reached":51,"playtime":5345,"items_purged":["Normality","Normality"],"score":998,"play_id":"3b540f6d-8a76-4a1e-bf6b-73146573d5fb","local_time":"20190217160453","is_ascension_mode":true,"campfire_choices":[{"data":"Offering","floor":7,"key":"SMITH"},{"data":"Carnage","floor":10,"key":"SMITH"},{"data":"Body Slam","floor":13,"key":"SMITH"},{"data":"Shrug It Off","floor":15,"key":"SMITH"},{"data":"Demon Form","floor":23,"key":"SMITH"},{"floor":29,"key":"REST"},{"floor":32,"key":"REST"},{"data":"Infernal Blade","floor":40,"key":"SMITH"},{"data":"Mind Blast","floor":45,"key":"SMITH"},{"data":"Armaments","floor":49,"key":"SMITH"}],"neow_cost":"NONE","seed_source_timestamp":945162874011483,"circlet_count":0,"master_deck":["Strike_R","Strike_R","Strike_R","Strike_R","Defend_R","Defend_R","Defend_R","Defend_R","Bash+1","Shrug It Off+1","Offering+1","Carnage+1","Body Slam+1","Shrug It Off","Demon Form+1","Warcry+1","Metallicize","Flame Barrier","Iron Wave","Armaments+1","Ghostly","Ghostly","Ghostly","Ghostly","Ghostly","Shrug It Off+1","Rage+1","Reaper","Armaments+1","Infernal Blade+1","Sword Boomerang","Metallicize","Flash of Steel","Burning Pact","Mind Blast+1","Mayhem","Shockwave","Flame Barrier+1"],"relics":["Burning Blood","NeowsBlessing","Juzu Bracelet","Shuriken","Regal Pillow","Red Skull","Philosopher\u0027s Stone","Strange Spoon","Matryoshka","Smiling Mask","Self Forming Clay","Lizard Tail","Pantograph","Membership Card","Paper Frog","MawBank","Bottled Tornado","ClockworkSouvenir","Potion Belt","Boot"],"potions_floor_usage":[18,19,21,21,25,31,47,50,50,50,50],"damage_taken":[{"damage":0,"enemies":"Small Slimes","floor":1,"turns":1},{"damage":0,"enemies":"Jaw Worm","floor":5,"turns":1},{"damage":0,"enemies":"3 Sentries","floor":6,"turns":2},{"damage":39,"enemies":"Lagavulin","floor":8,"turns":6},{"damage":6,"enemies":"Cultist","floor":11,"turns":2},{"damage":2,"enemies":"2 Fungi Beasts","floor":14,"turns":3},{"damage":35,"enemies":"Slime Boss","floor":16,"turns":9},{"damage":6,"enemies":"Chosen","floor":18,"turns":3},{"damage":23,"enemies":"3 Byrds","floor":19,"turns":4},{"damage":6,"enemies":"Snake Plant","floor":21,"turns":2},{"damage":14,"enemies":"Chosen and Byrds","floor":22,"turns":5},{"damage":23,"enemies":"Book of Stabbing","floor":24,"turns":4},{"damage":6,"enemies":"Centurion and Healer","floor":25,"turns":5},{"damage":15,"enemies":"Snake Plant","floor":27,"turns":4},{"damage":27,"enemies":"Cultist and Chosen","floor":30,"turns":8},{"damage":1,"enemies":"Snecko","floor":31,"turns":4},{"damage":26,"enemies":"Champ","floor":33,"turns":12},{"damage":1,"enemies":"3 Shapes","floor":35,"turns":7},{"damage":37,"enemies":"Reptomancer","floor":41,"turns":10},{"damage":6,"enemies":"Orb Walker","floor":46,"turns":5},{"damage":0,"enemies":"Writhing Mass","floor":47,"turns":1},{"damage":15,"enemies":"Nemesis","floor":48,"turns":11},{"damage":25,"enemies":"Awakened One","floor":50,"turns":9}],"seed_played":"-2396683352389221444","potions_obtained":[{"floor":5,"key":"Explosive Potion"},{"floor":11,"key":"BloodPotion"},{"floor":18,"key":"SmokeBomb"},{"floor":19,"key":"Poison Potion"},{"floor":24,"key":"SkillPotion"},{"floor":30,"key":"BloodPotion"},{"floor":33,"key":"LiquidBronze"},{"floor":41,"key":"EssenceOfSteel"},{"floor":48,"key":"GamblersBrew"}],"is_trial":false,"path_per_floor":["M","?","$","?","M","E","R","E","T","R","M","T","R","M","R","B",null,"M","M","$","M","M","R","E","M","T","M","?","R","M","M","R","B",null,"M","$","?","?","?","R","E","$","T","$","R","M","M","E","R","B",null],"character_chosen":"IRONCLAD","items_purchased":["Shrug It Off","Strange Spoon","Metallicize","Infernal Blade","Membership Card","Paper Frog","Metallicize","Flash of Steel","SmokeBomb","Burning Pact","Mind Blast","Mayhem","ClockworkSouvenir","Shockwave","Potion Belt","EssenceOfSteel","EssenceOfSteel"],"campfire_rested":2,"item_purchase_floors":[3,20,20,36,42,42,42,42,42,42,44,44,44,44,44,44,44],"current_hp_per_floor":[78,78,78,78,80,80,80,47,47,47,47,47,47,51,51,22,66,74,57,57,57,49,49,32,32,32,23,23,40,19,28,40,20,35,40,40,40,40,40,40,26,26,26,26,26,26,32,31,31,40],"gold":288,"neow_bonus":"THREE_ENEMY_KILL","is_prod":false,"is_daily":false,"chose_seed":false,"campfire_upgraded":8,"win_rate":0,"timestamp":1550437493,"path_taken":["M","?","$","?","M","E","R","E","T","R","M","?","R","M","R","BOSS","M","M","$","M","M","R","E","M","T","M","?","R","M","M","R","BOSS","M","$","?","?","?","R","E","$","T","?","R","M","M","E","R","BOSS"],"build_version":"2019-01-23","purchased_purges":2,"victory":true,"max_hp_per_floor":[80,80,80,80,80,80,80,80,80,80,80,80,80,80,80,80,80,80,80,80,80,80,80,80,80,80,80,40,40,40,40,40,40,40,40,40,40,40,40,40,40,40,40,40,40,40,40,40,40,40],"card_choices":[{"not_picked":["Wild Strike","Heavy Blade","Flex"],"picked":"SKIP","floor":1},{"not_picked":["Armaments","Flex","True Grit"],"picked":"SKIP","floor":5},{"not_picked":["Seeing Red","Searing Blow"],"picked":"Offering","floor":6},{"not_picked":["Flex","Searing Blow"],"picked":"Carnage","floor":8},{"not_picked":["Pummel","Anger"],"picked":"Body Slam","floor":11},{"not_picked":["Reckless Charge","Wild Strike"],"picked":"Shrug It Off","floor":14},{"not_picked":["Dark Embrace","Impervious"],"picked":"Demon Form","floor":16},{"not_picked":["Havoc","Thunderclap"],"picked":"Warcry+1","floor":18},{"not_picked":["Second Wind+1","Sever Soul","Fire Breathing"],"picked":"SKIP","floor":19},{"not_picked":["Dual Wield","Havoc+1"],"picked":"Flame Barrier","floor":22},{"not_picked":["Anger","Pommel Strike"],"picked":"Iron Wave","floor":24},{"not_picked":["Havoc","Reckless Charge"],"picked":"Armaments","floor":25},{"not_picked":["Cleave","Iron Wave","Wild Strike"],"picked":"SKIP","floor":27},{"not_picked":["Anger","Burning Pact"],"picked":"Shrug It Off+1","floor":30},{"not_picked":["Pommel Strike","Searing Blow"],"picked":"Rage+1","floor":31},{"not_picked":["Offering","Berserk"],"picked":"Reaper","floor":33},{"not_picked":["Combust","Infernal Blade"],"picked":"Armaments+1","floor":35},{"not_picked":["Body Slam","Bludgeon"],"picked":"Sword Boomerang","floor":41},{"not_picked":["Rupture","Seeing Red"],"picked":"Flame Barrier+1","floor":46},{"not_picked":["Shrug It Off","Clash+1","Evolve"],"picked":"SKIP","floor":48}],"player_experience":102593,"relics_obtained":[{"floor":6,"key":"Juzu Bracelet"},{"floor":8,"key":"Shuriken"},{"floor":9,"key":"Regal Pillow"},{"floor":12,"key":"Red Skull"},{"floor":24,"key":"Matryoshka"},{"floor":26,"key":"Smiling Mask"},{"floor":26,"key":"Self Forming Clay"},{"floor":41,"key":"Pantograph"},{"floor":43,"key":"MawBank"},{"floor":43,"key":"Bottled Tornado"},{"floor":48,"key":"Boot"}],"event_choices":[{"cards_removed":["Strike_R"],"damage_healed":0,"gold_gain":0,"player_choice":"Card Removal","damage_taken":0,"max_hp_gain":0,"max_hp_loss":0,"event_name":"The Cleric","floor":2,"gold_loss":50},{"damage_healed":0,"gold_gain":0,"player_choice":"Grow","damage_taken":0,"max_hp_gain":0,"max_hp_loss":0,"event_name":"Living Wall","floor":4,"gold_loss":0,"cards_upgraded":["Bash"]},{"damage_healed":0,"gold_gain":0,"player_choice":"Became a Ghost","damage_taken":0,"max_hp_gain":0,"max_hp_loss":40,"event_name":"Ghosts","floor":28,"gold_loss":0,"cards_obtained":["Ghostly","Ghostly","Ghostly","Ghostly","Ghostly"]},{"damage_healed":0,"gold_gain":999,"player_choice":"Gold","damage_taken":0,"max_hp_gain":0,"max_hp_loss":0,"event_name":"MindBloom","floor":37,"gold_loss":0,"cards_obtained":["Normality","Normality"]},{"damage_healed":0,"gold_gain":0,"player_choice":"Ignored","damage_taken":0,"max_hp_gain":0,"max_hp_loss":0,"event_name":"Tomb of Lord Red Mask","floor":38,"gold_loss":0},{"damage_healed":0,"gold_gain":0,"player_choice":"Ignored","damage_taken":0,"max_hp_gain":0,"max_hp_loss":0,"event_name":"Mysterious Sphere","floor":39,"gold_loss":0}],"is_beta":false,"boss_relics":[{"not_picked":["Mark of Pain","Calling Bell"],"picked":"Philosopher\u0027s Stone"},{"not_picked":["Fusion Hammer","Tiny House"],"picked":"Lizard Tail"}],"items_purged_floors":[42,44],"is_endless":false,"potions_floor_spawned":[5,11,18,19,24,30,33,41,48],"ascension_level":6}