{"gold_per_floor":[114,125,136,146,157,183,138,170,193,193,268,268,280,291,291,391,391,405,422,422,439,136,168,179,278,278,378,378,394,151,164,164,260,260,273,273,273,293,53,88,188,215,294,310,310,330,330,343,343,343],"floor_reached":51,"playtime":4295,"items_purged":["Strike_B+1","Regret","Defend_B+1"],"score":939,"play_id":"1bfe7b26-d26e-471f-86bc-4de09acf005b","local_time":"20190824113145","is_ascension_mode":true,"campfire_choices":[{"floor":10,"key":"REST"},{"floor":12,"key":"REST"},{"data":"Defragment","floor":15,"key":"SMITH"},{"floor":28,"key":"REST"},{"floor":32,"key":"REST"},{"data":"Creative AI","floor":45,"key":"SMITH"},{"floor":49,"key":"REST"}],"neow_cost":"NONE","seed_source_timestamp":7963990074396,"circlet_count":0,"master_deck":["Strike_B+1","Strike_B+1","Defend_B+1","Defend_B+1","Zap","Dualcast","White Noise","Coolheaded","Leap","Chill","Double Energy","Defragment+1","Conserve Battery","Rip and Tear","Steam Power","Sweeping Beam","Creative AI+1","Aggregate","Recycle+1","Glacier","Blizzard","Reinforced Body","Doom and Gloom","Coolheaded","FTL","Core Surge","Sunder+1","Amplify+1","Heatsinks+1","Defragment+1","Hologram","Self Repair+1","Reboot","Hologram+1","Normality","Cold Snap+1","Leap+1","Parasite","Buffer+1"],"relics":["Cracked Core","NeowsBlessing","Oddly Smooth Stone","Blue Candle","Happy Flower","Cursed Key","Bag of Preparation","Orichalcum","Torii","Frozen Egg 2","Sozu","Pen Nib","Shovel","Nunchaku","The Courier"],"potions_floor_usage":[4,5,8,13,16,16,23,23,27,29,33,40],"damage_taken":[{"damage":0,"enemies":"Cultist","floor":1,"turns":1},{"damage":0,"enemies":"Small Slimes","floor":2,"turns":1},{"damage":0,"enemies":"Jaw Worm","floor":3,"turns":1},{"damage":12,"enemies":"Large Slime","floor":4,"turns":6},{"damage":16,"enemies":"Exordium Thugs","floor":5,"turns":7},{"damage":26,"enemies":"Lagavulin","floor":6,"turns":10},{"damage":19,"enemies":"Gremlin Nob","floor":8,"turns":5},{"damage":1,"enemies":"2 Fungi Beasts","floor":13,"turns":5},{"damage":8,"enemies":"Blue Slaver","floor":14,"turns":4},{"damage":31,"enemies":"The Guardian","floor":16,"turns":15},{"damage":10,"enemies":"2 Thieves","floor":18,"turns":4},{"damage":5,"enemies":"Chosen","floor":19,"turns":6},{"damage":9,"enemies":"Shelled Parasite and Fungi","floor":21,"turns":7},{"damage":3,"enemies":"Gremlin Leader","floor":23,"turns":8},{"damage":29,"enemies":"Snake Plant","floor":24,"turns":4},{"damage":6,"enemies":"Colosseum Slavers","floor":27,"turns":6},{"damage":10,"enemies":"Colosseum Nobs","floor":27,"turns":6},{"damage":2,"enemies":"Centurion and Healer","floor":29,"turns":9},{"damage":3,"enemies":"Snecko","floor":31,"turns":7},{"damage":34,"enemies":"Champ","floor":33,"turns":12},{"damage":1,"enemies":"3 Darklings","floor":35,"turns":6},{"damage":1,"enemies":"Orb Walker","floor":38,"turns":4},{"damage":27,"enemies":"Reptomancer","floor":40,"turns":8},{"damage":2,"enemies":"Mind Bloom Boss Battle","floor":41,"turns":7},{"damage":0,"enemies":"Giant Head","floor":42,"turns":9},{"damage":3,"enemies":"Maw","floor":44,"turns":6},{"damage":8,"enemies":"Transient","floor":46,"turns":5},{"damage":25,"enemies":"Writhing Mass","floor":48,"turns":6},{"damage":15,"enemies":"Awakened One","floor":50,"turns":22}],"seed_played":"3420571273542652655","potions_obtained":[{"floor":2,"key":"AttackPotion"},{"floor":4,"key":"EssenceOfSteel"},{"floor":6,"key":"Weak Potion"},{"floor":8,"key":"Regen Potion"},{"floor":13,"key":"AttackPotion"},{"floor":14,"key":"EssenceOfSteel"},{"floor":16,"key":"Explosive Potion"},{"floor":23,"key":"SneckoOil"},{"floor":27,"key":"Swift Potion"},{"floor":31,"key":"Weak Potion"},{"floor":33,"key":"Swift Potion"}],"is_trial":false,"path_per_floor":["M","M","M","M","M","E","$","E","T","R","?","R","M","M","R","B",null,"M","M","?","M","$","E","M","?","T","?","R","M","$","M","R","B",null,"M","?","?","M","$","E","?","E","T","M","R","M","?","M","R","B",null],"character_chosen":"DEFECT","items_purchased":["Conserve Battery","LiquidBronze","Blizzard","Reinforced Body","Core Surge","Hologram","Self Repair+1"],"campfire_rested":5,"item_purchase_floors":[7,22,22,22,30,39,39],"current_hp_per_floor":[75,75,75,63,47,21,21,2,2,24,17,39,52,44,44,13,75,65,60,60,51,51,48,19,19,19,3,25,23,23,20,42,8,75,74,74,74,73,73,56,64,74,74,75,75,67,67,52,74,59],"gold":343,"neow_bonus":"THREE_ENEMY_KILL","is_prod":false,"is_daily":false,"chose_seed":false,"campfire_upgraded":2,"win_rate":0,"timestamp":1566613905,"path_taken":["M","M","M","M","?","E","$","E","T","R","?","R","M","?","R","BOSS","M","M","?","M","$","E","M","?","T","?","R","?","$","M","R","BOSS","M","?","?","?","$","E","?","E","T","M","R","M","?","?","R","BOSS"],"build_version":"2019-07-17","purchased_purges":3,"victory":true,"max_hp_per_floor":[75,75,75,75,75,75,75,75,75,75,75,75,75,75,75,75,75,75,75,75,75,75,75,75,75,75,75,75,75,75,75,75,75,75,75,75,75,75,75,75,75,75,75,75,75,75,75,75,75,75],"card_choices":[{"not_picked":["Ball Lightning","Rebound"],"picked":"White Noise","floor":1},{"not_picked":["Compile Driver","Go for the Eyes"],"picked":"Coolheaded","floor":2},{"not_picked":["Barrage","Turbo"],"picked":"Leap","floor":3},{"not_picked":["Compile Driver","Beam Cell"],"picked":"Chill","floor":4},{"not_picked":["Turbo","All For One"],"picked":"Double Energy","floor":5},{"not_picked":["Leap","Genetic Algorithm"],"picked":"Defragment","floor":6},{"not_picked":["Turbo","Gash"],"picked":"Rip and Tear","floor":8},{"not_picked":["Ball Lightning","Leap"],"picked":"Steam Power","floor":13},{"not_picked":["Go for the Eyes","Ball Lightning"],"picked":"Sweeping Beam","floor":14},{"not_picked":["Machine Learning","Amplify"],"picked":"Creative AI","floor":16},{"not_picked":["Steam","Beam Cell"],"picked":"Aggregate","floor":18},{"not_picked":["Go for the Eyes","Static Discharge"],"picked":"Recycle+1","floor":19},{"not_picked":["Hologram","Aggregate"],"picked":"Glacier","floor":21},{"not_picked":["Ball Lightning","Turbo+1"],"picked":"Doom and Gloom","floor":23},{"not_picked":["Rebound","Go for the Eyes+1"],"picked":"Coolheaded","floor":24},{"not_picked":["Barrage","Leap"],"picked":"FTL","floor":27},{"not_picked":["Ball Lightning","Redo","Chaos"],"picked":"SKIP","floor":29},{"not_picked":["Biased Cognition+1","FTL+1"],"picked":"Sunder+1","floor":31},{"not_picked":["Electrodynamics+1","Meteor Strike"],"picked":"Amplify","floor":33},{"not_picked":["Steam","Chaos+1"],"picked":"Heatsinks+1","floor":35},{"not_picked":["Darkness","Force Field+1"],"picked":"Defragment+1","floor":38},{"not_picked":["Fusion","Cold Snap+1"],"picked":"Reboot","floor":40},{"not_picked":["Go for the Eyes+1","Cold Snap+1"],"picked":"Hologram+1","floor":41},{"not_picked":["Barrage+1","Conserve Battery","Hologram+1"],"picked":"SKIP","floor":42},{"not_picked":["Aggregate","Scrape+1"],"picked":"Cold Snap+1","floor":44},{"not_picked":["Ball Lightning+1","Turbo+1"],"picked":"Leap+1","floor":46},{"not_picked":["Compile Driver","Rebound+1"],"picked":"Buffer+1","floor":48}],"player_experience":230582,"relics_obtained":[{"floor":6,"key":"Oddly Smooth Stone"},{"floor":8,"key":"Blue Candle"},{"floor":9,"key":"Happy Flower"},{"floor":23,"key":"Bag of Preparation"},{"floor":26,"key":"Orichalcum"},{"floor":27,"key":"Torii"},{"floor":27,"key":"Frozen Egg 2"},{"floor":40,"key":"Pen Nib"},{"floor":41,"key":"Shovel"},{"floor":42,"key":"Nunchaku"},{"floor":43,"key":"The Courier"}],"event_choices":[{"damage_healed":0,"gold_gain":75,"player_choice":"Touch","damage_taken":7,"max_hp_gain":0,"max_hp_loss":0,"event_name":"FaceTrader","floor":11,"gold_loss":0},{"damage_healed":0,"gold_gain":0,"player_choice":"Simplicity","damage_taken":0,"max_hp_gain":0,"max_hp_loss":0,"event_name":"Back to Basics","floor":20,"gold_loss":0,"cards_upgraded":["Strike_B","Strike_B","Strike_B","Strike_B","Defend_B","Defend_B","Defend_B","Defend_B"]},{"damage_healed":0,"gold_gain":99,"player_choice":"Stole From Cult","damage_taken":0,"max_hp_gain":0,"max_hp_loss":0,"event_name":"Nest","floor":25,"gold_loss":0},{"damage_healed":0,"gold_gain":0,"player_choice":"Fight","damage_taken":0,"max_hp_gain":0,"max_hp_loss":0,"event_name":"Colosseum","floor":27,"gold_loss":0},{"damage_healed":0,"gold_gain":0,"player_choice":"Fought Nobs","damage_taken":0,"max_hp_gain":0,"max_hp_loss":0,"event_name":"Colosseum","floor":27,"gold_loss":0},{"cards_removed":["Defend_B"],"damage_healed":0,"gold_gain":0,"player_choice":"Removed Skill","damage_taken":0,"max_hp_gain":0,"max_hp_loss":0,"event_name":"Falling","floor":36,"gold_loss":0},{"cards_removed":["Strike_B"],"damage_healed":0,"gold_gain":0,"player_choice":"Purged","damage_taken":0,"max_hp_gain":0,"max_hp_loss":0,"event_name":"Purifier","floor":37,"gold_loss":0},{"damage_healed":0,"gold_gain":0,"player_choice":"Fight","damage_taken":0,"max_hp_gain":0,"max_hp_loss":0,"event_name":"MindBloom","floor":41,"gold_loss":0},{"damage_healed":0,"gold_gain":0,"player_choice":"Forge","damage_taken":0,"max_hp_gain":0,"max_hp_loss":0,"event_name":"Accursed Blacksmith","floor":47,"gold_loss":0,"cards_upgraded":["Amplify"]}],"is_beta":false,"boss_relics":[{"not_picked":["Ectoplasm","Runic Pyramid"],"picked":"Cursed Key"},{"not_picked":["Calling Bell","Empty Cage"],"picked":"Sozu"}],"items_purged_floors":[22,30,39],"is_endless":false,"potions_floor_spawned":[2,4,6,8,13,14,16,23,27,27,31,33,35,41,48],"ascension_level":4}