{"gold_per_floor":[119,294,310,310,327,358,358,358],"floor_reached":8,"playtime":269,"items_purged":[],"score":90,"play_id":"f0e88268-7969-4b43-86e4-3d2518aa2940","local_time":"20190320211002","is_ascension_mode":true,"campfire_choices":[{"data":"Dual Wield","floor":7,"key":"SMITH"}],"neow_cost":"NONE","seed_source_timestamp":616903011748683,"circlet_count":0,"master_deck":["AscendersBane","Strike_R","Strike_R","Strike_R","Strike_R","Strike_R","Defend_R","Defend_R","Defend_R","Defend_R","Bash","Headbutt","Doubt","Corruption","Flash of Steel","Anger","Dual Wield+1"],"relics":["Burning Blood","Strawberry","Peace Pipe"],"potions_floor_usage":[8],"damage_taken":[{"damage":12,"enemies":"2 Louse","floor":1,"turns":4},{"damage":6,"enemies":"Cultist","floor":3,"turns":4},{"damage":2,"enemies":"Jaw Worm","floor":5,"turns":3},{"damage":50,"enemies":"3 Sentries","floor":6,"turns":12},{"damage":40,"enemies":"Lagavulin Event","floor":8,"turns":3}],"seed_played":"-5043778191779005144","potions_obtained":[{"floor":6,"key":"Dexterity Potion"}],"is_trial":false,"path_per_floor":["M","?","M","?","M","E","R","?"],"character_chosen":"IRONCLAD","items_purchased":[],"campfire_rested":0,"item_purchase_floors":[],"current_hp_per_floor":[73,73,73,73,77,33,33,0],"gold":358,"neow_bonus":"RANDOM_COMMON_RELIC","is_prod":false,"is_daily":false,"chose_seed":false,"campfire_upgraded":1,"win_rate":0,"timestamp":1553130602,"path_taken":["M","?","M","?","?","E","R","?"],"build_version":"2019-01-23","purchased_purges":0,"victory":false,"max_hp_per_floor":[87,87,87,87,87,87,87,87],"card_choices":[{"not_picked":["Twin Strike","Feel No Pain"],"picked":"Headbutt","floor":1},{"not_picked":["Shockwave","Cleave"],"picked":"Corruption","floor":3},{"not_picked":["Sword Boomerang","Wild Strike"],"picked":"Anger","floor":5},{"not_picked":["Wild Strike","Seeing Red"],"picked":"Dual Wield","floor":6}],"player_experience":195677,"relics_obtained":[{"floor":6,"key":"Peace Pipe"}],"event_choices":[{"damage_healed":0,"gold_gain":175,"player_choice":"AGREE","damage_taken":0,"max_hp_gain":0,"max_hp_loss":0,"event_name":"Liars Game","floor":2,"gold_loss":0,"cards_obtained":["Doubt"]},{"damage_healed":0,"gold_gain":0,"player_choice":"1 cards matched","damage_taken":0,"max_hp_gain":0,"max_hp_loss":0,"event_name":"Match and Keep!","floor":4,"gold_loss":0,"cards_obtained":["Flash of Steel"]},{"damage_healed":0,"gold_gain":0,"player_choice":"Searched \u00271\u0027 times","damage_taken":0,"max_hp_gain":0,"max_hp_loss":0,"event_name":"Dead Adventurer","floor":8,"gold_loss":0}],"is_beta":false,"boss_relics":[],"items_purged_floors":[],"is_endless":false,"potions_floor_spawned":[6],"killed_by":"Lagavulin Event","ascension_level":12}