{"gold_per_floor":[109,120,35,51,71,100,100,100,100,100,100,100,100,114,114,207,207,220,220,106,125,40,40,79,29,29,29],"floor_reached":27,"playtime":682,"items_purged":["Writhe"],"score":458,"play_id":"88d2d626-5ba2-441b-a9da-611e09f12b88","local_time":"20190808192816","is_ascension_mode":true,"campfire_choices":[{"floor":8,"key":"REST"},{"data":"Doom and Gloom","floor":12,"key":"SMITH"},{"floor":15,"key":"REST"},{"data":"Defragment","floor":23,"key":"SMITH"}],"neow_cost":"TEN_PERCENT_HP_LOSS","seed_source_timestamp":526319726913602,"circlet_count":0,"master_deck":["AscendersBane","Strike_B","Strike_B","Strike_B","Strike_B","Defend_B","Defend_B","Defend_B","Defend_B","Zap","Dualcast","Doom and Gloom+1","Genetic Algorithm","Chill","Melter+1","Coolheaded","Ball Lightning","Echo Form","Hologram","Defragment+1","Self Repair+1"],"relics":["Cracked Core","Ginger","Centennial Puzzle","Bag of Marbles","Golden Idol","Nuclear Battery","Mummified Hand","Happy Flower","Cables","DataDisk"],"potions_floor_usage":[5],"damage_taken":[{"damage":6,"enemies":"Cultist","floor":1,"turns":3},{"damage":2,"enemies":"Jaw Worm","floor":2,"turns":3},{"damage":0,"enemies":"2 Louse","floor":4,"turns":3},{"damage":13,"enemies":"Large Slime","floor":5,"turns":5},{"damage":30,"enemies":"Lagavulin","floor":6,"turns":8},{"damage":4,"enemies":"3 Louse","floor":14,"turns":2},{"damage":44,"enemies":"Slime Boss","floor":16,"turns":12},{"damage":13,"enemies":"3 Byrds","floor":18,"turns":6},{"damage":0,"enemies":"Spheric Guardian","floor":21,"turns":2},{"damage":21,"enemies":"Book of Stabbing","floor":24,"turns":5},{"damage":20,"enemies":"Snake Plant","floor":27,"turns":2}],"seed_played":"-4915924312306211855","potions_obtained":[{"floor":1,"key":"Ancient Potion"},{"floor":4,"key":"AttackPotion"},{"floor":14,"key":"Ancient Potion"}],"is_trial":false,"path_per_floor":["M","M","$","M","M","E","?","R","T","?","?","R","?","M","R","B",null,"M","?","$","M","?","R","E","?","T","M"],"character_chosen":"DEFECT","items_purchased":["Chill","Defragment"],"campfire_rested":2,"item_purchase_floors":[3,20],"current_hp_per_floor":[58,56,56,56,43,13,13,32,32,32,32,32,32,28,45,1,44,31,31,31,31,31,31,17,17,17,0],"gold":29,"neow_bonus":"ONE_RARE_RELIC","is_prod":false,"is_daily":false,"chose_seed":false,"campfire_upgraded":2,"win_rate":0,"timestamp":1565306896,"path_taken":["M","M","$","M","?","E","?","R","T","?","?","R","?","M","R","BOSS","M","?","$","M","?","R","E","?","T","M"],"build_version":"2019-07-17","purchased_purges":1,"victory":false,"max_hp_per_floor":[64,64,64,64,64,64,64,64,64,58,58,58,58,58,58,58,58,58,58,58,58,58,58,58,58,58,58],"card_choices":[{"not_picked":["Skim","Beam Cell"],"picked":"Doom and Gloom","floor":1},{"not_picked":["Ball Lightning","Aggregate"],"picked":"Genetic Algorithm","floor":2},{"not_picked":["Capacitor","Rebound"],"picked":"Melter","floor":4},{"not_picked":["Steam Power","Conserve Battery"],"picked":"Coolheaded","floor":5},{"not_picked":["Stack","Steam","Redo"],"picked":"SKIP","floor":6},{"not_picked":["Barrage","Compile Driver"],"picked":"Ball Lightning","floor":14},{"not_picked":["Buffer","Core Surge"],"picked":"Echo Form","floor":16},{"not_picked":["Barrage","Hello World"],"picked":"Hologram","floor":18},{"not_picked":["Turbo","Genetic Algorithm"],"picked":"Self Repair","floor":21},{"not_picked":["Double Energy+1","Redo","Force Field"],"picked":"SKIP","floor":24}],"player_experience":556801,"relics_obtained":[{"floor":6,"key":"Centennial Puzzle"},{"floor":9,"key":"Bag of Marbles"},{"floor":24,"key":"Cables"},{"floor":26,"key":"DataDisk"}],"event_choices":[{"damage_healed":0,"gold_gain":0,"player_choice":"Ignored","damage_taken":0,"max_hp_gain":0,"max_hp_loss":0,"event_name":"Shining Light","floor":7,"gold_loss":0},{"damage_healed":0,"gold_gain":0,"player_choice":"Lose Max HP","damage_taken":0,"relics_obtained":["Golden Idol"],"max_hp_gain":0,"max_hp_loss":6,"event_name":"Golden Idol","floor":10,"gold_loss":0},{"damage_healed":0,"gold_gain":0,"player_choice":"Ignored","damage_taken":0,"max_hp_gain":0,"max_hp_loss":0,"event_name":"Liars Game","floor":11,"gold_loss":0},{"damage_healed":0,"gold_gain":0,"player_choice":"Grow","damage_taken":0,"max_hp_gain":0,"max_hp_loss":0,"event_name":"Living Wall","floor":13,"gold_loss":0,"cards_upgraded":["Melter"]},{"damage_healed":0,"gold_gain":0,"player_choice":"Opened","damage_taken":0,"relics_obtained":["Mummified Hand"],"max_hp_gain":0,"max_hp_loss":0,"event_name":"The Mausoleum","floor":19,"gold_loss":0,"cards_obtained":["Writhe"]},{"damage_healed":0,"gold_gain":0,"player_choice":"Obtained Relic","damage_taken":0,"relics_obtained":["Happy Flower"],"max_hp_gain":0,"max_hp_loss":0,"event_name":"Addict","floor":22,"gold_loss":85},{"damage_healed":0,"gold_gain":0,"player_choice":"Upgrade","damage_taken":0,"max_hp_gain":0,"max_hp_loss":0,"event_name":"Designer","floor":25,"gold_loss":50,"cards_upgraded":["Self Repair"]}],"is_beta":false,"boss_relics":[{"not_picked":["Orrery","FrozenCore"],"picked":"Nuclear Battery"}],"items_purged_floors":[20],"is_endless":false,"potions_floor_spawned":[1,4,14,16],"killed_by":"Snake Plant","ascension_level":20}