{"gold_per_floor":[115,290,11,11,11,42,42,42,69,109,396,422,434,456,468,583,595,624,636,402,420,41,71,34,34],"floor_reached":25,"playtime":1115,"items_purged":["Doubt","Strike_B"],"score":252,"play_id":"bb1e98f4-ec52-49f2-b4ee-8b74cd885c86","local_time":"20190815132554","is_ascension_mode":true,"campfire_choices":[{"data":"Zap","floor":7,"key":"SMITH"},{"data":"Redo","floor":15,"key":"SMITH"}],"neow_cost":"NONE","seed_source_timestamp":104256933608316,"circlet_count":0,"master_deck":["Strike_B+1","Defend_B","Defend_B","Defend_B","Zap+1","Dualcast","Gash","Coolheaded","Gash","Conserve Battery","Redo+1","Gash+1","Fission","Static Discharge+1","Force Field+1","Fission+1","Redo","Turbo","Hologram","Go for the Eyes","Beam Cell","Reinforced Body"],"relics":["Cracked Core","NeowsBlessing","Omamori","Blood Vial","Oddly Smooth Stone","Ancient Tea Set","MawBank","Odd Mushroom","Astrolabe","Letter Opener","Whetstone","Ice Cream","Mummified Hand"],"potions_floor_usage":[16,23,25],"damage_taken":[{"damage":0,"enemies":"2 Louse","floor":1,"turns":1},{"damage":0,"enemies":"Lagavulin","floor":6,"turns":1},{"damage":0,"enemies":"The Mushroom Lair","floor":10,"turns":1},{"damage":1,"enemies":"Small Slimes","floor":12,"turns":3},{"damage":0,"enemies":"Jaw Worm","floor":14,"turns":3},{"damage":41,"enemies":"Slime Boss","floor":16,"turns":9},{"damage":2,"enemies":"Spheric Guardian","floor":18,"turns":4},{"damage":13,"enemies":"Chosen","floor":21,"turns":5},{"damage":39,"enemies":"Gremlin Leader","floor":23,"turns":9},{"damage":32,"enemies":"Slavers","floor":25,"turns":4}],"seed_played":"6203722736529538469","potions_obtained":[{"floor":10,"key":"LiquidBronze"},{"floor":12,"key":"Strength Potion"},{"floor":14,"key":"Dexterity Potion"},{"floor":23,"key":"FocusPotion"}],"is_trial":false,"path_per_floor":["M","?","$","?","T","E","R","$","T","?","?","M","?","M","R","B",null,"M","?","$","M","$","E","$","E"],"character_chosen":"DEFECT","items_purchased":["Coolheaded","Omamori","Whetstone","Ice Cream","Hologram","Go for the Eyes","Reinforced Body"],"campfire_rested":0,"item_purchase_floors":[3,3,20,22,22,22,24],"current_hp_per_floor":[75,75,75,75,75,75,75,75,75,75,75,74,74,75,75,34,75,73,73,73,62,62,25,25,0],"gold":34,"neow_bonus":"THREE_ENEMY_KILL","is_prod":false,"is_daily":false,"chose_seed":false,"campfire_upgraded":2,"win_rate":0,"timestamp":1565843154,"path_taken":["M","?","$","?","?","E","R","$","T","?","?","?","?","?","R","BOSS","M","?","$","?","?","E","$","E"],"build_version":"2019-07-17","purchased_purges":2,"victory":false,"max_hp_per_floor":[75,75,75,75,75,75,75,75,75,75,75,75,75,75,75,75,75,75,75,75,75,75,75,75,75],"card_choices":[{"not_picked":["Compile Driver","BootSequence"],"picked":"Gash","floor":1},{"not_picked":["Cold Snap","Gash","Auto Shields"],"picked":"SKIP","floor":6},{"not_picked":["Cold Snap","Auto Shields"],"picked":"Gash","floor":6},{"not_picked":["Hello World","BootSequence"],"picked":"Conserve Battery","floor":10},{"not_picked":["Rebound","Conserve Battery"],"picked":"Redo","floor":12},{"not_picked":["Barrage","Storm","Chaos"],"picked":"SKIP","floor":14},{"not_picked":["Thunder Strike","Amplify"],"picked":"Fission","floor":16},{"not_picked":["Gash","Scrape+1"],"picked":"Redo","floor":18},{"not_picked":["Cold Snap","Compile Driver+1"],"picked":"Turbo","floor":21},{"not_picked":["Scrape","Recycle+1"],"picked":"Beam Cell","floor":23}],"player_experience":122262,"relics_obtained":[{"floor":5,"key":"Oddly Smooth Stone"},{"floor":6,"key":"Ancient Tea Set"},{"floor":9,"key":"MawBank"},{"floor":10,"key":"Odd Mushroom"},{"floor":23,"key":"Mummified Hand"}],"event_choices":[{"damage_healed":0,"gold_gain":175,"player_choice":"AGREE","damage_taken":0,"max_hp_gain":0,"max_hp_loss":0,"event_name":"Liars Game","floor":2,"gold_loss":0,"cards_obtained":["Doubt"]},{"damage_healed":0,"gold_gain":0,"player_choice":"Box","damage_taken":0,"relics_obtained":["Blood Vial"],"max_hp_gain":0,"max_hp_loss":0,"event_name":"Big Fish","floor":4,"gold_loss":0,"cards_obtained":["Regret"]},{"damage_healed":0,"gold_gain":0,"player_choice":"Fought Mushrooms","damage_taken":0,"max_hp_gain":0,"max_hp_loss":0,"event_name":"Mushrooms","floor":10,"gold_loss":0},{"damage_healed":0,"gold_gain":275,"player_choice":"Desecrate","damage_taken":0,"max_hp_gain":0,"max_hp_loss":0,"event_name":"Golden Shrine","floor":11,"gold_loss":0,"cards_obtained":["Regret"]},{"damage_healed":0,"gold_gain":0,"player_choice":"1 cards matched","damage_taken":0,"max_hp_gain":0,"max_hp_loss":0,"event_name":"Match and Keep!","floor":13,"gold_loss":0,"cards_obtained":["Gash"]},{"damage_healed":0,"gold_gain":0,"player_choice":"Gave Potion","damage_taken":0,"relics_obtained":["Letter Opener"],"max_hp_gain":0,"max_hp_loss":0,"event_name":"WeMeetAgain","floor":19,"gold_loss":0}],"is_beta":false,"boss_relics":[{"not_picked":["Lizard Tail","Velvet Choker"],"picked":"Astrolabe"}],"items_purged_floors":[3,20],"is_endless":false,"potions_floor_spawned":[10,12,14,23],"killed_by":"Slavers","ascension_level":1}