{"gold_per_floor":[112,112,132,132,43,78,89,89],"floor_reached":8,"playtime":172,"items_purged":[],"score":112,"play_id":"ab319b38-900d-4ef5-b1fd-154722360852","local_time":"20190615103644","is_ascension_mode":true,"campfire_choices":[],"neow_cost":"NONE","seed_source_timestamp":0,"circlet_count":0,"master_deck":["AscendersBane","Defend_G","Defend_G","Defend_G+1","Defend_G","Defend_G","Strike_G","Strike_G","Strike_G+1","Strike_G","Strike_G","Survivor","Neutralize+1","Poisoned Stab+1","Noxious Fumes","Backflip"],"special_seed":0,"relics":["Ring of the Snake","Blue Candle"],"potions_floor_usage":[],"damage_taken":[{"damage":12.0,"enemies":"Jaw Worm","floor":1.0,"turns":8.0},{"damage":2.0,"enemies":"Small Slimes","floor":3.0,"turns":4.0},{"damage":19.0,"enemies":"Gremlin Nob","floor":6.0,"turns":4.0},{"damage":0.0,"enemies":"2 Louse","floor":7.0,"turns":2.0},{"damage":7,"enemies":"3 Sentries","floor":8,"turns":2}],"seed_played":"1949289029836622018","potions_obtained":[{"floor":3.0,"key":"FearPotion"},{"floor":7.0,"key":"FearPotion"}],"is_trial":false,"path_per_floor":["M","?","M","?","$","E","M","E"],"character_chosen":"THE_SILENT","items_purchased":["Noxious Fumes"],"campfire_rested":0,"item_purchase_floors":[5],"current_hp_per_floor":[47,27,25,25,25,6,6,0],"gold":89,"neow_bonus":"UPGRADE_CARD","is_prod":false,"is_daily":false,"chose_seed":false,"campfire_upgraded":0,"win_rate":0,"timestamp":1560609404,"path_taken":["M","?","M","?","$","E","M","E"],"build_version":"2019-01-23","purchased_purges":0,"victory":false,"max_hp_per_floor":[66,66,66,66,66,66,66,66],"card_choices":[{"not_picked":["Deflect","Cloak And Dagger"],"picked":"Poisoned Stab","floor":1.0},{"not_picked":["Reflex","Outmaneuver","Poisoned Stab"],"picked":"SKIP","floor":3.0},{"not_picked":["Outmaneuver","Setup"],"picked":"Backflip","floor":6.0},{"not_picked":["Tactician","Sucker Punch","Outmaneuver"],"picked":"SKIP","floor":7.0}],"player_experience":429668,"relics_obtained":[{"floor":6.0,"key":"Blue Candle"}],"event_choices":[{"damage_healed":0.0,"max_hp_gain":0.0,"max_hp_loss":0.0,"gold_gain":0.0,"event_name":"Shining Light","player_choice":"Entered Light","floor":2.0,"gold_loss":0.0,"damage_taken":20.0,"cards_upgraded":["Defend_G","Strike_G"]},{"damage_healed":0.0,"max_hp_gain":0.0,"max_hp_loss":0.0,"gold_gain":0.0,"event_name":"Living Wall","player_choice":"Grow","floor":4.0,"gold_loss":0.0,"damage_taken":0.0,"cards_upgraded":["Poisoned Stab"]}],"is_beta":false,"boss_relics":[],"items_purged_floors":[],"is_endless":false,"potions_floor_spawned":[3,7],"killed_by":"3 Sentries","ascension_level":20}