{"gold_per_floor":[118,118,88,104,124,124,157,174,174,186,94,94,105,137,137,213,213,224,255,267,267,152,152,169,169],"floor_reached":25,"playtime":1094,"items_purged":[],"score":426,"play_id":"8ba273d4-5059-446a-a9d2-fd0f520f1e05","local_time":"20190822145300","is_ascension_mode":true,"campfire_choices":[{"data":"Go for the Eyes","floor":6,"key":"SMITH"},{"data":"Defragment","floor":12,"key":"SMITH"},{"data":"Blizzard","floor":15,"key":"SMITH"},{"floor":23,"key":"REST"}],"neow_cost":"NONE","seed_source_timestamp":44996219562900,"circlet_count":0,"master_deck":["AscendersBane","Strike_B","Strike_B","Strike_B","Strike_B","Defend_B","Defend_B","Defend_B","Defend_B","Zap+1","Dualcast","Glacier","Go for the Eyes+1","Leap","Leap","Compile Driver","Hello World","Defragment+1","Coolheaded","Blizzard+1","Fission","Biased Cognition","Coolheaded","Melter+1","Ball Lightning","Necronomicurse","Loop","Conserve Battery","Leap"],"relics":["Cracked Core","Lantern","Potion Belt","Bronze Scales","The Courier","Nuclear Battery","Red Mask","Necronomicon"],"potions_floor_usage":[7,7,16,19,19],"damage_taken":[{"damage":4,"enemies":"Small Slimes","floor":1,"turns":3},{"damage":0,"enemies":"Cultist","floor":4,"turns":3},{"damage":3,"enemies":"2 Louse","floor":5,"turns":2},{"damage":11,"enemies":"Lagavulin","floor":7,"turns":7},{"damage":4,"enemies":"Blue Slaver","floor":8,"turns":4},{"damage":5,"enemies":"Gremlin Gang","floor":10,"turns":5},{"damage":0,"enemies":"2 Fungi Beasts","floor":13,"turns":3},{"damage":12,"enemies":"3 Sentries","floor":14,"turns":6},{"damage":20,"enemies":"Hexaghost","floor":16,"turns":9},{"damage":4,"enemies":"Chosen","floor":18,"turns":7},{"damage":23,"enemies":"Masked Bandits","floor":19,"turns":4},{"damage":0,"enemies":"Spheric Guardian","floor":20,"turns":2},{"damage":25,"enemies":"Shelled Parasite and Fungi","floor":24,"turns":5},{"damage":13,"enemies":"Snake Plant","floor":25,"turns":2}],"seed_played":"-289640979212613663","potions_obtained":[{"floor":3,"key":"Fire Potion"},{"floor":3,"key":"FairyPotion"},{"floor":4,"key":"SpeedPotion"},{"floor":8,"key":"Energy Potion"},{"floor":10,"key":"EssenceOfSteel"},{"floor":13,"key":"Poison Potion"},{"floor":14,"key":"Fruit Juice"},{"floor":20,"key":"FocusPotion"}],"is_trial":false,"path_per_floor":["M","?","?","M","M","R","E","M","T","M","$","R","M","E","R","B",null,"M","?","M","?","$","R","M","M"],"character_chosen":"DEFECT","items_purchased":["Defragment","Coolheaded","Loop","Conserve Battery"],"campfire_rested":1,"item_purchase_floors":[11,11,22,22],"current_hp_per_floor":[60,60,60,60,57,57,46,42,42,37,37,37,37,25,25,10,60,56,33,33,12,12,34,9,0],"gold":169,"neow_bonus":"RANDOM_COMMON_RELIC","is_prod":false,"is_daily":false,"chose_seed":false,"campfire_upgraded":3,"win_rate":0,"timestamp":1566510780,"path_taken":["M","?","?","?","M","R","E","M","T","M","$","R","M","E","R","BOSS","M","?","M","?","?","R","M","?"],"build_version":"2019-08-15","purchased_purges":0,"victory":false,"max_hp_per_floor":[71,71,71,71,71,71,71,71,71,71,71,71,71,71,71,76,76,76,76,76,76,76,76,76,76],"card_choices":[{"not_picked":["Steam","Compile Driver"],"picked":"Glacier","floor":1},{"not_picked":["Leap","Recycle"],"picked":"Go for the Eyes","floor":4},{"not_picked":["Creative AI","Go for the Eyes"],"picked":"Leap","floor":5},{"not_picked":["Go for the Eyes","Skim"],"picked":"Leap","floor":7},{"not_picked":["Steam","Recycle"],"picked":"Compile Driver","floor":8},{"not_picked":["Redo","Turbo"],"picked":"Hello World","floor":10},{"not_picked":["Reinforced Body","Rebound"],"picked":"Blizzard","floor":13},{"not_picked":["Conserve Battery","Biased Cognition"],"picked":"Fission","floor":14},{"not_picked":["All For One","Amplify"],"picked":"Biased Cognition","floor":16},{"not_picked":["Beam Cell","Streamline"],"picked":"Coolheaded","floor":18},{"not_picked":["Auto Shields","Skim"],"picked":"Melter+1","floor":19},{"not_picked":["Reprogram","Turbo"],"picked":"Ball Lightning","floor":20},{"not_picked":["Sweeping Beam","Fusion"],"picked":"Leap","floor":24}],"player_experience":3033737,"relics_obtained":[{"floor":7,"key":"Potion Belt"},{"floor":9,"key":"Bronze Scales"},{"floor":14,"key":"The Courier"},{"floor":19,"key":"Red Mask"},{"floor":21,"key":"Necronomicon"}],"event_choices":[{"damage_healed":0,"gold_gain":0,"player_choice":"Grow","damage_taken":0,"max_hp_gain":0,"max_hp_loss":0,"event_name":"Living Wall","floor":2,"gold_loss":0,"cards_upgraded":["Zap"]},{"damage_healed":0,"gold_gain":0,"player_choice":"Bought 2 Potions","damage_taken":0,"max_hp_gain":0,"max_hp_loss":0,"event_name":"The Woman in Blue","floor":3,"gold_loss":0},{"damage_healed":0,"gold_gain":0,"player_choice":"Fought Bandits","damage_taken":0,"max_hp_gain":0,"max_hp_loss":0,"event_name":"Masked Bandits","floor":19,"gold_loss":0},{"damage_healed":0,"gold_gain":0,"player_choice":"Obtained Book","damage_taken":21,"max_hp_gain":0,"max_hp_loss":0,"event_name":"Cursed Tome","floor":21,"gold_loss":0}],"is_beta":true,"boss_relics":[{"not_picked":["Velvet Choker","FrozenCore"],"picked":"Nuclear Battery"}],"items_purged_floors":[],"is_endless":false,"potions_floor_spawned":[4,8,10,13,14,20],"killed_by":"Snake Plant","ascension_level":20}