{"gold_per_floor":[113,123,198,210,210,210,239,252,277,277,277,289,301,313,313,390,390,406,16,0,0,18,18,18],"floor_reached":24,"playtime":691,"items_purged":[],"score":386,"play_id":"2b04c6fc-f9f9-423c-896e-296aba0460b5","local_time":"20190515112826","is_ascension_mode":true,"campfire_choices":[{"floor":6,"key":"REST"},{"floor":11,"key":"REST"},{"data":"Footwork","floor":15,"key":"SMITH"},{"data":"Cloak And Dagger","floor":23,"key":"SMITH"}],"neow_cost":"NONE","seed_source_timestamp":404087403854676,"circlet_count":0,"master_deck":["AscendersBane","Defend_G","Defend_G+1","Defend_G","Defend_G+1","Defend_G","Strike_G+1","Strike_G","Strike_G+1","Strike_G","Strike_G","Survivor","Neutralize","Malaise+1","Poisoned Stab","Dash","Deadly Poison","Night Terror","Footwork+1","Blur","Terror","Burst","Dagger Spray","Cloak And Dagger+1"],"relics":["Ring of the Serpent","War Paint","Bag of Marbles","Whetstone","Toolbox","Regal Pillow","Pen Nib"],"potions_floor_usage":[14,16,16],"damage_taken":[{"damage":0,"enemies":"2 Louse","floor":1,"turns":3},{"damage":2,"enemies":"Jaw Worm","floor":2,"turns":6},{"damage":4,"enemies":"Small Slimes","floor":4,"turns":3},{"damage":26,"enemies":"Gremlin Nob","floor":7,"turns":5},{"damage":2,"enemies":"Red Slaver","floor":8,"turns":5},{"damage":6,"enemies":"Exordium Thugs","floor":12,"turns":6},{"damage":4,"enemies":"Large Slime","floor":13,"turns":6},{"damage":4,"enemies":"Looter","floor":14,"turns":4},{"damage":14,"enemies":"Hexaghost","floor":16,"turns":13},{"damage":2,"enemies":"Shell Parasite","floor":18,"turns":8},{"damage":1,"enemies":"Chosen","floor":22,"turns":7},{"damage":51,"enemies":"Slavers","floor":24,"turns":3}],"seed_played":"-4152498081482114255","potions_obtained":[{"floor":7,"key":"Weak Potion"},{"floor":12,"key":"GamblersBrew"},{"floor":13,"key":"Regen Potion"},{"floor":14,"key":"GamblersBrew"},{"floor":16,"key":"Strength Potion"}],"is_trial":false,"path_per_floor":["M","M","?","M","?","R","E","M","T","?","R","M","M","M","R","B",null,"M","$","?","?","M","R","E"],"character_chosen":"THE_SILENT","items_purchased":["Toolbox","Regal Pillow"],"campfire_rested":2,"item_purchase_floors":[19,19],"current_hp_per_floor":[59,57,46,42,16,35,9,7,7,7,26,20,16,26,26,12,53,51,51,51,51,50,50,0],"gold":18,"neow_bonus":"ONE_RANDOM_RARE_CARD","is_prod":false,"is_daily":false,"chose_seed":false,"campfire_upgraded":2,"win_rate":0,"timestamp":1557934106,"path_taken":["M","M","?","M","?","R","E","M","T","?","R","M","?","M","R","BOSS","M","$","?","?","?","R","E"],"build_version":"2019-01-23","purchased_purges":0,"victory":false,"max_hp_per_floor":[66,66,66,66,66,66,66,66,66,66,66,66,66,66,66,66,66,66,66,66,66,66,66,66],"card_choices":[{"not_picked":["Slice","Sucker Punch"],"picked":"Poisoned Stab","floor":1},{"not_picked":["Outmaneuver","Infinite Blades"],"picked":"Dash","floor":2},{"not_picked":["Dagger Spray","Underhanded Strike"],"picked":"Deadly Poison","floor":4},{"not_picked":["Dodge and Roll","Accuracy"],"picked":"Night Terror","floor":7},{"not_picked":["Deflect","Poisoned Stab","Dodge and Roll"],"picked":"SKIP","floor":8},{"not_picked":["Blur","Acrobatics"],"picked":"Footwork","floor":12},{"not_picked":["Dagger Throw","Bane"],"picked":"Blur","floor":13},{"not_picked":["Outmaneuver","Skewer"],"picked":"Terror","floor":14},{"not_picked":["Unload","Doppelganger"],"picked":"Burst","floor":16},{"not_picked":["Endless Agony","Predator"],"picked":"Dagger Spray","floor":18},{"not_picked":["Slice","Flying Knee"],"picked":"Cloak And Dagger","floor":22}],"player_experience":368096,"relics_obtained":[{"floor":7,"key":"Bag of Marbles"},{"floor":9,"key":"Whetstone"}],"event_choices":[{"damage_healed":0,"gold_gain":75,"player_choice":"Gather Gold","damage_taken":11,"max_hp_gain":0,"max_hp_loss":0,"event_name":"World of Goop","floor":3,"gold_loss":0},{"damage_healed":0,"gold_gain":0,"player_choice":"Success","damage_taken":26,"relics_obtained":["War Paint"],"max_hp_gain":0,"max_hp_loss":0,"event_name":"Scrap Ooze","floor":5,"gold_loss":0},{"damage_healed":0,"gold_gain":0,"player_choice":"Upgraded","damage_taken":0,"max_hp_gain":0,"max_hp_loss":0,"event_name":"Upgrade Shrine","floor":10,"gold_loss":0,"cards_upgraded":["Malaise"]},{"damage_healed":0,"gold_gain":0,"player_choice":"Paid Fearfully","damage_taken":0,"max_hp_gain":0,"max_hp_loss":0,"event_name":"Masked Bandits","floor":20,"gold_loss":16},{"damage_healed":0,"gold_gain":0,"player_choice":"Gave Potion","damage_taken":0,"relics_obtained":["Pen Nib"],"max_hp_gain":0,"max_hp_loss":0,"event_name":"WeMeetAgain","floor":21,"gold_loss":0}],"is_beta":false,"boss_relics":[{"not_picked":["Empty Cage","Fusion Hammer"],"picked":"Ring of the Serpent"}],"items_purged_floors":[],"is_endless":false,"potions_floor_spawned":[7,12,13,14,16],"killed_by":"Slavers","ascension_level":19}