{"gold_per_floor":[367,73,86,86,86,86,111,111,111,140,140,140],"floor_reached":12,"playtime":336,"items_purged":["Normality"],"score":118,"play_id":"490ade5e-4140-4930-ba51-c7eea3816b58","local_time":"20190222134137","is_ascension_mode":true,"campfire_choices":[{"data":"Bash","floor":6,"key":"SMITH"},{"data":"Clothesline","floor":8,"key":"SMITH"}],"neow_cost":"CURSE","seed_source_timestamp":293599539029420,"circlet_count":0,"master_deck":["Strike_R","Strike_R","Strike_R","Strike_R","Defend_R","Defend_R","Defend_R","Defend_R","Bash+1","Clothesline+1","Evolve","Ghostly Armor","Shrug It Off","Reaper"],"relics":["Burning Blood","PreservedInsect","Question Card","Gremlin Horn","Potion Belt","Omamori"],"potions_floor_usage":[12,12],"damage_taken":[{"damage":1,"enemies":"Small Slimes","floor":1,"turns":4},{"damage":2,"enemies":"Jaw Worm","floor":3,"turns":5},{"damage":36,"enemies":"Lagavulin","floor":7,"turns":7},{"damage":25,"enemies":"3 Sentries","floor":10,"turns":13},{"damage":25,"enemies":"Gremlin Nob","floor":12,"turns":4}],"seed_played":"4091990694922720977","potions_obtained":[{"floor":3,"key":"EssenceOfSteel"},{"floor":7,"key":"SpeedPotion"}],"is_trial":false,"path_per_floor":["M","$","M","?","?","R","E","R","T","E","$","E"],"character_chosen":"IRONCLAD","items_purchased":["PreservedInsect","Evolve"],"campfire_rested":0,"item_purchase_floors":[2,2],"current_hp_per_floor":[77,77,80,73,66,66,36,36,36,17,17,0],"gold":140,"neow_bonus":"TWO_FIFTY_GOLD","is_prod":false,"is_daily":false,"chose_seed":false,"campfire_upgraded":2,"win_rate":0,"timestamp":1550860897,"path_taken":["M","$","M","?","?","R","E","R","T","E","?","E"],"build_version":"2019-01-23","purchased_purges":1,"victory":false,"max_hp_per_floor":[80,80,80,80,80,80,80,80,80,80,80,80],"card_choices":[{"not_picked":["Warcry","Flex"],"picked":"Clothesline","floor":1},{"not_picked":["Clothesline","Sword Boomerang"],"picked":"Ghostly Armor","floor":3},{"not_picked":["Pummel","Twin Strike","Entrench"],"picked":"Shrug It Off","floor":7},{"not_picked":["True Grit","Rupture","Combust"],"picked":"Reaper","floor":10}],"player_experience":124877,"relics_obtained":[{"floor":7,"key":"Gremlin Horn"},{"floor":9,"key":"Potion Belt"},{"floor":10,"key":"Omamori"}],"event_choices":[{"damage_healed":0,"gold_gain":0,"player_choice":"Success","damage_taken":7,"relics_obtained":["Question Card"],"max_hp_gain":0,"max_hp_loss":0,"event_name":"Scrap Ooze","floor":4,"gold_loss":0},{"cards_removed":["Strike_R"],"damage_healed":0,"gold_gain":0,"player_choice":"Card Removal","damage_taken":7,"max_hp_gain":0,"max_hp_loss":0,"event_name":"Golden Wing","floor":5,"gold_loss":0}],"is_beta":false,"boss_relics":[],"items_purged_floors":[2],"is_endless":false,"potions_floor_spawned":[3,7],"killed_by":"Gremlin Nob","ascension_level":8}