{"gold_per_floor":[109,31,31,31,31,72,72,90,90,50,83,110,146,164,164,288,288,313,313,513,537,115,136,159,159,159,159,172,208,232,271,271,271],"floor_reached":33,"playtime":1077,"items_purged":[],"score":525,"play_id":"b4a6922d-ae3f-48d6-a05b-22e059bf826a","local_time":"20190327112028","is_ascension_mode":true,"campfire_choices":[{"data":"Spot Weakness","floor":7,"key":"SMITH"},{"data":"True Grit","floor":15,"key":"SMITH"},{"data":"Barricade","floor":25,"key":"SMITH"},{"floor":27,"key":"REST"},{"data":"Demon Form","floor":32,"key":"SMITH"}],"neow_cost":"NONE","seed_source_timestamp":1185026222173677,"circlet_count":0,"master_deck":["AscendersBane","Strike_R+1","Strike_R+1","Defend_R","Defend_R","Defend_R","Defend_R","Bash+1","Spot Weakness+1","Battle Trance","Pummel","Whirlwind","True Grit+1","Sword Boomerang","Demon Form+1","Havoc+1","Twin Strike+1","Double Tap+1","Metallicize","Shrug It Off+1","Barricade+1","Iron Wave","Feed","Armaments+1","Spot Weakness+1","Feel No Pain+1"],"relics":["Burning Blood","NeowsBlessing","Golden Idol","Potion Belt","Ancient Tea Set","Whetstone","Bag of Marbles","PreservedInsect","Astrolabe","Centennial Puzzle","Mercury Hourglass","Pantograph","Gremlin Horn"],"potions_floor_usage":[11,16,21,23,24,31,33,33],"damage_taken":[{"damage":0,"enemies":"Cultist","floor":1,"turns":1},{"damage":0,"enemies":"3 Sentries","floor":6,"turns":2},{"damage":0,"enemies":"Jaw Worm","floor":8,"turns":1},{"damage":44,"enemies":"Gremlin Nob","floor":11,"turns":5},{"damage":23,"enemies":"3 Sentries","floor":13,"turns":5},{"damage":2,"enemies":"2 Louse","floor":14,"turns":3},{"damage":27,"enemies":"Hexaghost","floor":16,"turns":8},{"damage":24,"enemies":"3 Byrds","floor":18,"turns":4},{"damage":3,"enemies":"Spheric Guardian","floor":21,"turns":3},{"damage":14,"enemies":"Snecko","floor":23,"turns":6},{"damage":7,"enemies":"Chosen and Byrds","floor":24,"turns":2},{"damage":0,"enemies":"Sentry and Sphere","floor":28,"turns":2},{"damage":5,"enemies":"Gremlin Leader","floor":29,"turns":4},{"damage":9,"enemies":"Snake Plant","floor":30,"turns":10},{"damage":35,"enemies":"Book of Stabbing","floor":31,"turns":5},{"damage":101,"enemies":"Collector","floor":33,"turns":7}],"seed_played":"2681287749841701579","potions_obtained":[{"floor":8,"key":"Weak Potion"},{"floor":13,"key":"Regen Potion"},{"floor":16,"key":"Weak Potion"},{"floor":18,"key":"AttackPotion"},{"floor":21,"key":"SpeedPotion"},{"floor":24,"key":"LiquidBronze"},{"floor":31,"key":"SkillPotion"}],"is_trial":false,"path_per_floor":["M","$","?","?","?","E","R","M","T","$","E","T","E","M","R","B",null,"M","?","?","M","$","M","M","R","T","R","M","E","M","E","R","B"],"character_chosen":"IRONCLAD","items_purchased":["Spot Weakness","Whirlwind","Centennial Puzzle","Barricade","Fire Potion","Iron Wave"],"campfire_rested":1,"item_purchase_floors":[2,10,22,22,22,22],"current_hp_per_floor":[78,78,78,58,58,64,64,70,70,70,32,32,15,19,19,13,63,45,45,45,48,48,40,42,42,42,66,75,80,81,52,52,0],"gold":271,"neow_bonus":"THREE_ENEMY_KILL","is_prod":false,"is_daily":false,"chose_seed":false,"campfire_upgraded":4,"win_rate":0,"timestamp":1553700028,"path_taken":["M","?","?","?","?","E","R","?","T","$","E","?","E","?","R","BOSS","M","?","?","M","$","M","M","R","T","R","?","E","M","E","R","BOSS"],"build_version":"2019-01-23","purchased_purges":0,"victory":false,"max_hp_per_floor":[80,80,80,80,80,80,80,80,80,80,80,80,80,80,80,80,80,80,80,80,80,80,80,83,83,83,83,86,90,94,94,94,94],"card_choices":[{"not_picked":["Body Slam","Heavy Blade","Pommel Strike"],"picked":"SKIP","floor":1},{"not_picked":["Body Slam","Perfected Strike"],"picked":"Battle Trance","floor":6},{"not_picked":["Power Through","Body Slam"],"picked":"Pummel","floor":8},{"not_picked":["Warcry","Hemokinesis"],"picked":"True Grit","floor":11},{"not_picked":["Brutality","Headbutt"],"picked":"Sword Boomerang","floor":13},{"not_picked":["Bloodletting","Uppercut","Thunderclap"],"picked":"SKIP","floor":14},{"not_picked":["Fiend Fire","Feed"],"picked":"Demon Form","floor":16},{"not_picked":["Heavy Blade","Thunderclap"],"picked":"Metallicize","floor":18},{"not_picked":["Clash","Hemokinesis"],"picked":"Shrug It Off+1","floor":21},{"not_picked":["Warcry+1","Carnage"],"picked":"Feed","floor":23},{"not_picked":["Evolve","Blood for Blood"],"picked":"Armaments+1","floor":24},{"not_picked":["Combust","Clash","Cleave"],"picked":"SKIP","floor":28},{"not_picked":["True Grit","Wild Strike","Searing Blow"],"picked":"SKIP","floor":29},{"not_picked":["Thunderclap","Body Slam"],"picked":"Spot Weakness+1","floor":30},{"not_picked":["Wild Strike+1","Perfected Strike"],"picked":"Feel No Pain+1","floor":31}],"player_experience":215114,"relics_obtained":[{"floor":6,"key":"Potion Belt"},{"floor":9,"key":"Ancient Tea Set"},{"floor":11,"key":"Whetstone"},{"floor":12,"key":"Bag of Marbles"},{"floor":13,"key":"PreservedInsect"},{"floor":26,"key":"Mercury Hourglass"},{"floor":29,"key":"Pantograph"},{"floor":31,"key":"Gremlin Horn"}],"event_choices":[{"damage_healed":0,"gold_gain":0,"player_choice":"Ignored","damage_taken":0,"max_hp_gain":0,"max_hp_loss":0,"event_name":"Liars Game","floor":3,"gold_loss":0},{"damage_healed":0,"gold_gain":0,"player_choice":"Take Damage","damage_taken":20,"relics_obtained":["Golden Idol"],"max_hp_gain":0,"max_hp_loss":0,"event_name":"Golden Idol","floor":4,"gold_loss":0},{"damage_healed":0,"gold_gain":0,"player_choice":"Grow","damage_taken":0,"max_hp_gain":0,"max_hp_loss":0,"event_name":"Living Wall","floor":5,"gold_loss":0,"cards_upgraded":["Bash"]},{"damage_healed":0,"gold_gain":0,"player_choice":"Ignored","damage_taken":0,"max_hp_gain":0,"max_hp_loss":0,"event_name":"Vampires","floor":19,"gold_loss":0},{"damage_healed":0,"gold_gain":250,"player_choice":"Bet on Owner","damage_taken":0,"max_hp_gain":0,"max_hp_loss":0,"event_name":"The Joust","floor":20,"gold_loss":50}],"is_beta":false,"boss_relics":[{"not_picked":["Calling Bell","Black Blood"],"picked":"Astrolabe"}],"items_purged_floors":[],"is_endless":false,"potions_floor_spawned":[8,13,16,18,21,24,31],"killed_by":"Collector","ascension_level":12}