{"gold_per_floor":[114,126,145,220,239,274,274,2,2,31,56,56,72,107,107,107],"floor_reached":16,"playtime":1453,"items_purged":[],"score":120,"play_id":"2e268f4d-c168-4314-97c8-9daa8548fd31","local_time":"20190902173041","is_ascension_mode":false,"campfire_choices":[{"data":"Blind","floor":7,"key":"SMITH"},{"floor":15,"key":"REST"}],"neow_cost":"TEN_PERCENT_HP_LOSS","seed_source_timestamp":854580446062642,"circlet_count":0,"master_deck":["Strike_R","Strike_R","Strike_R","Strike_R","Strike_R","Defend_R","Defend_R","Defend_R","Defend_R","Bash","Deep Breath","Blind+1","Shrug It Off","Feel No Pain","Dual Wield","Shrug It Off"],"relics":["Burning Blood","Question Card","Membership Card","Red Skull","Shuriken","Pantograph","Odd Mushroom","Regal Pillow","Centennial Puzzle"],"potions_floor_usage":[6,11,13,16],"damage_taken":[{"damage":3,"enemies":"Jaw Worm","floor":1,"turns":5},{"damage":0,"enemies":"2 Louse","floor":2,"turns":3},{"damage":3,"enemies":"Small Slimes","floor":3,"turns":3},{"damage":4,"enemies":"Blue Slaver","floor":5,"turns":6},{"damage":28,"enemies":"3 Sentries","floor":6,"turns":14},{"damage":19,"enemies":"Lagavulin","floor":10,"turns":8},{"damage":10,"enemies":"The Mushroom Lair","floor":11,"turns":5},{"damage":0,"enemies":"Exordium Wildlife","floor":13,"turns":2},{"damage":26,"enemies":"Gremlin Nob","floor":14,"turns":5},{"damage":74,"enemies":"Hexaghost","floor":16,"turns":15}],"seed_played":"-7813313136913034717","potions_obtained":[{"floor":5,"key":"Dexterity Potion"},{"floor":10,"key":"Poison Potion"},{"floor":11,"key":"AttackPotion"},{"floor":14,"key":"Swift Potion"}],"is_trial":false,"path_per_floor":["M","M","M","?","M","E","R","$","T","E","?","T","M","E","R","B"],"character_chosen":"IRONCLAD","items_purchased":["Membership Card","Red Skull"],"campfire_rested":1,"item_purchase_floors":[8,8],"current_hp_per_floor":[72,72,72,61,63,41,41,41,41,28,24,24,30,10,46,0],"gold":107,"neow_bonus":"RANDOM_COLORLESS_2","is_prod":false,"is_daily":false,"chose_seed":false,"campfire_upgraded":1,"win_rate":0,"timestamp":1567438241,"path_taken":["M","M","M","?","M","E","R","$","T","E","?","?","?","E","R","BOSS"],"build_version":"2019-06-28","purchased_purges":0,"victory":false,"max_hp_per_floor":[72,72,72,72,72,72,72,72,72,72,72,72,72,72,72,72],"card_choices":[{"not_picked":["Perfected Strike","Thunderclap","Combust"],"picked":"SKIP","floor":1},{"not_picked":["Iron Wave","Clash","Sever Soul"],"picked":"SKIP","floor":2},{"not_picked":["Carnage","Twin Strike"],"picked":"Shrug It Off","floor":3},{"not_picked":["Searing Blow","Evolve"],"picked":"Feel No Pain","floor":5},{"not_picked":["Sever Soul","Wild Strike","Intimidate"],"picked":"SKIP","floor":6},{"not_picked":["Berserk","Rage","Cleave"],"picked":"Dual Wield","floor":10},{"not_picked":["Whirlwind","True Grit","Sword Boomerang"],"picked":"Shrug It Off","floor":11},{"not_picked":["Combust","Clash","Feel No Pain","Iron Wave"],"picked":"SKIP","floor":13},{"not_picked":["Combust","Clash","Feel No Pain","Iron Wave"],"picked":"SKIP","floor":13},{"not_picked":["Anger","Hemokinesis","Warcry","Twin Strike"],"picked":"SKIP","floor":14}],"player_experience":186977,"relics_obtained":[{"floor":6,"key":"Question Card"},{"floor":9,"key":"Shuriken"},{"floor":10,"key":"Pantograph"},{"floor":11,"key":"Odd Mushroom"},{"floor":12,"key":"Regal Pillow"},{"floor":14,"key":"Centennial Puzzle"}],"event_choices":[{"damage_healed":0,"gold_gain":75,"player_choice":"Gather Gold","damage_taken":11,"max_hp_gain":0,"max_hp_loss":0,"event_name":"World of Goop","floor":4,"gold_loss":0},{"damage_healed":0,"gold_gain":0,"player_choice":"Fought Mushrooms","damage_taken":0,"max_hp_gain":0,"max_hp_loss":0,"event_name":"Mushrooms","floor":11,"gold_loss":0}],"is_beta":true,"boss_relics":[],"items_purged_floors":[],"is_endless":false,"potions_floor_spawned":[5,10,11,14],"killed_by":"Hexaghost","ascension_level":0}