{"gold_per_floor":[109,120,138,157,168,168,201,201,201,217,227,227,255,34,34,105,105,119,119,119,43,43,43,56,56,82,93,93,105,62,62,62,62],"floor_reached":33,"playtime":3613,"items_purged":[],"score":619,"play_id":"3eece148-32d8-4bec-ad3c-cd1933dda7ef","local_time":"20181227021545","is_ascension_mode":true,"campfire_choices":[{"data":"Hologram","floor":6.0,"key":"SMITH"},{"data":"Glacier","floor":8.0,"key":"SMITH"},{"floor":12.0,"key":"REST"},{"data":"Seek","floor":15.0,"key":"SMITH"},{"data":"Beam Cell","floor":23,"key":"SMITH"},{"data":"Capacitor","floor":25,"key":"SMITH"},{"data":"Streamline","floor":28,"key":"SMITH"},{"data":"Defragment","floor":32,"key":"SMITH"}],"neow_cost":"NONE","seed_source_timestamp":339568763046071,"circlet_count":0,"master_deck":["AscendersBane","Defend_B","Defend_B","Defend_B","Defend_B","Zap","Dualcast","Glacier+1","Rebound","Compile Driver","Hologram+1","Conserve Battery","Beam Cell+1","Glacier","Seek+1","Streamline+1","Rainbow","Bite","Bite","Bite","Bite","Bite","Capacitor+1","Stack","Stack","Defragment+1","Ghostly","Ghostly","Ghostly"],"special_seed":0,"relics":["Cracked Core","Bag of Preparation","Bottled Lightning","Gremlin Horn","Odd Mushroom","Strange Spoon","Runic Pyramid","Gambling Chip","DataDisk"],"potions_floor_usage":[33,33],"damage_taken":[{"damage":0.0,"enemies":"2 Louse","floor":1.0,"turns":2.0},{"damage":0.0,"enemies":"Jaw Worm","floor":2.0,"turns":5.0},{"damage":0.0,"enemies":"Small Slimes","floor":3.0,"turns":4.0},{"damage":12.0,"enemies":"3 Louse","floor":4.0,"turns":5.0},{"damage":0.0,"enemies":"Large Slime","floor":5.0,"turns":4.0},{"damage":18.0,"enemies":"3 Sentries","floor":7.0,"turns":14.0},{"damage":14.0,"enemies":"Exordium Thugs","floor":10.0,"turns":5.0},{"damage":10.0,"enemies":"Exordium Wildlife","floor":11.0,"turns":5.0},{"damage":7.0,"enemies":"The Mushroom Lair","floor":13.0,"turns":5.0},{"damage":0.0,"enemies":"Slime Boss","floor":16.0,"turns":6.0},{"damage":10.0,"enemies":"3 Byrds","floor":18.0,"turns":8.0},{"damage":4,"enemies":"Spheric Guardian","floor":24,"turns":9},{"damage":2,"enemies":"Centurion and Healer","floor":27,"turns":11},{"damage":7,"enemies":"Snake Plant","floor":29,"turns":6},{"damage":40,"enemies":"Automaton","floor":33,"turns":6}],"seed_played":"1576894007833173293","potions_obtained":[{"floor":1.0,"key":"Swift Potion"},{"floor":4.0,"key":"Fire Potion"},{"floor":10.0,"key":"Fire Potion"},{"floor":16.0,"key":"SteroidPotion"},{"floor":18.0,"key":"SkillPotion"},{"floor":27,"key":"Strength Potion"}],"is_trial":false,"path_per_floor":["M","M","M","M","M","R","E","R","T","M","M","R","?","$","R","B",null,"M","?","?","$","R","M","R","T","M","R","M","$","?","R","B"],"character_chosen":"DEFECT","items_purchased":["Strange Spoon","Capacitor","Defragment"],"campfire_rested":1,"item_purchase_floors":[14,21,30],"current_hp_per_floor":[64,64,64,52,52,52,34,34,34,20,10,31,24,24,24,24,59,49,29,29,29,29,29,47,47,47,53,53,53,53,26,26,0],"gold":62,"neow_bonus":"RANDOM_COMMON_RELIC","is_prod":false,"is_daily":false,"chose_seed":false,"campfire_upgraded":7,"win_rate":0,"timestamp":1545905745,"path_taken":["M","M","M","M","M","R","E","R","T","M","M","R","?","$","R","BOSS","M","?","?","$","?","R","M","R","T","M","R","M","?","?","R","BOSS"],"build_version":"2018-12-25","purchased_purges":0,"victory":false,"max_hp_per_floor":[71,71,71,71,71,71,71,71,71,71,71,71,71,71,71,71,71,71,76,53,53,53,53,53,53,53,53,53,53,53,26,26,26],"card_choices":[{"not_picked":["Loop","Coolheaded"],"picked":"Glacier","floor":1.0},{"not_picked":["Leap","Lockon"],"picked":"Rebound","floor":2.0},{"not_picked":["Turbo","Leap"],"picked":"Compile Driver","floor":3.0},{"not_picked":["Steam","BootSequence"],"picked":"Hologram","floor":4.0},{"not_picked":["Storm","Leap"],"picked":"Conserve Battery","floor":5.0},{"not_picked":["Storm","Chaos"],"picked":"Beam Cell","floor":7.0},{"not_picked":["Tempest","Cold Snap"],"picked":"Glacier","floor":10.0},{"not_picked":["Hologram","Coolheaded"],"picked":"Seek","floor":11.0},{"not_picked":["Steam","Turbo"],"picked":"Streamline","floor":13.0},{"not_picked":["Creative AI","Multi-Cast"],"picked":"Rainbow","floor":16.0},{"not_picked":["Sweeping Beam","Chaos","Streamline"],"picked":"SKIP","floor":18.0},{"not_picked":["Go for the Eyes","Tempest"],"picked":"Stack","floor":24},{"not_picked":["Barrage","Storm","Sweeping Beam"],"picked":"SKIP","floor":27},{"not_picked":["Auto Shields","Chaos"],"picked":"Stack","floor":29}],"player_experience":2620730,"relics_obtained":[{"floor":7.0,"key":"Bottled Lightning"},{"floor":9.0,"key":"Gremlin Horn"},{"floor":13.0,"key":"Odd Mushroom"},{"floor":22,"key":"Gambling Chip"},{"floor":26,"key":"DataDisk"}],"event_choices":[{"damage_healed":0.0,"max_hp_gain":0.0,"max_hp_loss":0.0,"gold_gain":0.0,"event_name":"Mushrooms","player_choice":"Fought Mushrooms","floor":13.0,"gold_loss":0.0,"damage_taken":0.0},{"damage_healed":0.0,"max_hp_gain":5.0,"max_hp_loss":0.0,"gold_gain":0.0,"event_name":"Forgotten Altar","player_choice":"Shed Blood","floor":19.0,"gold_loss":0.0,"damage_taken":25.0},{"damage_healed":0.0,"max_hp_gain":0.0,"max_hp_loss":23.0,"gold_gain":0.0,"event_name":"Vampires","player_choice":"Became a vampire","floor":20.0,"gold_loss":0.0,"damage_taken":0.0,"cards_obtained":["Bite","Bite","Bite","Bite","Bite"]},{"damage_healed":0,"gold_gain":0,"player_choice":"Became a Ghost","damage_taken":0,"max_hp_gain":0,"max_hp_loss":27,"event_name":"Ghosts","floor":31,"gold_loss":0,"cards_obtained":["Ghostly","Ghostly","Ghostly"]}],"is_beta":true,"boss_relics":[{"not_picked":["Empty Cage","Busted Crown"],"picked":"Runic Pyramid"}],"items_purged_floors":[],"is_endless":false,"potions_floor_spawned":[1,4,10,13,16,18,24,27],"killed_by":"Automaton","ascension_level":20}