{"gold_per_floor":[114,114,114,114,45,45,78,78,78,97,131,142,155,189,189,292,292,306,319,319,319,319,319,319],"floor_reached":24,"playtime":570,"items_purged":[],"score":265,"play_id":"72a831cb-2f5a-4851-b547-897feb023f54","local_time":"20190215123517","is_ascension_mode":true,"campfire_choices":[{"data":"Uppercut","floor":6,"key":"SMITH"},{"floor":8,"key":"DIG"},{"data":"Disarm","floor":15,"key":"SMITH"},{"floor":23,"key":"DIG"}],"neow_cost":"PERCENT_DAMAGE","seed_source_timestamp":768539139507603,"circlet_count":0,"master_deck":["Strike_R","Defend_R","Defend_R","Defend_R","Defend_R","Bash+1","Twin Strike","Uppercut+1","Shrug It Off","Disarm+1","Double Tap","Bloodletting+1","Rage+1","Ghostly Armor+1","Disarm"],"relics":["Burning Blood","Shovel","Paper Frog","Kunai","PreservedInsect","Ancient Tea Set","Regal Pillow","Orichalcum","Astrolabe","Enchiridion","GremlinMask","Art of War"],"potions_floor_usage":[7,14,21,24,24],"damage_taken":[{"damage":10,"enemies":"Cultist","floor":1,"turns":5},{"damage":25,"enemies":"Lagavulin","floor":7,"turns":6},{"damage":4,"enemies":"Jaw Worm","floor":10,"turns":3},{"damage":12,"enemies":"Gremlin Nob","floor":11,"turns":3},{"damage":0,"enemies":"Small Slimes","floor":12,"turns":2},{"damage":3,"enemies":"Red Slaver","floor":13,"turns":3},{"damage":7,"enemies":"Lagavulin","floor":14,"turns":5},{"damage":3,"enemies":"The Guardian","floor":16,"turns":11},{"damage":0,"enemies":"Shell Parasite","floor":18,"turns":8},{"damage":13,"enemies":"Spheric Guardian","floor":19,"turns":6},{"damage":26,"enemies":"Colosseum Slavers","floor":21,"turns":4},{"damage":39,"enemies":"Slavers","floor":24,"turns":3}],"seed_played":"5275269662825431097","potions_obtained":[{"floor":1,"key":"Block Potion"},{"floor":10,"key":"Energy Potion"},{"floor":12,"key":"LiquidBronze"},{"floor":14,"key":"SpeedPotion"},{"floor":18,"key":"Poison Potion"}],"is_trial":false,"path_per_floor":["M","T","?","?","$","R","E","R","T","M","E","M","M","E","R","B",null,"M","M","?","?","?","R","E"],"character_chosen":"IRONCLAD","items_purchased":["Uppercut"],"campfire_rested":0,"item_purchase_floors":[5],"current_hp_per_floor":[52,52,52,52,52,52,33,33,33,35,29,35,38,37,37,40,70,76,69,53,33,33,33,0],"gold":319,"neow_bonus":"ONE_RARE_RELIC","is_prod":false,"is_daily":false,"chose_seed":false,"campfire_upgraded":2,"win_rate":0,"timestamp":1550252117,"path_taken":["M","?","?","?","$","R","E","R","T","M","E","M","?","E","R","BOSS","M","M","?","?","?","R","E"],"build_version":"2019-01-23","purchased_purges":0,"victory":false,"max_hp_per_floor":[80,80,80,80,80,80,80,80,80,80,80,80,80,80,80,80,80,80,80,80,80,80,80,80],"card_choices":[{"not_picked":["Armaments","Blood for Blood"],"picked":"Twin Strike","floor":1},{"not_picked":["Combust","Rampage","Searing Blow"],"picked":"SKIP","floor":7},{"not_picked":["Sever Soul","Clothesline","Heavy Blade"],"picked":"SKIP","floor":10},{"not_picked":["Sword Boomerang","Sever Soul","Clothesline"],"picked":"SKIP","floor":11},{"not_picked":["Heavy Blade","Ghostly Armor"],"picked":"Shrug It Off","floor":12},{"not_picked":["Warcry","Clothesline"],"picked":"Disarm","floor":13},{"not_picked":["Blood for Blood","Burning Pact","Sword Boomerang"],"picked":"SKIP","floor":14},{"not_picked":["Berserk","Offering"],"picked":"Double Tap","floor":16},{"not_picked":["Reckless Charge","Clothesline","Wild Strike"],"picked":"SKIP","floor":18},{"not_picked":["Pommel Strike","Wild Strike+1"],"picked":"Disarm","floor":19}],"player_experience":78875,"relics_obtained":[{"floor":2,"key":"Paper Frog"},{"floor":7,"key":"Kunai"},{"floor":8,"key":"PreservedInsect"},{"floor":9,"key":"Ancient Tea Set"},{"floor":11,"key":"Regal Pillow"},{"floor":14,"key":"Orichalcum"},{"floor":20,"key":"Enchiridion"},{"floor":23,"key":"Art of War"}],"event_choices":[{"damage_healed":0,"gold_gain":0,"player_choice":"Grow","damage_taken":0,"max_hp_gain":0,"max_hp_loss":0,"event_name":"Living Wall","floor":3,"gold_loss":0,"cards_upgraded":["Bash"]},{"cards_removed":["Strike_R"],"damage_healed":0,"gold_gain":0,"player_choice":"Purged","damage_taken":0,"max_hp_gain":0,"max_hp_loss":0,"event_name":"Purifier","floor":4,"gold_loss":0},{"damage_healed":0,"gold_gain":0,"player_choice":"Obtained Book","damage_taken":16,"max_hp_gain":0,"max_hp_loss":0,"event_name":"Cursed Tome","floor":20,"gold_loss":0},{"damage_healed":0,"gold_gain":0,"player_choice":"Fight","damage_taken":0,"max_hp_gain":0,"max_hp_loss":0,"event_name":"Colosseum","floor":21,"gold_loss":0},{"damage_healed":0,"gold_gain":0,"player_choice":"Fled From Nobs","damage_taken":0,"max_hp_gain":0,"max_hp_loss":0,"event_name":"Colosseum","floor":21,"gold_loss":0},{"damage_healed":0,"gold_gain":0,"player_choice":"Trade","damage_taken":0,"relics_obtained":["GremlinMask"],"max_hp_gain":0,"max_hp_loss":0,"event_name":"FaceTrader","floor":22,"gold_loss":0}],"is_beta":false,"boss_relics":[{"not_picked":["White Beast Statue","Runic Dome"],"picked":"Astrolabe"}],"items_purged_floors":[],"is_endless":false,"potions_floor_spawned":[1,10,12,14,18],"killed_by":"Slavers","ascension_level":5}