{"gold_per_floor":[109,128,39,50,50,50,63,97,145,157,185,185],"floor_reached":12,"playtime":868,"items_purged":[],"score":80,"play_id":"3b0b6beb-967e-42ce-8b1b-5dd1e0905d6b","local_time":"20190824111011","is_ascension_mode":false,"campfire_choices":[{"data":"Armaments","floor":6,"key":"SMITH"}],"neow_cost":"NONE","seed_source_timestamp":51648299968037,"circlet_count":0,"master_deck":["Strike_R","Strike_R","Strike_R","Strike_R","Strike_R","Defend_R","Defend_R","Defend_R","Defend_R","Bash","Feel No Pain","Blood for Blood","Armaments+1","Shockwave","Armaments","Regret","Flex+1","Uppercut","Warcry+1","Sever Soul"],"relics":["Eternal Feather","Toxic Egg 2","Potion Belt","Ancient Tea Set","Odd Mushroom"],"potions_floor_usage":[8,11],"damage_taken":[{"damage":18,"enemies":"Jaw Worm","floor":1,"turns":7},{"damage":12,"enemies":"2 Louse","floor":2,"turns":5},{"damage":0,"enemies":"Small Slimes","floor":4,"turns":6},{"damage":10,"enemies":"Exordium Thugs","floor":7,"turns":5},{"damage":15,"enemies":"3 Sentries","floor":8,"turns":6},{"damage":7,"enemies":"Blue Slaver","floor":10,"turns":5},{"damage":24,"enemies":"The Mushroom Lair","floor":11,"turns":5}],"seed_played":"963903720815206592","potions_obtained":[{"floor":7,"key":"SkillPotion"},{"floor":8,"key":"Fire Potion"},{"floor":10,"key":"PowerPotion"},{"floor":11,"key":"SteroidPotion"}],"is_trial":false,"path_per_floor":["M","M","$","M","?","R","M","E","T","M","?","?"],"character_chosen":"IRONCLAD","items_purchased":["Armaments","Shockwave"],"campfire_rested":0,"item_purchase_floors":[3,3],"current_hp_per_floor":[62,50,50,50,50,59,49,34,34,27,3,0],"gold":185,"neow_bonus":"BOSS_RELIC","is_prod":false,"is_daily":false,"chose_seed":false,"campfire_upgraded":1,"win_rate":0.0,"timestamp":1566637811,"path_taken":["M","M","$","M","?","R","M","E","T","M","?","?"],"build_version":"2019-06-28","purchased_purges":0,"victory":false,"max_hp_per_floor":[80,80,80,80,80,80,80,80,80,80,80,80],"card_choices":[{"not_picked":["Shrug It Off","Reckless Charge"],"picked":"Feel No Pain","floor":1},{"not_picked":["Thunderclap","Heavy Blade"],"picked":"Blood for Blood","floor":2},{"not_picked":["True Grit","Hemokinesis"],"picked":"Armaments","floor":4},{"not_picked":["Headbutt","Body Slam"],"picked":"Flex+1","floor":7},{"not_picked":["Limit Break+1","Rupture"],"picked":"Uppercut","floor":8},{"not_picked":["Bloodletting+1","Heavy Blade"],"picked":"Warcry+1","floor":10},{"not_picked":["Iron Wave","Shrug It Off+1"],"picked":"Sever Soul","floor":11}],"player_experience":22488,"relics_obtained":[{"floor":8,"key":"Potion Belt"},{"floor":9,"key":"Ancient Tea Set"},{"floor":11,"key":"Odd Mushroom"}],"event_choices":[{"damage_healed":0,"gold_gain":0,"player_choice":"Box","damage_taken":0,"relics_obtained":["Toxic Egg 2"],"max_hp_gain":0,"max_hp_loss":0,"event_name":"Big Fish","floor":5,"gold_loss":0,"cards_obtained":["Regret"]},{"damage_healed":0,"gold_gain":0,"player_choice":"Fought Mushrooms","damage_taken":0,"max_hp_gain":0,"max_hp_loss":0,"event_name":"Mushrooms","floor":11,"gold_loss":0}],"is_beta":true,"boss_relics":[],"items_purged_floors":[],"is_endless":false,"potions_floor_spawned":[7,8,10,11],"ascension_level":0}