{"gold_per_floor":[113,113,263,47,122,122,155,155,201,201,215,246,246,259,259,330,330,343,358,358],"floor_reached":20,"playtime":760,"items_purged":[],"score":342,"play_id":"0427cb5c-57f9-4374-9b81-6185dd5954cf","local_time":"20190506223645","is_ascension_mode":true,"campfire_choices":[{"data":"Neutralize","floor":6,"key":"SMITH"},{"floor":8,"key":"REST"},{"data":"Skewer","floor":10,"key":"SMITH"},{"data":"PiercingWail","floor":15,"key":"SMITH"}],"neow_cost":"TEN_PERCENT_HP_LOSS","seed_source_timestamp":2263260302006924,"circlet_count":0,"master_deck":["AscendersBane","Defend_G","Defend_G","Defend_G","Defend_G+1","Defend_G","Strike_G","Strike_G","Strike_G","Strike_G","Strike_G","Survivor+1","Neutralize+1","After Image","PiercingWail+1","Skewer+1","A Thousand Cuts","Finisher","Cloak And Dagger"],"relics":["Ring of the Snake","Bottled Tornado","Medical Kit","War Paint","Regal Pillow","Bottled Flame","Sozu"],"potions_floor_usage":[7,12,16,16],"damage_taken":[{"damage":1,"enemies":"Cultist","floor":1,"turns":6},{"damage":32,"enemies":"Gremlin Nob","floor":7,"turns":6},{"damage":0,"enemies":"Small Slimes","floor":11,"turns":6},{"damage":19,"enemies":"3 Sentries","floor":12,"turns":10},{"damage":0,"enemies":"Jaw Worm","floor":14,"turns":4},{"damage":5,"enemies":"Hexaghost","floor":16,"turns":20},{"damage":6,"enemies":"Shell Parasite","floor":18,"turns":10},{"damage":31,"enemies":"3 Byrds","floor":19,"turns":7},{"damage":14,"enemies":"Snake Plant","floor":20,"turns":2}],"seed_played":"6728009120999259127","potions_obtained":[{"floor":1,"key":"Poison Potion"},{"floor":7,"key":"Poison Potion"},{"floor":11,"key":"AttackPotion"},{"floor":14,"key":"GamblersBrew"}],"is_trial":false,"path_per_floor":["M","T","?","$","?","R","E","R","T","R","M","E","?","M","R","B",null,"M","M","M"],"character_chosen":"THE_SILENT","items_purchased":["Medical Kit"],"campfire_rested":1,"item_purchase_floors":[4],"current_hp_per_floor":[58,58,58,58,47,47,15,33,33,33,33,14,14,14,14,9,47,41,10,0],"gold":358,"neow_bonus":"THREE_RARE_CARDS","is_prod":false,"is_daily":false,"chose_seed":false,"campfire_upgraded":3,"win_rate":0,"timestamp":1557196605,"path_taken":["M","?","?","$","?","R","E","R","T","R","M","E","?","?","R","BOSS","M","M","M"],"build_version":"2019-01-23","purchased_purges":0,"victory":false,"max_hp_per_floor":[60,60,60,60,60,60,60,60,60,60,60,60,60,60,60,60,60,60,60,60],"card_choices":[{"not_picked":["Bullet Time","Tools of the Trade"],"picked":"After Image","floor":0},{"not_picked":["Tactician","Slice"],"picked":"PiercingWail","floor":1},{"not_picked":["Bouncing Flask","Tactician"],"picked":"Skewer","floor":7},{"not_picked":["Choke","Acrobatics","Slice"],"picked":"SKIP","floor":11},{"not_picked":["Outmaneuver","Riddle With Holes","Tactician"],"picked":"SKIP","floor":12},{"not_picked":["Catalyst","Accuracy","Deflect"],"picked":"SKIP","floor":14},{"not_picked":["Unload","Phantasmal Killer"],"picked":"A Thousand Cuts","floor":16},{"not_picked":["Skewer","Dash"],"picked":"Finisher","floor":18},{"not_picked":["Dagger Spray","Accuracy"],"picked":"Cloak And Dagger","floor":19}],"player_experience":335676,"relics_obtained":[{"floor":2,"key":"Bottled Tornado"},{"floor":7,"key":"War Paint"},{"floor":9,"key":"Regal Pillow"},{"floor":12,"key":"Bottled Flame"}],"event_choices":[{"damage_healed":0,"gold_gain":150,"player_choice":"AGREE","damage_taken":0,"max_hp_gain":0,"max_hp_loss":0,"event_name":"Liars Game","floor":3,"gold_loss":0,"cards_obtained":["Doubt"]},{"damage_healed":0,"gold_gain":75,"player_choice":"Gather Gold","damage_taken":11,"max_hp_gain":0,"max_hp_loss":0,"event_name":"World of Goop","floor":5,"gold_loss":0},{"cards_removed":["Doubt"],"damage_healed":0,"gold_gain":0,"player_choice":"Removed Curses","damage_taken":0,"max_hp_gain":0,"max_hp_loss":0,"event_name":"Fountain of Cleansing","floor":13,"gold_loss":0}],"is_beta":false,"boss_relics":[{"not_picked":["Velvet Choker","Runic Dome"],"picked":"Sozu"}],"items_purged_floors":[],"is_endless":false,"potions_floor_spawned":[1,7,11,14,18],"killed_by":"Snake Plant","ascension_level":18}