{"gold_per_floor":[118,83,96,106,87,87,107,140,140,169,169,169,169,116,116,116],"floor_reached":16,"playtime":836,"items_purged":[],"score":138,"play_id":"fd9576a1-42a5-4fa1-a571-dc6818579374","local_time":"20190813211427","is_ascension_mode":true,"campfire_choices":[{"floor":6,"key":"REST"},{"floor":11,"key":"REST"},{"data":"Genetic Algorithm","floor":15,"key":"SMITH"}],"neow_cost":"NONE","seed_source_timestamp":90145202535130,"circlet_count":0,"master_deck":["Strike_B","Strike_B","Strike_B","Strike_B","Defend_B","Defend_B","Defend_B","Defend_B","Zap+1","Dualcast","Capacitor","Gash","Leap","Storm","Leap","Genetic Algorithm+1","Skim+1","Leap+1"],"relics":["Cracked Core","Bottled Lightning","Toxic Egg 2","Gambling Chip"],"potions_floor_usage":[10,10,10],"damage_taken":[{"damage":7,"enemies":"Small Slimes","floor":1,"turns":3},{"damage":2,"enemies":"2 Louse","floor":3,"turns":3},{"damage":1,"enemies":"Cultist","floor":4,"turns":3},{"damage":21,"enemies":"Exordium Thugs","floor":5,"turns":6},{"damage":12,"enemies":"Red Slaver","floor":7,"turns":4},{"damage":23,"enemies":"Lagavulin","floor":8,"turns":7},{"damage":22,"enemies":"Gremlin Nob","floor":10,"turns":5},{"damage":61,"enemies":"Slime Boss","floor":16,"turns":8}],"seed_played":"-1788607098079352375","potions_obtained":[{"floor":1,"key":"SkillPotion"},{"floor":7,"key":"Fire Potion"},{"floor":8,"key":"SpeedPotion"}],"is_trial":false,"path_per_floor":["M","$","M","M","M","R","M","E","T","E","R","?","?","$","R","B"],"character_chosen":"DEFECT","items_purchased":["Capacitor","Leap+1"],"campfire_rested":2,"item_purchase_floors":[2,14],"current_hp_per_floor":[68,68,66,65,44,66,54,31,31,9,31,56,56,56,56,0],"gold":116,"neow_bonus":"UPGRADE_CARD","is_prod":false,"is_daily":false,"chose_seed":false,"campfire_upgraded":1,"win_rate":0,"timestamp":1565745267,"path_taken":["M","$","M","M","M","R","M","E","T","E","R","?","?","$","R","BOSS"],"build_version":"2019-07-17","purchased_purges":0,"victory":false,"max_hp_per_floor":[75,75,75,75,75,75,75,75,75,75,75,75,75,75,75,75],"card_choices":[{"not_picked":["BootSequence","Barrage","Reinforced Body"],"picked":"SKIP","floor":1},{"not_picked":["Reinforced Body","Aggregate"],"picked":"Gash","floor":3},{"not_picked":["Doom and Gloom","Sweeping Beam"],"picked":"Leap","floor":4},{"not_picked":["Reprogram","Hello World"],"picked":"Storm","floor":5},{"not_picked":["Go for the Eyes","Chill"],"picked":"Leap","floor":7},{"not_picked":["Redo","Barrage"],"picked":"Genetic Algorithm","floor":8},{"not_picked":["Chaos+1","Echo Form"],"picked":"Skim+1","floor":10}],"player_experience":190480,"relics_obtained":[{"floor":8,"key":"Bottled Lightning"},{"floor":9,"key":"Toxic Egg 2"},{"floor":10,"key":"Gambling Chip"}],"event_choices":[{"damage_healed":25,"gold_gain":0,"player_choice":"Banana","damage_taken":0,"max_hp_gain":0,"max_hp_loss":0,"event_name":"Big Fish","floor":12,"gold_loss":0},{"damage_healed":0,"gold_gain":0,"player_choice":"Searched \u00270\u0027 times","damage_taken":0,"max_hp_gain":0,"max_hp_loss":0,"event_name":"Dead Adventurer","floor":13,"gold_loss":0}],"is_beta":false,"boss_relics":[],"items_purged_floors":[],"is_endless":false,"potions_floor_spawned":[1,7,8],"killed_by":"Slime Boss","ascension_level":5}