{"gold_per_floor":[118,129,129,144,157,157,187,187,187,36,51,0,12,12,12,88,138,154,42,42,53,0,0],"floor_reached":23,"playtime":612,"items_purged":["Strike_B"],"score":402,"play_id":"5710fe52-6856-4c7c-8428-ced618148d25","local_time":"20190714004545","is_ascension_mode":true,"campfire_choices":[{"data":"Barrage","floor":6.0,"key":"SMITH"},{"data":"Coolheaded","floor":8,"key":"SMITH"},{"data":"Chaos","floor":15,"key":"SMITH"}],"neow_cost":"NONE","seed_source_timestamp":25167999139839,"circlet_count":0,"master_deck":["AscendersBane","Strike_B","Strike_B","Strike_B","Defend_B","Defend_B","Defend_B","Defend_B","Zap+1","Dualcast","Coolheaded+1","Capacitor","Barrage+1","Coolheaded","Chaos+1","Core Surge","Self Repair","Ball Lightning","Sweeping Beam+1","Amplify","Undo","Defragment","Ball Lightning","Redo+1"],"special_seed":0,"relics":["Cracked Core","Matryoshka","Orichalcum","Regal Pillow","Tiny House","Enchiridion"],"potions_floor_usage":[11,14,21,23],"damage_taken":[{"damage":1.0,"enemies":"Cultist","floor":1.0,"turns":3.0},{"damage":3.0,"enemies":"Jaw Worm","floor":2.0,"turns":4.0},{"damage":0.0,"enemies":"2 Louse","floor":4.0,"turns":2.0},{"damage":12.0,"enemies":"Exordium Wildlife","floor":5.0,"turns":5.0},{"damage":11.0,"enemies":"Lagavulin","floor":7.0,"turns":5.0},{"damage":3,"enemies":"Gremlin Gang","floor":11,"turns":5},{"damage":9,"enemies":"Lots of Slimes","floor":13,"turns":5},{"damage":0,"enemies":"3 Sentries","floor":14,"turns":1},{"damage":31,"enemies":"The Guardian","floor":16,"turns":11},{"damage":28,"enemies":"2 Thieves","floor":18,"turns":4},{"damage":14,"enemies":"Spheric Guardian","floor":21,"turns":4},{"damage":5,"enemies":"Book of Stabbing","floor":23,"turns":2}],"seed_played":"7832821545331606175","potions_obtained":[{"floor":1.0,"key":"Fire Potion"},{"floor":5.0,"key":"Poison Potion"},{"floor":7,"key":"Poison Potion"},{"floor":13,"key":"SmokeBomb"},{"floor":17,"key":"FocusPotion"},{"floor":18,"key":"Weak Potion"}],"is_trial":false,"path_per_floor":["M","M","T","M","M","R","E","R","T","$","M","$","M","E","R","B",null,"M","$","?","M","?","E"],"character_chosen":"DEFECT","items_purchased":["Core Surge","Ball Lightning","Defragment","Ball Lightning"],"campfire_rested":0,"item_purchase_floors":[10,12,19,19],"current_hp_per_floor":[63,60,60,60,48,48,37,37,37,37,34,34,32,32,32,8,60,39,39,18,4,4,0],"gold":0,"neow_bonus":"UPGRADE_CARD","is_prod":false,"is_daily":false,"chose_seed":false,"campfire_upgraded":3,"win_rate":0,"timestamp":1563079545,"path_taken":["M","M","?","M","M","R","E","R","T","$","M","$","M","E","R","BOSS","M","$","?","M","?","E"],"build_version":"2019-07-05","purchased_purges":1,"victory":false,"max_hp_per_floor":[71,71,71,71,71,71,71,71,71,71,71,71,71,71,71,71,76,76,76,76,76,76,76],"card_choices":[{"not_picked":["Undo","Turbo"],"picked":"Coolheaded","floor":1.0},{"not_picked":["Hologram","Beam Cell"],"picked":"Capacitor","floor":2.0},{"not_picked":["Skim","Meteor Strike"],"picked":"Barrage","floor":4.0},{"not_picked":["Leap","Static Discharge"],"picked":"Coolheaded","floor":5.0},{"not_picked":["Rebound","Hello World"],"picked":"Chaos","floor":7},{"not_picked":["Barrage","Hologram"],"picked":"Self Repair","floor":11},{"not_picked":["Amplify","Force Field"],"picked":"Sweeping Beam","floor":13},{"not_picked":["Reboot","Machine Learning"],"picked":"Amplify","floor":16},{"not_picked":["Hologram","Darkness"],"picked":"Undo","floor":17},{"not_picked":["Steam","Double Energy","Beam Cell"],"picked":"SKIP","floor":18},{"not_picked":["Melter","Hologram"],"picked":"Redo+1","floor":21}],"player_experience":517892,"relics_obtained":[{"floor":3.0,"key":"Matryoshka"},{"floor":9,"key":"Orichalcum"},{"floor":9,"key":"Regal Pillow"},{"floor":20,"key":"Enchiridion"}],"event_choices":[{"damage_healed":0,"gold_gain":0,"player_choice":"Obtained Book","damage_taken":21,"max_hp_gain":0,"max_hp_loss":0,"event_name":"Cursed Tome","floor":20,"gold_loss":0},{"damage_healed":0,"gold_gain":0,"player_choice":"Paid Fearfully","damage_taken":0,"max_hp_gain":0,"max_hp_loss":0,"event_name":"Masked Bandits","floor":22,"gold_loss":53}],"is_beta":false,"boss_relics":[{"not_picked":["Coffee Dripper","Runic Dome"],"picked":"Tiny House"}],"items_purged_floors":[10],"is_endless":false,"potions_floor_spawned":[1,5,7,13,18],"killed_by":"Book of Stabbing","ascension_level":20}