{"gold_per_floor":[367,76,91,101,113,113,145,145,145,145,180,196,196,211,211,310,310,330,345,357,376,394,421,421,421,421,441,455,455,468,468,468,570,570,587,599,599,599,614,624,644,663,745,761,34,34,53,68,68,68],"floor_reached":51,"playtime":1689,"items_purged":["Strike_R"],"score":891,"play_id":"3dada416-8959-4441-a2be-ebc35337b4b8","local_time":"20190902035236","is_ascension_mode":false,"campfire_choices":[{"data":"Armaments","floor":6.0,"key":"SMITH"},{"data":"Flex","floor":8.0,"key":"SMITH"},{"data":"Flex","floor":10.0,"key":"SMITH"},{"data":"Heavy Blade","floor":13,"key":"SMITH"},{"data":"Heavy Blade","floor":15,"key":"SMITH"},{"floor":25,"key":"REST"},{"data":"Limit Break","floor":29,"key":"SMITH"},{"data":"Inflame","floor":32,"key":"SMITH"},{"floor":46,"key":"REST"},{"floor":49,"key":"REST"}],"neow_cost":"TEN_PERCENT_HP_LOSS","seed_source_timestamp":245807441595,"circlet_count":0,"master_deck":["Strike_R","Defend_R","Defend_R","Defend_R","Defend_R","Bash","Sword Boomerang","Flex+1","Armaments+1","Offering","Metallicize","Battle Trance","Flex+1","Shrug It Off","Heavy Blade+1","Heavy Blade+1","True Grit","Twin Strike","Clash","Offering","Shrug It Off","Spot Weakness","Inflame+1","Ghostly Armor+1","Uppercut+1","Infernal Blade","Limit Break+1","Evolve","Heavy Blade","Shrug It Off","Headbutt","Rage","Sword Boomerang","Flex+1","Body Slam","Headbutt","Iron Wave+1","Infernal Blade","Metallicize+1","Limit Break+1","Burning Pact+1","Headbutt+1","Shockwave+1","Sever Soul","Discovery","Dark Shackles","Blind","Shrug It Off","Shockwave","Headbutt","Brutality+1","Shrug It Off","Limit Break","Inflame+1","Havoc","Heavy Blade","Heavy Blade","Bludgeon","Spot Weakness+1","Thunderclap+1","Heavy Blade","Shockwave+1"],"special_seed":0,"relics":["Burning Blood","Prayer Wheel","Orichalcum","Blue Candle","Mango","Mark of Pain","Happy Flower","Frozen Egg 2","Snecko Eye","Ornamental Fan","Bottled Tornado","Strange Spoon"],"potions_floor_usage":[16,41,42,50,50,50],"damage_taken":[{"damage":5.0,"enemies":"Jaw Worm","floor":1.0,"turns":5.0},{"damage":0.0,"enemies":"Small Slimes","floor":3.0,"turns":3.0},{"damage":0.0,"enemies":"Cultist","floor":4.0,"turns":4.0},{"damage":6.0,"enemies":"Looter","floor":5.0,"turns":1.0},{"damage":35.0,"enemies":"Gremlin Nob","floor":7.0,"turns":4.0},{"damage":6,"enemies":"Lagavulin","floor":11,"turns":4},{"damage":6,"enemies":"Exordium Thugs","floor":12,"turns":3},{"damage":0,"enemies":"Large Slime","floor":14,"turns":3},{"damage":37,"enemies":"The Guardian","floor":16,"turns":11},{"damage":6,"enemies":"Spheric Guardian","floor":18,"turns":3},{"damage":7,"enemies":"Chosen","floor":19,"turns":3},{"damage":20,"enemies":"Snake Plant","floor":20,"turns":2},{"damage":16,"enemies":"Cultist and Chosen","floor":21,"turns":5},{"damage":13,"enemies":"Centurion and Healer","floor":22,"turns":6},{"damage":12,"enemies":"Gremlin Leader","floor":23,"turns":6},{"damage":7,"enemies":"Chosen and Byrds","floor":27,"turns":4},{"damage":7,"enemies":"3 Cultists","floor":28,"turns":4},{"damage":18,"enemies":"Centurion and Healer","floor":30,"turns":3},{"damage":18,"enemies":"Collector","floor":33,"turns":5},{"damage":4,"enemies":"3 Shapes","floor":35,"turns":3},{"damage":0,"enemies":"Orb Walker","floor":36,"turns":3},{"damage":6,"enemies":"4 Shapes","floor":39,"turns":5},{"damage":18,"enemies":"Writhing Mass","floor":40,"turns":4},{"damage":3,"enemies":"Jaw Worm Horde","floor":41,"turns":3},{"damage":8,"enemies":"Transient","floor":42,"turns":5},{"damage":28,"enemies":"Maw","floor":44,"turns":6},{"damage":3,"enemies":"3 Darklings","floor":47,"turns":4},{"damage":0,"enemies":"Transient","floor":48,"turns":5},{"damage":59,"enemies":"Donu and Deca","floor":50,"turns":5}],"seed_played":"3598403995163959340","potions_obtained":[{"floor":3.0,"key":"SpeedPotion"},{"floor":5.0,"key":"SkillPotion"},{"floor":7.0,"key":"GamblersBrew"},{"floor":14,"key":"Weak Potion"},{"floor":20,"key":"SneckoOil"},{"floor":21,"key":"LiquidBronze"},{"floor":23,"key":"SteroidPotion"},{"floor":39,"key":"Regen Potion"},{"floor":41,"key":"Fire Potion"}],"is_trial":false,"path_per_floor":["M","$","M","M","M","R","E","R","T","R","E","M","R","M","R","B",null,"M","M","M","M","M","E","?","R","T","M","M","R","M","?","R","B",null,"M","M","?","?","M","M","M","M","T","M","$","R","M","M","R","B",null],"character_chosen":"IRONCLAD","items_purchased":["Prayer Wheel","Bottled Tornado","SteroidPotion","Bludgeon","Strange Spoon"],"campfire_rested":3,"item_purchase_floors":[2,45,45,45,45],"current_hp_per_floor":[72,72,72,72,72,72,43,43,43,43,57,57,57,63,63,32,86,86,85,71,61,54,48,48,73,73,72,71,71,59,59,59,47,86,86,86,76,76,76,64,67,65,65,43,43,68,71,77,86,45],"gold":68,"neow_bonus":"TWO_FIFTY_GOLD","is_prod":false,"is_daily":false,"chose_seed":false,"campfire_upgraded":7,"win_rate":0,"timestamp":1567417956,"path_taken":["M","$","M","M","M","R","E","R","T","R","E","M","R","M","R","BOSS","M","M","M","M","M","E","?","R","T","M","M","R","M","?","R","BOSS","M","M","?","?","M","M","M","M","T","M","$","R","M","M","R","BOSS"],"build_version":"2019-07-17","purchased_purges":1,"victory":true,"max_hp_per_floor":[72,72,72,72,72,72,72,72,72,72,86,86,86,86,86,86,86,86,86,86,86,86,86,86,86,86,86,86,86,86,86,86,86,86,86,86,86,86,86,86,86,86,86,86,86,86,86,86,86,86],"card_choices":[{"not_picked":["Armaments","Rage"],"picked":"Sword Boomerang","floor":1.0},{"not_picked":["Rampage","Perfected Strike"],"picked":"Flex","floor":3.0},{"not_picked":["Thunderclap","Pommel Strike"],"picked":"Armaments","floor":3.0},{"not_picked":["Clothesline","Perfected Strike"],"picked":"Offering","floor":4.0},{"not_picked":["Body Slam","Disarm"],"picked":"Metallicize","floor":4.0},{"not_picked":["Seeing Red","Body Slam"],"picked":"Battle Trance","floor":5.0},{"not_picked":["Body Slam","Anger"],"picked":"Flex","floor":5.0},{"not_picked":["Bloodletting","Brutality"],"picked":"Shrug It Off","floor":7.0},{"not_picked":["Feel No Pain","True Grit"],"picked":"Heavy Blade","floor":11},{"not_picked":["Clothesline","Feel No Pain"],"picked":"Heavy Blade","floor":12},{"not_picked":["Perfected Strike","Rupture"],"picked":"True Grit","floor":12},{"not_picked":["Havoc","Sever Soul"],"picked":"Twin Strike","floor":14},{"not_picked":["Warcry","Blood for Blood"],"picked":"Clash","floor":14},{"not_picked":["Impervious","Bludgeon"],"picked":"Offering","floor":16},{"not_picked":["Intimidate","Twin Strike"],"picked":"Shrug It Off","floor":18},{"not_picked":["Armaments","Wild Strike"],"picked":"Spot Weakness","floor":18},{"not_picked":["Battle Trance","Entrench"],"picked":"Inflame","floor":19},{"not_picked":["Warcry","Rupture"],"picked":"Ghostly Armor+1","floor":19},{"not_picked":["Wild Strike","Shrug It Off"],"picked":"Uppercut+1","floor":20},{"not_picked":["Pommel Strike","Dropkick"],"picked":"Infernal Blade","floor":20},{"not_picked":["Anger+1","Havoc"],"picked":"Limit Break","floor":21},{"not_picked":["Anger","Cleave"],"picked":"Evolve","floor":21},{"not_picked":["Bloodletting","Shrug It Off"],"picked":"Heavy Blade","floor":22},{"not_picked":["True Grit","Iron Wave"],"picked":"Shrug It Off","floor":22},{"not_picked":["Shrug It Off","Offering"],"picked":"Headbutt","floor":23},{"not_picked":["Cleave","Twin Strike"],"picked":"Flex+1","floor":27},{"not_picked":["Perfected Strike","Hemokinesis"],"picked":"Body Slam","floor":27},{"not_picked":["Pommel Strike","Anger"],"picked":"Headbutt","floor":28},{"not_picked":["Thunderclap","Brutality+1"],"picked":"Iron Wave+1","floor":28},{"not_picked":["Cleave","Rupture+1"],"picked":"Infernal Blade","floor":30},{"not_picked":["Shrug It Off","Sever Soul"],"picked":"Metallicize+1","floor":30},{"not_picked":["Juggernaut+1","Double Tap"],"picked":"Limit Break","floor":33},{"not_picked":["Havoc","Sentinel+1"],"picked":"Burning Pact+1","floor":35},{"not_picked":["Perfected Strike","Armaments"],"picked":"Headbutt+1","floor":35},{"not_picked":["Clothesline","Carnage+1"],"picked":"Shockwave+1","floor":36},{"not_picked":["Rupture+1","Fire Breathing+1"],"picked":"Sever Soul","floor":36},{"not_picked":["Jack Of All Trades","Secret Weapon"],"picked":"Discovery","floor":37},{"not_picked":["Jack Of All Trades","PanicButton"],"picked":"Dark Shackles","floor":37},{"not_picked":["Swift Strike","Flash of Steel"],"picked":"Blind","floor":37},{"not_picked":["True Grit","Sword Boomerang+1"],"picked":"Shrug It Off","floor":39},{"not_picked":["Clash+1","Headbutt"],"picked":"Shockwave","floor":39},{"not_picked":["Body Slam","Intimidate+1"],"picked":"Headbutt","floor":40},{"not_picked":["Seeing Red+1","Flex"],"picked":"Brutality+1","floor":40},{"not_picked":["Cleave","Clash"],"picked":"Shrug It Off","floor":41},{"not_picked":["Sentinel","Evolve+1"],"picked":"Limit Break","floor":41},{"not_picked":["Shrug It Off","Combust+1"],"picked":"Inflame+1","floor":42},{"not_picked":["Anger","Warcry+1"],"picked":"Havoc","floor":42},{"not_picked":["Armaments+1","Fire Breathing+1"],"picked":"Heavy Blade","floor":44},{"not_picked":["Pommel Strike","Twin Strike+1"],"picked":"Heavy Blade","floor":44},{"not_picked":["Sever Soul","Clash+1"],"picked":"Spot Weakness+1","floor":47},{"not_picked":["Rampage","Bloodletting+1"],"picked":"Thunderclap+1","floor":47},{"not_picked":["Anger","Cleave+1"],"picked":"Heavy Blade","floor":48},{"not_picked":["Shrug It Off","Flex"],"picked":"Shockwave+1","floor":48}],"player_experience":1706147,"relics_obtained":[{"floor":7.0,"key":"Orichalcum"},{"floor":9.0,"key":"Blue Candle"},{"floor":11,"key":"Mango"},{"floor":23,"key":"Happy Flower"},{"floor":26,"key":"Frozen Egg 2"},{"floor":43,"key":"Ornamental Fan"}],"event_choices":[{"damage_healed":0,"gold_gain":0,"cards_transformed":["Strike_R","Strike_R"],"player_choice":"Became Test Subject","damage_taken":0,"max_hp_gain":0,"max_hp_loss":0,"event_name":"Drug Dealer","floor":24,"gold_loss":0,"cards_obtained":["Rage","Sword Boomerang"]},{"cards_removed":["Strike_R"],"damage_healed":0,"gold_gain":0,"player_choice":"Purged","damage_taken":0,"max_hp_gain":0,"max_hp_loss":0,"event_name":"Purifier","floor":31,"gold_loss":0},{"damage_healed":0,"gold_gain":0,"player_choice":"Memory 3","damage_taken":10,"max_hp_gain":0,"max_hp_loss":0,"event_name":"SensoryStone","floor":37,"gold_loss":0},{"damage_healed":0,"gold_gain":0,"player_choice":"Upgraded","damage_taken":0,"max_hp_gain":0,"max_hp_loss":0,"event_name":"Upgrade Shrine","floor":38,"gold_loss":0,"cards_upgraded":["Limit Break"]}],"is_beta":false,"boss_relics":[{"not_picked":["Runic Pyramid","Fusion Hammer"],"picked":"Mark of Pain"},{"not_picked":["Runic Dome","White Beast Statue"],"picked":"Snecko Eye"}],"items_purged_floors":[45],"is_endless":false,"potions_floor_spawned":[3,5,7,14,20,21,22,23,30,33,35,39,40,41],"ascension_level":0}