{"gold_per_floor":[134,134,134,149,184,234,246,258,325,412,464,162,202,242,242,367,367,377,827,842,269,269],"floor_reached":22,"playtime":1729,"items_purged":["Zap"],"score":211,"play_id":"3bbcaeba-576d-4689-853b-a9d228094f1f","local_time":"20190811042623","daily_mods":["Allstar","Flight","Elite Swarm"],"is_ascension_mode":false,"campfire_choices":[{"data":"HandOfGreed","floor":7,"key":"SMITH"},{"floor":15,"key":"REST"}],"neow_cost":"","seed_source_timestamp":65902323159583,"circlet_count":0,"master_deck":["Strike_B","Strike_B","Strike_B","Strike_B","Defend_B","Defend_B+1","Defend_B+1","Defend_B","Dualcast","Secret Weapon","Master of Strategy","HandOfGreed+1","Metamorphosis","Good Instincts","Aggregate","Leap","Static Discharge","Amplify","Ball Lightning","Master of Strategy","Doom and Gloom","Genetic Algorithm","Machine Learning","Barrage","Leap","Stack","Capacitor"],"special_seed":18118,"relics":["Cracked Core","PreservedInsect","MawBank","Matryoshka","Tiny Chest","War Paint","Anchor","Gremlin Horn","Boot"],"potions_floor_usage":[6,6,6,6,16,16,22,22],"damage_taken":[{"damage":2,"enemies":"Small Slimes","floor":1,"turns":4},{"damage":0,"enemies":"2 Louse","floor":4,"turns":1},{"damage":1,"enemies":"Cultist","floor":5,"turns":3},{"damage":10,"enemies":"3 Sentries","floor":6,"turns":7},{"damage":8,"enemies":"Exordium Thugs","floor":11,"turns":5},{"damage":0,"enemies":"Blue Slaver","floor":13,"turns":4},{"damage":28,"enemies":"Gremlin Gang","floor":14,"turns":5},{"damage":12,"enemies":"Hexaghost","floor":16,"turns":10},{"damage":18,"enemies":"2 Thieves","floor":18,"turns":4},{"damage":10,"enemies":"Shell Parasite","floor":20,"turns":6},{"damage":3,"enemies":"Centurion and Healer","floor":22,"turns":4}],"seed_played":"2585140164168515366","potions_obtained":[{"floor":1,"key":"Regen Potion"},{"floor":3,"key":"EntropicBrew"},{"floor":3,"key":"FocusPotion"},{"floor":4,"key":"Block Potion"},{"floor":13,"key":"Swift Potion"},{"floor":18,"key":"Swift Potion"}],"is_trial":false,"path_per_floor":["M","?","?","M","M","E","R","T","T","?","M","$","M","M","R","B",null,"M","?","M","$","M"],"character_chosen":"DEFECT","items_purchased":["Anchor","Master of Strategy","Stack","Capacitor","Gremlin Horn","Boot"],"campfire_rested":1,"item_purchase_floors":[12,12,21,21,21,21],"current_hp_per_floor":[73,55,55,55,54,59,59,59,59,52,44,44,44,16,38,26,75,57,15,5,5,2],"gold":269,"neow_bonus":"","is_prod":false,"is_daily":true,"chose_seed":false,"campfire_upgraded":1,"win_rate":0.0,"timestamp":1565465183,"path_taken":["M","?","?","?","M","E","R","?","T","?","?","$","M","?","R","BOSS","M","?","M","$","M"],"build_version":"2019-07-17","purchased_purges":1,"victory":false,"max_hp_per_floor":[75,75,75,75,75,75,75,75,75,75,75,75,75,75,75,75,75,75,75,75,75,75],"card_choices":[{"not_picked":["Steam","Streamline"],"picked":"Aggregate","floor":1},{"not_picked":["Genetic Algorithm","Gash"],"picked":"Leap","floor":4},{"not_picked":["Steam","Redo"],"picked":"Static Discharge","floor":5},{"not_picked":["Meteor Strike","Core Surge"],"picked":"Amplify","floor":6},{"not_picked":["Fusion","Coolheaded"],"picked":"Ball Lightning","floor":11},{"not_picked":["Static Discharge","Steam"],"picked":"Doom and Gloom","floor":13},{"not_picked":["Hologram","Chaos"],"picked":"Genetic Algorithm","floor":14},{"not_picked":["Core Surge","All For One"],"picked":"Machine Learning","floor":16},{"not_picked":["Undo","Static Discharge"],"picked":"Barrage","floor":18},{"not_picked":["Turbo","Gash"],"picked":"Leap","floor":20}],"player_experience":39663,"relics_obtained":[{"floor":6,"key":"MawBank"},{"floor":8,"key":"Matryoshka"},{"floor":9,"key":"Tiny Chest"},{"floor":9,"key":"War Paint"}],"event_choices":[{"damage_healed":0,"gold_gain":0,"player_choice":"Success","damage_taken":18,"relics_obtained":["PreservedInsect"],"max_hp_gain":0,"max_hp_loss":0,"event_name":"Scrap Ooze","floor":2,"gold_loss":0},{"damage_healed":0,"gold_gain":0,"player_choice":"Got Potions","damage_taken":0,"max_hp_gain":0,"max_hp_loss":0,"event_name":"Lab","floor":3,"gold_loss":0},{"damage_healed":0,"gold_gain":75,"player_choice":"Touch","damage_taken":7,"max_hp_gain":0,"max_hp_loss":0,"event_name":"FaceTrader","floor":10,"gold_loss":0},{"damage_healed":0,"gold_gain":450,"player_choice":"GOLD GOLD GOLD GOLD GOLD ","damage_taken":42,"max_hp_gain":0,"max_hp_loss":0,"event_name":"Knowing Skull","floor":19,"potions_obtained":[],"gold_loss":0,"cards_obtained":[]}],"is_beta":false,"boss_relics":[{"not_picked":["Calling Bell","Runic Pyramid","Velvet Choker"]}],"items_purged_floors":[21],"is_endless":false,"potions_floor_spawned":[1,4,13,18],"killed_by":"Centurion and Healer","ascension_level":0}