{"gold_per_floor":[116,48,58,58,68,68,86,118,118,148,148,3,20,46,46,150,150,161,25,25,41,41,41,73,73,97,97,128,128,10,10,10,107,107,121,121,138,138,0,0,33,33,33,33,58,58],"floor_reached":46,"playtime":1507,"items_purged":["Strike_G","Injury","Writhe"],"score":830,"play_id":"8ae1bb17-034b-4af7-8553-9bb1dc8dfac7","local_time":"20190228234456","is_ascension_mode":true,"campfire_choices":[{"data":"Noxious Fumes","floor":6,"key":"SMITH"},{"floor":11,"key":"REST"},{"floor":15,"key":"REST"},{"data":"Footwork","floor":23,"key":"SMITH"},{"floor":27,"key":"REST"},{"data":"Discovery","floor":29,"key":"SMITH"},{"floor":32,"key":"REST"},{"data":"Well Laid Plans","floor":40,"key":"SMITH"},{"data":"Malaise","floor":42,"key":"SMITH"},{"data":"Envenom","floor":44,"key":"SMITH"}],"neow_cost":"NONE","seed_source_timestamp":847055956943136,"circlet_count":0,"master_deck":["AscendersBane","Defend_G+1","Defend_G+1","Defend_G+1","Defend_G+1","Defend_G+1","Strike_G+1","Strike_G+1","Strike_G+1","Survivor","Neutralize","Noxious Fumes+1","PiercingWail","Footwork+1","Cloak And Dagger","Deflect","Dodge and Roll","Discovery+1","Dagger Spray","Bouncing Flask","Bane+1","Adrenaline","Backstab+1","Well Laid Plans+1","Blur","Backflip+1","Skewer+1","Malaise+1","Calculated Gamble+1","Envenom+1","Normality","Blade Dance+1"],"relics":["Ring of the Snake","NeowsBlessing","Bottled Lightning","The Courier","Ninja Scroll","Molten Egg 2","Cursed Key","Pantograph","Bag of Marbles","Turnip","Lizard Tail","Gremlin Horn","Kunai","Paper Crane"],"potions_floor_usage":[10,14,14,21,24,33,45,45],"damage_taken":[{"damage":0,"enemies":"Cultist","floor":1,"turns":1},{"damage":0,"enemies":"Small Slimes","floor":3,"turns":1},{"damage":0,"enemies":"2 Louse","floor":5,"turns":1},{"damage":0,"enemies":"Exordium Wildlife","floor":7,"turns":4},{"damage":7,"enemies":"Lagavulin","floor":8,"turns":8},{"damage":46,"enemies":"Gremlin Nob","floor":10,"turns":6},{"damage":0,"enemies":"2 Fungi Beasts","floor":13,"turns":3},{"damage":25,"enemies":"Lagavulin","floor":14,"turns":6},{"damage":34,"enemies":"The Guardian","floor":16,"turns":10},{"damage":19,"enemies":"Shell Parasite","floor":18,"turns":5},{"damage":0,"enemies":"3 Byrds","floor":21,"turns":3},{"damage":15,"enemies":"Slavers","floor":24,"turns":5},{"damage":0,"enemies":"Gremlin Leader","floor":28,"turns":6},{"damage":0,"enemies":"Colosseum Slavers","floor":31,"turns":3},{"damage":52,"enemies":"Champ","floor":33,"turns":18},{"damage":13,"enemies":"3 Shapes","floor":35,"turns":6},{"damage":0,"enemies":"3 Darklings","floor":37,"turns":7},{"damage":23,"enemies":"Nemesis","floor":41,"turns":9},{"damage":24,"enemies":"Giant Head","floor":45,"turns":11},{"damage":62,"enemies":"Writhing Mass","floor":46,"turns":4}],"seed_played":"2762209385803794541","potions_obtained":[{"floor":7,"key":"GamblersBrew"},{"floor":8,"key":"Regen Potion"},{"floor":13,"key":"Block Potion"},{"floor":21,"key":"SteroidPotion"},{"floor":28,"key":"SteroidPotion"},{"floor":33,"key":"Weak Potion"},{"floor":37,"key":"SkillPotion"}],"is_trial":false,"path_per_floor":["M","$","M","$","M","R","M","E","T","E","R","$","M","E","R","B",null,"M","$","?","M","$","R","E","?","T","R","E","R","$","?","R","B",null,"M","?","M","?","$","R","E","R","T","R","E","M"],"character_chosen":"THE_SILENT","items_purchased":["Noxious Fumes","Discovery","Dagger Spray","Backstab+1","Explosive Potion","Well Laid Plans","SpeedPotion","Dexterity Potion"],"campfire_rested":4,"item_purchase_floors":[2,12,12,19,19,19,30,39],"current_hp_per_floor":[63,63,63,63,63,63,63,56,56,10,31,31,31,21,42,8,55,36,36,36,36,36,36,21,21,21,42,42,42,42,42,63,18,57,44,62,62,62,62,62,39,39,39,39,15,0],"gold":58,"neow_bonus":"THREE_ENEMY_KILL","is_prod":false,"is_daily":false,"chose_seed":false,"campfire_upgraded":6,"win_rate":0,"timestamp":1551415496,"path_taken":["M","$","?","?","?","R","M","E","T","E","R","$","M","E","R","BOSS","M","$","?","?","?","R","E","?","T","R","E","R","$","?","R","BOSS","M","?","M","?","$","R","E","R","T","R","E","M"],"build_version":"2019-01-23","purchased_purges":3,"victory":false,"max_hp_per_floor":[70,70,70,70,70,70,70,70,70,70,70,70,70,70,70,70,70,70,70,70,70,70,70,70,70,70,70,70,70,70,70,70,70,70,70,70,70,70,70,70,70,70,70,70,70,70],"card_choices":[{"not_picked":["Dodge and Roll","Distraction","Underhanded Strike"],"picked":"SKIP","floor":1},{"not_picked":["Acrobatics","Bane"],"picked":"PiercingWail","floor":3},{"not_picked":["Calculated Gamble","Accuracy"],"picked":"Footwork","floor":5},{"not_picked":["Infinite Blades","Sucker Punch"],"picked":"Cloak And Dagger","floor":7},{"not_picked":["Underhanded Strike","Backflip"],"picked":"Deflect","floor":8},{"not_picked":["Grand Finale","Blur"],"picked":"Dodge and Roll","floor":10},{"not_picked":["Dagger Throw","Dagger Spray"],"picked":"Bouncing Flask","floor":13},{"not_picked":["Riddle With Holes","Cloak And Dagger"],"picked":"Bane","floor":14},{"not_picked":["Die Die Die+1","Malaise"],"picked":"Adrenaline","floor":16},{"not_picked":["Outmaneuver+1","Riddle With Holes+1","Slice+1"],"picked":"SKIP","floor":18},{"not_picked":["Underhanded Strike+1","Choke+1"],"picked":"Backflip+1","floor":21},{"not_picked":["Prepared+1","Deflect"],"picked":"Skewer+1","floor":24},{"not_picked":["Dagger Spray+1","Infinite Blades","Tactician+1"],"picked":"SKIP","floor":28},{"not_picked":["Phantasmal Killer","Glass Knife+1"],"picked":"Malaise","floor":33},{"not_picked":["Flying Knee+1","Reflex+1"],"picked":"Calculated Gamble+1","floor":35},{"not_picked":["Acrobatics+1","Underhanded Strike+1","Tactician"],"picked":"SKIP","floor":37},{"not_picked":["Finisher+1","Bane+1"],"picked":"Envenom","floor":41},{"not_picked":["Outmaneuver","Noxious Fumes"],"picked":"Blade Dance+1","floor":45}],"player_experience":152596,"relics_obtained":[{"floor":8,"key":"Bottled Lightning"},{"floor":9,"key":"The Courier"},{"floor":10,"key":"Ninja Scroll"},{"floor":14,"key":"Molten Egg 2"},{"floor":24,"key":"Pantograph"},{"floor":26,"key":"Bag of Marbles"},{"floor":28,"key":"Turnip"},{"floor":41,"key":"Gremlin Horn"},{"floor":43,"key":"Kunai"},{"floor":45,"key":"Paper Crane"}],"event_choices":[{"damage_healed":0,"gold_gain":0,"cards_transformed":["Strike_G"],"player_choice":"Transformed","damage_taken":0,"max_hp_gain":0,"max_hp_loss":0,"event_name":"Transmorgrifier","floor":20,"gold_loss":0,"cards_obtained":["Blur"]},{"damage_healed":0,"gold_gain":0,"player_choice":"Simplicity","damage_taken":0,"max_hp_gain":0,"max_hp_loss":0,"event_name":"Back to Basics","floor":25,"gold_loss":0,"cards_upgraded":["Defend_G","Defend_G","Defend_G","Defend_G","Defend_G","Strike_G","Strike_G","Strike_G"]},{"damage_healed":0,"gold_gain":0,"player_choice":"Fight","damage_taken":0,"max_hp_gain":0,"max_hp_loss":0,"event_name":"Colosseum","floor":31,"gold_loss":0},{"damage_healed":0,"gold_gain":0,"player_choice":"Fled From Nobs","damage_taken":0,"max_hp_gain":0,"max_hp_loss":0,"event_name":"Colosseum","floor":31,"gold_loss":0},{"damage_healed":18,"gold_gain":0,"player_choice":"Writhe","damage_taken":0,"max_hp_gain":0,"max_hp_loss":0,"event_name":"Winding Halls","floor":36,"gold_loss":0,"cards_obtained":["Writhe"]},{"damage_healed":0,"gold_gain":0,"player_choice":"Ignored","damage_taken":0,"max_hp_gain":0,"max_hp_loss":0,"event_name":"Tomb of Lord Red Mask","floor":38,"gold_loss":0}],"is_beta":false,"boss_relics":[{"not_picked":["Tiny House","Runic Dome"],"picked":"Cursed Key"},{"not_picked":["Philosopher\u0027s Stone","Eternal Feather"],"picked":"Lizard Tail"}],"items_purged_floors":[12,30,39],"is_endless":false,"potions_floor_spawned":[7,8,13,21,28,33,37],"killed_by":"Writhing Mass","ascension_level":10}