{"gold_per_floor":[109,109,128,158,172,172,200,200,249,267,290,290,302,335,335,335],"floor_reached":16,"playtime":448,"items_purged":[],"score":165,"play_id":"a107793b-b425-4ccf-9e64-ab6e78953f97","local_time":"20190303040050","is_ascension_mode":true,"campfire_choices":[{"data":"Self Repair","floor":6,"key":"SMITH"},{"data":"White Noise","floor":12,"key":"SMITH"},{"data":"Hologram","floor":15,"key":"SMITH"}],"neow_cost":"NONE","seed_source_timestamp":1036293865081934,"circlet_count":0,"master_deck":["AscendersBane","Strike_B","Strike_B","Strike_B","Strike_B","Defend_B","Defend_B","Defend_B","Defend_B","Zap+1","Dualcast","Coolheaded","Chill","Self Repair+1","Glacier","White Noise+1","Gash","Hologram+1"],"relics":["Cracked Core","Tiny Chest","Strawberry","Blood Vial","Ancient Tea Set","Bag of Marbles"],"potions_floor_usage":[3,7,14],"damage_taken":[{"damage":0,"enemies":"2 Louse","floor":1,"turns":2},{"damage":0,"enemies":"Jaw Worm","floor":3,"turns":1},{"damage":5,"enemies":"Small Slimes","floor":5,"turns":4},{"damage":55,"enemies":"Gremlin Nob","floor":7,"turns":8},{"damage":9,"enemies":"Exordium Thugs","floor":10,"turns":6},{"damage":8,"enemies":"Exordium Wildlife","floor":13,"turns":6},{"damage":5,"enemies":"3 Sentries","floor":14,"turns":2},{"damage":41,"enemies":"Slime Boss","floor":16,"turns":17}],"seed_played":"735974062534782799","potions_obtained":[{"floor":1,"key":"Fire Potion"},{"floor":5,"key":"FocusPotion"},{"floor":13,"key":"AttackPotion"}],"is_trial":false,"path_per_floor":["M","$","M","?","M","R","E","?","T","M","T","R","M","E","R","B"],"character_chosen":"DEFECT","items_purchased":[],"campfire_rested":0,"item_purchase_floors":[],"current_hp_per_floor":[68,68,68,65,67,67,29,29,29,32,32,32,36,43,43,4],"gold":335,"neow_bonus":"THREE_CARDS","is_prod":false,"is_daily":false,"chose_seed":false,"campfire_upgraded":3,"win_rate":0,"timestamp":1551603650,"path_taken":["M","$","M","?","M","R","E","?","T","M","?","R","M","E","R","BOSS"],"build_version":"2019-01-23","purchased_purges":0,"victory":false,"max_hp_per_floor":[75,75,75,75,75,75,82,82,82,82,82,82,82,82,82,82],"card_choices":[{"not_picked":["Darkness","Go for the Eyes"],"picked":"Coolheaded","floor":0},{"not_picked":["Leap","Go for the Eyes"],"picked":"Chill","floor":1},{"not_picked":["Cold Snap","Capacitor"],"picked":"Self Repair","floor":3},{"not_picked":["Reprogram","Defragment"],"picked":"Glacier","floor":5},{"not_picked":["Ball Lightning","Leap"],"picked":"White Noise","floor":7},{"not_picked":["Redo","Rainbow"],"picked":"Gash","floor":10},{"not_picked":["Stack","Leap"],"picked":"Hologram","floor":13},{"not_picked":["Force Field","Sweeping Beam","Redo"],"picked":"SKIP","floor":14}],"player_experience":165552,"relics_obtained":[{"floor":7,"key":"Strawberry"},{"floor":9,"key":"Blood Vial"},{"floor":11,"key":"Ancient Tea Set"},{"floor":14,"key":"Bag of Marbles"}],"event_choices":[{"damage_healed":0,"gold_gain":0,"player_choice":"Success","damage_taken":3,"relics_obtained":["Tiny Chest"],"max_hp_gain":0,"max_hp_loss":0,"event_name":"Scrap Ooze","floor":4,"gold_loss":0},{"damage_healed":0,"gold_gain":0,"player_choice":"Grow","damage_taken":0,"max_hp_gain":0,"max_hp_loss":0,"event_name":"Living Wall","floor":8,"gold_loss":0,"cards_upgraded":["Zap"]}],"is_beta":false,"boss_relics":[],"items_purged_floors":[],"is_endless":false,"potions_floor_spawned":[1,5,13],"killed_by":"Slime Boss","ascension_level":10}