{"gold_per_floor":[113,113,160,160,172,172,189,208,208,268,268,268,303,314,314,390,390,402,233,251,251,266,292,292,303,326,343,343],"floor_reached":28,"playtime":1119,"items_purged":[],"score":550,"play_id":"09484383-f66f-45bc-9377-053a20bc64e0","local_time":"20190714110800","is_ascension_mode":true,"campfire_choices":[{"data":"Fiend Fire","floor":6,"key":"SMITH"},{"data":"Inflame","floor":11,"key":"SMITH"},{"data":"Bash","floor":15,"key":"SMITH"},{"floor":24,"key":"REST"}],"neow_cost":"PERCENT_DAMAGE","seed_source_timestamp":62006355316356,"circlet_count":0,"master_deck":["AscendersBane","Strike_R","Strike_R","Strike_R","Defend_R","Defend_R","Defend_R","Defend_R","Bash+1","Fiend Fire+1","Pummel","Inflame+1","Warcry","Infernal Blade","Iron Wave","Reaper","Uppercut","Metallicize","Demon Form","True Grit","Havoc","Second Wind","Shrug It Off","Pommel Strike+1","Limit Break","Flex+1"],"relics":["Burning Blood","Dead Branch","Happy Flower","Calipers","Tiny Chest","Torii","Orrery","Bag of Preparation","Matryoshka","Omamori","Kunai","Juzu Bracelet"],"potions_floor_usage":[13,16,23,27],"damage_taken":[{"damage":2,"enemies":"2 Louse","floor":1,"turns":4},{"damage":5,"enemies":"Jaw Worm","floor":5,"turns":3},{"damage":12,"enemies":"Small Slimes","floor":7,"turns":3},{"damage":0,"enemies":"Red Slaver","floor":8,"turns":2},{"damage":15,"enemies":"3 Sentries","floor":10,"turns":4},{"damage":0,"enemies":"Gremlin Nob","floor":13,"turns":2},{"damage":5,"enemies":"Lots of Slimes","floor":14,"turns":3},{"damage":73,"enemies":"The Guardian","floor":16,"turns":12},{"damage":8,"enemies":"Chosen","floor":18,"turns":5},{"damage":6,"enemies":"Spheric Guardian","floor":20,"turns":2},{"damage":28,"enemies":"Shelled Parasite and Fungi","floor":22,"turns":2},{"damage":46,"enemies":"Slavers","floor":23,"turns":6},{"damage":14,"enemies":"Snecko","floor":25,"turns":4},{"damage":53,"enemies":"Snake Plant","floor":27,"turns":9},{"damage":52,"enemies":"Chosen and Byrds","floor":28,"turns":5}],"seed_played":"8303936822988573827","potions_obtained":[{"floor":7,"key":"Poison Potion"},{"floor":10,"key":"LiquidBronze"},{"floor":14,"key":"SpeedPotion"},{"floor":16,"key":"Strength Potion"},{"floor":22,"key":"Regen Potion"}],"is_trial":false,"path_per_floor":["M","?","T","?","M","R","M","M","T","E","R","?","E","M","R","B",null,"M","$","M","?","M","E","R","M","T","M","M"],"character_chosen":"IRONCLAD","items_purchased":["Bag of Preparation"],"campfire_rested":1,"item_purchase_floors":[19],"current_hp_per_floor":[54,49,49,49,50,50,44,50,50,41,41,75,75,75,75,8,58,63,63,63,63,53,28,50,58,58,31,0],"gold":343,"neow_bonus":"TRANSFORM_TWO_CARDS","is_prod":false,"is_daily":false,"chose_seed":false,"campfire_upgraded":3,"win_rate":0,"timestamp":1563116880,"path_taken":["M","?","?","?","?","R","?","?","T","E","R","?","E","?","R","BOSS","M","$","M","?","M","E","R","M","T","M","M"],"build_version":"2019-07-05","purchased_purges":0,"victory":false,"max_hp_per_floor":[75,75,75,75,75,75,75,75,75,75,75,75,75,75,75,75,75,75,75,75,75,75,75,75,75,75,75,75],"card_choices":[{"not_picked":["Warcry","Perfected Strike"],"picked":"Pummel","floor":1},{"not_picked":["Dropkick","Wild Strike","Havoc"],"picked":"SKIP","floor":5},{"not_picked":["Perfected Strike","Iron Wave"],"picked":"Second Wind","floor":7},{"not_picked":["Rampage","Uppercut"],"picked":"Inflame","floor":8},{"not_picked":["Perfected Strike","Immolate"],"picked":"Warcry","floor":10},{"not_picked":["Havoc","Twin Strike"],"picked":"Infernal Blade","floor":13},{"not_picked":["Wild Strike","Fire Breathing"],"picked":"Iron Wave","floor":14},{"not_picked":["Demon Form","Double Tap"],"picked":"Reaper","floor":16},{"not_picked":["Heavy Blade","Cleave"],"picked":"Uppercut","floor":17},{"not_picked":["Sword Boomerang","Iron Wave"],"picked":"Metallicize","floor":17},{"not_picked":["Clothesline","Body Slam"],"picked":"Demon Form","floor":17},{"not_picked":["Burning Pact","Sword Boomerang"],"picked":"True Grit","floor":17},{"not_picked":["Pommel Strike","Thunderclap"],"picked":"Havoc","floor":17},{"not_picked":["Clothesline","Rupture"],"picked":"Second Wind","floor":18},{"not_picked":["Carnage","Reckless Charge","Wild Strike"],"picked":"SKIP","floor":20},{"not_picked":["Clothesline","Sever Soul"],"picked":"Shrug It Off","floor":22},{"not_picked":["Shockwave","Warcry"],"picked":"Pommel Strike+1","floor":23},{"not_picked":["Pummel+1","Sentinel"],"picked":"Limit Break","floor":25},{"not_picked":["Hemokinesis+1","Warcry"],"picked":"Flex+1","floor":27}],"player_experience":519786,"relics_obtained":[{"floor":3,"key":"Happy Flower"},{"floor":9,"key":"Calipers"},{"floor":10,"key":"Tiny Chest"},{"floor":13,"key":"Torii"},{"floor":23,"key":"Omamori"},{"floor":26,"key":"Kunai"},{"floor":26,"key":"Juzu Bracelet"}],"event_choices":[{"damage_healed":0,"gold_gain":0,"player_choice":"Success","damage_taken":5,"relics_obtained":["Dead Branch"],"max_hp_gain":0,"max_hp_loss":0,"event_name":"Scrap Ooze","floor":2,"gold_loss":0},{"damage_healed":0,"gold_gain":0,"player_choice":"Forge","damage_taken":0,"max_hp_gain":0,"max_hp_loss":0,"event_name":"Accursed Blacksmith","floor":4,"gold_loss":0,"cards_upgraded":["Armaments"]},{"cards_removed":["Second Wind"],"damage_healed":34,"gold_gain":0,"player_choice":"Offered Uncommon","damage_taken":0,"max_hp_gain":0,"max_hp_loss":0,"event_name":"Bonfire Elementals","floor":12,"gold_loss":0},{"cards_removed":["Armaments"],"damage_healed":0,"gold_gain":0,"player_choice":"Gave Card","damage_taken":0,"relics_obtained":["Matryoshka"],"max_hp_gain":0,"max_hp_loss":0,"event_name":"WeMeetAgain","floor":21,"gold_loss":0}],"is_beta":false,"boss_relics":[{"not_picked":["Empty Cage","Runic Pyramid"],"picked":"Orrery"}],"items_purged_floors":[],"is_endless":false,"potions_floor_spawned":[7,10,14,16,18,22],"killed_by":"Chosen and Byrds","ascension_level":20}