{"gold_per_floor":[115,115,190,190,214,214,254,268,268,268,293,361,361,380,380,473,473,494,494,509,523,35,35],"floor_reached":23,"playtime":1021,"items_purged":["Strike_B"],"score":382,"play_id":"9b857486-120c-4e40-a1f3-0ca1caaeb98b","local_time":"20190805034451","is_ascension_mode":true,"campfire_choices":[{"data":"Streamline","floor":6,"key":"SMITH"},{"floor":10,"key":"REST"},{"data":"Zap","floor":13,"key":"SMITH"},{"data":"Biased Cognition","floor":15,"key":"SMITH"}],"neow_cost":"NONE","seed_source_timestamp":259505282170918,"circlet_count":0,"master_deck":["AscendersBane","Strike_B","Strike_B","Defend_B","Defend_B","Defend_B","Defend_B","Zap+1","Dualcast","Streamline+1","Conserve Battery","Sweeping Beam","Self Repair","Conserve Battery","Biased Cognition+1","Echo Form","Reprogram+1","Lockon+1","Steam","Defragment"],"relics":["Cracked Core","Lantern","Golden Idol","Cables","Gremlin Horn","Eternal Feather","Oddly Smooth Stone"],"potions_floor_usage":[5,16,16,23,23],"damage_taken":[{"damage":0,"enemies":"Jaw Worm","floor":1,"turns":3},{"damage":0,"enemies":"2 Louse","floor":5,"turns":1},{"damage":30,"enemies":"Lagavulin","floor":7,"turns":7},{"damage":0,"enemies":"Small Slimes","floor":8,"turns":1},{"damage":0,"enemies":"Exordium Thugs","floor":11,"turns":3},{"damage":2,"enemies":"Blue Slaver","floor":14,"turns":3},{"damage":19,"enemies":"Slime Boss","floor":16,"turns":7},{"damage":39,"enemies":"Shell Parasite","floor":18,"turns":6},{"damage":24,"enemies":"3 Byrds","floor":20,"turns":5},{"damage":16,"enemies":"Snake Plant","floor":21,"turns":3},{"damage":26,"enemies":"Gremlin Leader","floor":23,"turns":2}],"seed_played":"-5606347950968915877","potions_obtained":[{"floor":5,"key":"Fruit Juice"},{"floor":8,"key":"Poison Potion"},{"floor":14,"key":"Fire Potion"},{"floor":21,"key":"SpeedPotion"}],"is_trial":false,"path_per_floor":["M","?","?","?","M","R","E","M","T","R","M","?","R","M","R","B",null,"M","?","M","M","$","E"],"character_chosen":"DEFECT","items_purchased":["Defragment","Oddly Smooth Stone","Regen Potion","FocusPotion"],"campfire_rested":1,"item_purchase_floors":[22,22,22,22],"current_hp_per_floor":[64,40,29,29,34,34,4,4,4,26,26,26,26,31,31,19,62,30,45,28,12,12,0],"gold":35,"neow_bonus":"RANDOM_COMMON_RELIC","is_prod":false,"is_daily":false,"chose_seed":false,"campfire_upgraded":3,"win_rate":0,"timestamp":1565001891,"path_taken":["M","?","?","?","?","R","E","M","T","R","M","?","R","M","R","BOSS","M","?","M","M","$","E"],"build_version":"2019-07-18","purchased_purges":1,"victory":false,"max_hp_per_floor":[71,71,71,71,76,76,76,76,76,76,76,76,76,76,76,76,76,76,76,76,76,76,76],"card_choices":[{"not_picked":["Turbo","Leap"],"picked":"Streamline","floor":1},{"not_picked":["Undo","Tempest"],"picked":"Conserve Battery","floor":5},{"not_picked":["Fusion","Streamline"],"picked":"Sweeping Beam","floor":7},{"not_picked":["Genetic Algorithm","Heatsinks"],"picked":"Self Repair","floor":8},{"not_picked":["Skim","Turbo"],"picked":"Conserve Battery","floor":11},{"not_picked":["Gash","Auto Shields"],"picked":"Biased Cognition","floor":14},{"not_picked":["Rainbow","Electrodynamics"],"picked":"Echo Form","floor":16},{"not_picked":["Compile Driver","Rebound"],"picked":"Reprogram+1","floor":18},{"not_picked":["Streamline","Stack"],"picked":"Lockon+1","floor":20},{"not_picked":["FTL","Beam Cell"],"picked":"Steam","floor":21}],"player_experience":2875101,"relics_obtained":[{"floor":7,"key":"Cables"},{"floor":9,"key":"Gremlin Horn"}],"event_choices":[{"damage_healed":0,"gold_gain":0,"player_choice":"Take Damage","damage_taken":24,"relics_obtained":["Golden Idol"],"max_hp_gain":0,"max_hp_loss":0,"event_name":"Golden Idol","floor":2,"gold_loss":0},{"damage_healed":0,"gold_gain":75,"player_choice":"Gather Gold","damage_taken":11,"max_hp_gain":0,"max_hp_loss":0,"event_name":"World of Goop","floor":3,"gold_loss":0},{"cards_removed":["Strike_B"],"damage_healed":0,"gold_gain":0,"player_choice":"Offered Basic","damage_taken":0,"max_hp_gain":0,"max_hp_loss":0,"event_name":"Bonfire Elementals","floor":4,"gold_loss":0},{"damage_healed":0,"gold_gain":68,"player_choice":"Gained Gold","damage_taken":0,"max_hp_gain":0,"max_hp_loss":0,"event_name":"Golden Wing","floor":12,"gold_loss":0},{"damage_healed":15,"gold_gain":0,"player_choice":"Heal","damage_taken":0,"max_hp_gain":0,"max_hp_loss":0,"event_name":"The Library","floor":19,"gold_loss":0}],"is_beta":true,"boss_relics":[{"not_picked":["Philosopher\u0027s Stone","Runic Dome"],"picked":"Eternal Feather"}],"items_purged_floors":[22],"is_endless":false,"potions_floor_spawned":[5,8,14,21],"killed_by":"Gremlin Leader","ascension_level":20}