{"gold_per_floor":[110,129,129,29,29,29,63,63,63,77,98,23,56,80,80,208,208,232,218,143,143,168,168,168,192,192,192,213,213,232,248,248,248],"floor_reached":33,"playtime":746,"items_purged":["Regret"],"score":401,"play_id":"d1c9e9b3-d531-4210-8580-125132fdfa38","local_time":"20190305125337","is_ascension_mode":true,"campfire_choices":[{"data":"Body Slam","floor":6,"key":"SMITH"},{"floor":15,"key":"REST"},{"floor":23,"key":"REST"},{"data":"Heavy Blade","floor":27,"key":"SMITH"},{"data":"Metallicize","floor":29,"key":"SMITH"},{"floor":32,"key":"REST"}],"neow_cost":"NONE","seed_source_timestamp":1240777018003601,"circlet_count":0,"master_deck":["AscendersBane","Strike_R","Strike_R","Strike_R","Strike_R+1","Defend_R+1","Defend_R","Defend_R","Defend_R","Bash","Intimidate","Dual Wield+1","Body Slam+1","Spot Weakness","Cleave","Heavy Blade+1","Impervious+1","Offering","Metallicize+1","Headbutt","Spot Weakness","Metallicize+1","Clumsy","Feel No Pain+1","Double Tap","Entrench"],"relics":["Cursed Key","Golden Idol","Torii","Sundial","Pen Nib","Eternal Feather","War Paint"],"potions_floor_usage":[7,7,11,16,22,25,31,33,33],"damage_taken":[{"damage":0,"enemies":"Cultist","floor":1,"turns":3},{"damage":0,"enemies":"Small Slimes","floor":2,"turns":4},{"damage":22,"enemies":"3 Sentries","floor":7,"turns":7},{"damage":9,"enemies":"Jaw Worm","floor":10,"turns":3},{"damage":1,"enemies":"2 Fungi Beasts","floor":11,"turns":2},{"damage":21,"enemies":"Lagavulin","floor":13,"turns":6},{"damage":0,"enemies":"3 Louse","floor":14,"turns":2},{"damage":13,"enemies":"Slime Boss","floor":16,"turns":5},{"damage":6,"enemies":"Spheric Guardian","floor":18,"turns":2},{"damage":30,"enemies":"2 Thieves","floor":19,"turns":4},{"damage":6,"enemies":"Chosen and Byrds","floor":22,"turns":3},{"damage":6,"enemies":"Centurion and Healer","floor":25,"turns":2},{"damage":29,"enemies":"Shelled Parasite and Fungi","floor":28,"turns":4},{"damage":1,"enemies":"3 Cultists","floor":30,"turns":3},{"damage":8,"enemies":"Centurion and Healer","floor":31,"turns":5},{"damage":94,"enemies":"Automaton","floor":33,"turns":6}],"seed_played":"-3469943214680084876","potions_obtained":[{"floor":1,"key":"Swift Potion"},{"floor":10,"key":"Fire Potion"},{"floor":14,"key":"FearPotion"},{"floor":16,"key":"LiquidBronze"},{"floor":22,"key":"FearPotion"},{"floor":25,"key":"EssenceOfSteel"},{"floor":28,"key":"GamblersBrew"},{"floor":31,"key":"Explosive Potion"}],"is_trial":false,"path_per_floor":["M","M","?","$","?","R","E","?","T","M","M","$","E","M","R","B",null,"M","M","?","$","M","R","?","M","T","R","M","R","M","M","R","B"],"character_chosen":"IRONCLAD","items_purchased":["Body Slam","Explosive Potion"],"campfire_rested":3,"item_purchase_floors":[4,4],"current_hp_per_floor":[72,72,56,56,56,56,34,34,34,25,24,24,3,3,25,12,59,53,23,23,23,17,51,51,45,45,57,28,40,39,31,68,0],"gold":248,"neow_bonus":"BOSS_RELIC","is_prod":false,"is_daily":false,"chose_seed":false,"campfire_upgraded":3,"win_rate":0,"timestamp":1551808417,"path_taken":["M","?","?","?","?","R","E","?","T","?","M","$","E","M","R","BOSS","M","?","?","$","M","R","?","M","T","R","M","R","?","M","R","BOSS"],"build_version":"2019-01-23","purchased_purges":1,"victory":false,"max_hp_per_floor":[80,80,80,80,74,74,74,74,74,74,74,74,74,74,74,74,74,74,74,74,74,74,74,74,74,74,74,74,74,74,74,74,74],"card_choices":[{"not_picked":["Blood for Blood","Perfected Strike"],"picked":"Intimidate","floor":1},{"not_picked":["Power Through","Warcry"],"picked":"Dual Wield","floor":2},{"not_picked":["Clash","Havoc","Flex"],"picked":"SKIP","floor":7},{"not_picked":["Flex","Warcry"],"picked":"Cleave","floor":10},{"not_picked":["Clothesline","Dropkick","Sword Boomerang"],"picked":"SKIP","floor":11},{"not_picked":["Corruption","Warcry"],"picked":"Heavy Blade","floor":13},{"not_picked":["Evolve","Pommel Strike"],"picked":"Impervious","floor":14},{"not_picked":["Barricade","Berserk"],"picked":"Offering","floor":16},{"not_picked":["Perfected Strike","Hemokinesis+1"],"picked":"Metallicize","floor":18},{"not_picked":["Pommel Strike","Clash+1"],"picked":"Headbutt","floor":19},{"not_picked":["Pommel Strike","Twin Strike"],"picked":"Spot Weakness","floor":22},{"not_picked":["Evolve","Feel No Pain"],"picked":"Metallicize+1","floor":25},{"not_picked":["Warcry","Entrench"],"picked":"Feel No Pain+1","floor":28},{"not_picked":["Sword Boomerang","Burning Pact"],"picked":"Double Tap","floor":30},{"not_picked":["Wild Strike","Searing Blow"],"picked":"Entrench","floor":31}],"player_experience":173552,"relics_obtained":[{"floor":7,"key":"Torii"},{"floor":9,"key":"Sundial"},{"floor":13,"key":"Pen Nib"},{"floor":26,"key":"War Paint"}],"event_choices":[{"damage_healed":0,"gold_gain":0,"player_choice":"Entered Light","damage_taken":16,"max_hp_gain":0,"max_hp_loss":0,"event_name":"Shining Light","floor":3,"gold_loss":0,"cards_upgraded":["Defend_R","Strike_R"]},{"damage_healed":0,"gold_gain":0,"player_choice":"Lose Max HP","damage_taken":0,"relics_obtained":["Golden Idol"],"max_hp_gain":0,"max_hp_loss":6,"event_name":"Golden Idol","floor":5,"gold_loss":0},{"damage_healed":0,"gold_gain":0,"player_choice":"1 cards matched","damage_taken":0,"max_hp_gain":0,"max_hp_loss":0,"event_name":"Match and Keep!","floor":8,"gold_loss":0,"cards_obtained":["Spot Weakness"]},{"cards_removed":["Strike_R"],"damage_healed":0,"gold_gain":0,"player_choice":"Gave Gold","damage_taken":0,"max_hp_gain":0,"max_hp_loss":0,"event_name":"Beggar","floor":20,"gold_loss":75},{"damage_healed":0,"gold_gain":0,"player_choice":"Bought 0 Potions","damage_taken":0,"max_hp_gain":0,"max_hp_loss":0,"event_name":"The Woman in Blue","floor":24,"gold_loss":0}],"is_beta":false,"boss_relics":[{"not_picked":["Coffee Dripper","Mark of Pain"],"picked":"Eternal Feather"}],"items_purged_floors":[12],"is_endless":false,"potions_floor_spawned":[1,10,14,16,22,25,28,31],"killed_by":"Automaton","ascension_level":11}