{"gold_per_floor":[110,110,110,35,35,35,79,79,132,167,187,187,17,57,57,151,151,170,95,95,108,133,133,168,188,188,188,232,28,28,43,43,139,139,164,164,233,283,13,54,54,15,69,69,94,144,319,362,362,362],"floor_reached":51,"playtime":2257,"items_purged":[],"score":1771,"play_id":"d6c48627-1b39-46a4-a35c-6a29875185f8","local_time":"20190508164041","is_ascension_mode":true,"campfire_choices":[{"floor":6,"key":"REST"},{"data":"Cloak And Dagger","floor":12,"key":"SMITH"},{"data":"Neutralize","floor":15,"key":"SMITH"},{"data":"Well Laid Plans","floor":23,"key":"SMITH"},{"data":"After Image","floor":27,"key":"SMITH"},{"floor":32,"key":"REST"},{"floor":41,"key":"REST"},{"data":"After Image","floor":44,"key":"SMITH"},{"floor":49,"key":"REST"}],"neow_cost":"NONE","seed_source_timestamp":2413206684163398,"circlet_count":0,"master_deck":["AscendersBane","Defend_G","Defend_G","Defend_G","Defend_G+1","Defend_G","Strike_G","Survivor+1","Neutralize+1","Cloak And Dagger+1","Cloak And Dagger","Crippling Poison+1","PiercingWail+1","Well Laid Plans+1","Dodge and Roll+1","Flying Knee","Night Terror+1","Poisoned Stab","Skewer+1","After Image+1","Blade Dance+1","Blade Dance+1","Deflect+1","Night Terror+1","Accuracy","Escape Plan+1","After Image+1","Good Instincts+1","Corpse Explosion+1","Noxious Fumes","Shame","Dodge and Roll+1","Finesse+1"],"relics":["Ring of the Snake","NeowsBlessing","Golden Idol","PreservedInsect","Pen Nib","Toxic Egg 2","Blue Candle","Cursed Key","Art of War","Calipers","Kunai","Potion Belt","Spirit Poop","Empty Cage","SsserpentHead","Regal Pillow","Matryoshka","Omamori","Happy Flower","Bird Faced Urn","Oddly Smooth Stone"],"potions_floor_usage":[25,33,40,50,50,50],"damage_taken":[{"damage":0,"enemies":"2 Louse","floor":1,"turns":1},{"damage":0,"enemies":"Lagavulin","floor":7,"turns":2},{"damage":0,"enemies":"Gremlin Nob","floor":10,"turns":1},{"damage":0,"enemies":"Small Slimes","floor":11,"turns":2},{"damage":3,"enemies":"Lagavulin","floor":14,"turns":6},{"damage":4,"enemies":"The Guardian","floor":16,"turns":20},{"damage":4,"enemies":"Chosen","floor":18,"turns":5},{"damage":3,"enemies":"3 Byrds","floor":21,"turns":6},{"damage":2,"enemies":"Centurion and Healer","floor":22,"turns":9},{"damage":4,"enemies":"Book of Stabbing","floor":24,"turns":5},{"damage":0,"enemies":"3 Cultists","floor":25,"turns":6},{"damage":0,"enemies":"Gremlin Leader","floor":28,"turns":6},{"damage":10,"enemies":"Snecko","floor":31,"turns":4},{"damage":1,"enemies":"Champ","floor":33,"turns":11},{"damage":16,"enemies":"Orb Walker","floor":35,"turns":6},{"damage":0,"enemies":"3 Darklings","floor":37,"turns":10},{"damage":17,"enemies":"Reptomancer","floor":40,"turns":7},{"damage":2,"enemies":"Sphere and 2 Shapes","floor":45,"turns":5},{"damage":19,"enemies":"Mind Bloom Boss Battle","floor":47,"turns":10},{"damage":68,"enemies":"Giant Head","floor":48,"turns":11},{"damage":1,"enemies":"Time Eater","floor":50,"turns":23}],"seed_played":"-4136511933519958166","potions_obtained":[{"floor":11,"key":"SneckoOil"},{"floor":14,"key":"Ancient Potion"},{"floor":22,"key":"Explosive Potion"},{"floor":28,"key":"GamblersBrew"},{"floor":31,"key":"GhostInAJar"},{"floor":33,"key":"FairyPotion"},{"floor":37,"key":"EssenceOfSteel"},{"floor":45,"key":"Ancient Potion"}],"is_trial":false,"path_per_floor":["M","?","?","?","?","R","E","?","T","E","M","R","$","E","R","B",null,"M","?","?","M","M","R","E","M","T","R","E","$","?","M","R","B",null,"M","?","M","?","$","E","R","$","T","R","M","?","?","E","R","B",null],"character_chosen":"THE_SILENT","items_purchased":["Well Laid Plans","Dodge and Roll+1","Flying Knee","Night Terror+1","Accuracy","Good Instincts+1","Regal Pillow","Noxious Fumes"],"campfire_rested":4,"item_purchase_floors":[13,13,13,29,29,39,39,42],"current_hp_per_floor":[59,36,29,29,9,28,28,28,28,28,28,28,28,25,25,21,55,51,51,51,48,46,46,42,42,42,42,42,42,42,32,51,50,62,46,46,46,46,46,29,63,63,63,63,61,61,42,6,40,49],"gold":362,"neow_bonus":"THREE_ENEMY_KILL","is_prod":false,"is_daily":false,"chose_seed":false,"campfire_upgraded":5,"win_rate":0,"timestamp":1557348041,"path_taken":["M","?","?","?","?","R","E","?","T","E","M","R","$","E","R","BOSS","M","?","?","M","M","R","E","M","T","R","E","?","?","?","R","BOSS","M","?","?","?","$","E","R","$","T","R","M","?","?","E","R","BOSS"],"build_version":"2019-01-23","purchased_purges":0,"victory":true,"max_hp_per_floor":[66,66,66,66,66,66,66,66,66,66,66,66,66,66,66,66,66,66,66,66,66,66,66,66,66,66,66,66,66,66,66,66,66,66,66,66,66,66,66,66,66,66,66,66,66,66,66,66,66,66],"card_choices":[{"not_picked":["Sucker Punch","Accuracy"],"picked":"Cloak And Dagger","floor":1},{"not_picked":["Concentrate","Setup"],"picked":"Cloak And Dagger","floor":7},{"not_picked":["Unload","Backflip"],"picked":"Crippling Poison","floor":10},{"not_picked":["Concentrate+1","Underhanded Strike"],"picked":"PiercingWail+1","floor":11},{"not_picked":["Sucker Punch","Flying Knee","Riddle With Holes"],"picked":"SKIP","floor":14},{"not_picked":["Die Die Die","Grand Finale"],"picked":"Night Terror+1","floor":16},{"not_picked":["Prepared+1","Acrobatics+1"],"picked":"Poisoned Stab","floor":18},{"not_picked":["Blade Dance+1","Dagger Throw"],"picked":"Skewer+1","floor":21},{"not_picked":["Sucker Punch","Reflex+1"],"picked":"After Image","floor":22},{"not_picked":["Heel Hook","Backflip+1"],"picked":"Blade Dance+1","floor":24},{"not_picked":["Endless Agony","PiercingWail+1"],"picked":"Blade Dance+1","floor":25},{"not_picked":["Prepared+1","Accuracy"],"picked":"Deflect+1","floor":28},{"not_picked":["Predator","Skewer"],"picked":"Escape Plan+1","floor":31},{"not_picked":["Malaise+1","Adrenaline+1"],"picked":"After Image","floor":33},{"not_picked":["Eviscerate+1","Outmaneuver+1","Heel Hook"],"picked":"SKIP","floor":35},{"not_picked":["Dagger Spray","Prepared+1","Dagger Throw"],"picked":"SKIP","floor":37},{"not_picked":["Tactician+1","Distraction+1"],"picked":"Corpse Explosion+1","floor":40},{"not_picked":["Acrobatics+1","Flechettes+1"],"picked":"Dodge and Roll+1","floor":45},{"not_picked":["Enlightenment+1","Panacea+1"],"picked":"Finesse+1","floor":46},{"not_picked":["Sucker Punch","Slice","Crippling Poison+1"],"picked":"SKIP","floor":48}],"player_experience":340671,"relics_obtained":[{"floor":7,"key":"PreservedInsect"},{"floor":9,"key":"Pen Nib"},{"floor":10,"key":"Toxic Egg 2"},{"floor":14,"key":"Blue Candle"},{"floor":24,"key":"Calipers"},{"floor":26,"key":"Kunai"},{"floor":28,"key":"Potion Belt"},{"floor":40,"key":"Matryoshka"},{"floor":43,"key":"Omamori"},{"floor":43,"key":"Happy Flower"},{"floor":47,"key":"Bird Faced Urn"},{"floor":48,"key":"Oddly Smooth Stone"}],"event_choices":[{"damage_healed":0,"gold_gain":0,"player_choice":"Take Damage","damage_taken":23,"relics_obtained":["Golden Idol"],"max_hp_gain":0,"max_hp_loss":0,"event_name":"Golden Idol","floor":2,"gold_loss":0},{"cards_removed":["Strike_G"],"damage_healed":0,"gold_gain":0,"player_choice":"Card Removal","damage_taken":7,"max_hp_gain":0,"max_hp_loss":0,"event_name":"Golden Wing","floor":3,"gold_loss":0},{"cards_removed":["Strike_G"],"damage_healed":0,"gold_gain":0,"player_choice":"Card Removal","damage_taken":0,"max_hp_gain":0,"max_hp_loss":0,"event_name":"The Cleric","floor":4,"gold_loss":75},{"damage_healed":0,"gold_gain":0,"player_choice":"Entered Light","damage_taken":20,"max_hp_gain":0,"max_hp_loss":0,"event_name":"Shining Light","floor":5,"gold_loss":0,"cards_upgraded":["Survivor","Defend_G"]},{"damage_healed":0,"gold_gain":0,"player_choice":"Searched \u00270\u0027 times","damage_taken":0,"max_hp_gain":0,"max_hp_loss":0,"event_name":"Dead Adventurer","floor":8,"gold_loss":0},{"cards_removed":["Strike_G"],"damage_healed":0,"gold_gain":0,"player_choice":"Gave Gold","damage_taken":0,"max_hp_gain":0,"max_hp_loss":0,"event_name":"Beggar","floor":19,"gold_loss":75},{"damage_healed":0,"gold_gain":0,"player_choice":"Opened","damage_taken":0,"relics_obtained":["Art of War"],"max_hp_gain":0,"max_hp_loss":0,"event_name":"The Mausoleum","floor":20,"gold_loss":0,"cards_obtained":["Writhe"]},{"cards_removed":["Writhe"],"damage_healed":0,"gold_gain":0,"player_choice":"Offered Curse","damage_taken":0,"relics_obtained":["Spirit Poop"],"max_hp_gain":0,"max_hp_loss":0,"event_name":"Bonfire Elementals","floor":30,"gold_loss":0},{"damage_healed":0,"gold_gain":0,"player_choice":"Trade","damage_taken":0,"relics_obtained":["SsserpentHead"],"max_hp_gain":0,"max_hp_loss":0,"event_name":"FaceTrader","floor":36,"gold_loss":0},{"damage_healed":0,"gold_gain":0,"player_choice":"Ignored","damage_taken":0,"max_hp_gain":0,"max_hp_loss":0,"event_name":"Mysterious Sphere","floor":38,"gold_loss":0},{"damage_healed":0,"gold_gain":0,"player_choice":"Memory 1","damage_taken":0,"max_hp_gain":0,"max_hp_loss":0,"event_name":"SensoryStone","floor":46,"gold_loss":0},{"damage_healed":0,"gold_gain":0,"player_choice":"Fight","damage_taken":0,"max_hp_gain":0,"max_hp_loss":0,"event_name":"MindBloom","floor":47,"gold_loss":0}],"is_beta":false,"boss_relics":[{"not_picked":["Philosopher\u0027s Stone","Eternal Feather"],"picked":"Cursed Key"},{"not_picked":["Tiny House","Pandora\u0027s Box"],"picked":"Empty Cage"}],"items_purged_floors":[],"is_endless":false,"potions_floor_spawned":[11,14,22,28,31,33,37,45],"ascension_level":18}