{"gold_per_floor":[118,131,131,56,75,108,108,140,140,155,155,166,166,176,176,272,272,285,296,296,316,316,316,368,368,368,368,382,382,397,409,409,508,508,519,531,531,283,302,332,332,13,37,71,85,85],"floor_reached":46,"playtime":2148,"items_purged":["Pain","Strike_R+1","Strike_R+1"],"score":759,"play_id":"68230b73-7c15-4167-bc26-6b8435474089","local_time":"20190902050604","is_ascension_mode":true,"campfire_choices":[{"data":"Body Slam","floor":7.0,"key":"SMITH"},{"data":"Shrug It Off","floor":11.0,"key":"SMITH"},{"data":"Bash","floor":13.0,"key":"SMITH"},{"floor":15.0,"key":"REST"},{"data":"Metallicize","floor":23.0,"key":"SMITH"},{"data":"Impervious","floor":25.0,"key":"SMITH"},{"floor":27.0,"key":"RECALL"},{"data":"Barricade","floor":32.0,"key":"SMITH"},{"data":"Madness","floor":41.0,"key":"SMITH"}],"neow_cost":"NONE","seed_source_timestamp":536099711104040,"circlet_count":0,"master_deck":["Strike_R+1","Strike_R+1","Strike_R+1","Defend_R+1","Defend_R+1","Defend_R+1","Defend_R+1","Bash+1","Shrug It Off+1","Body Slam+1","Thunderclap+1","Cleave","Impervious+1","Metallicize+1","Bash+1","Barricade+1","Berserk","Madness","Madness+1","Body Slam+1","Metallicize+1"],"special_seed":0,"relics":["Burning Blood","NeowsBlessing","WarpedTongs","Nunchaku","Bird Faced Urn","Calipers","Philosopher\u0027s Stone","Blue Candle","Orichalcum","Sundial","Sozu","PreservedInsect","Pantograph","DollysMirror","Whetstone","Darkstone Periapt"],"potions_floor_usage":[],"damage_taken":[{"damage":0.0,"enemies":"Small Slimes","floor":1.0,"turns":1.0},{"damage":0.0,"enemies":"Cultist","floor":2.0,"turns":1.0},{"damage":0.0,"enemies":"2 Louse","floor":5.0,"turns":1.0},{"damage":10.0,"enemies":"3 Sentries","floor":6.0,"turns":6.0},{"damage":52.0,"enemies":"Lagavulin","floor":8.0,"turns":6.0},{"damage":0.0,"enemies":"Blue Slaver","floor":10.0,"turns":4.0},{"damage":18.0,"enemies":"Large Slime","floor":12.0,"turns":6.0},{"damage":16.0,"enemies":"Exordium Thugs","floor":14.0,"turns":5.0},{"damage":42.0,"enemies":"Slime Boss","floor":16.0,"turns":10.0},{"damage":19.0,"enemies":"2 Thieves","floor":18.0,"turns":5.0},{"damage":24.0,"enemies":"3 Byrds","floor":19.0,"turns":5.0},{"damage":0.0,"enemies":"3 Cultists","floor":21.0,"turns":4.0},{"damage":0.0,"enemies":"Snake Plant","floor":28.0,"turns":4.0},{"damage":0.0,"enemies":"Centurion and Healer","floor":30.0,"turns":6.0},{"damage":3.0,"enemies":"Cultist and Chosen","floor":31.0,"turns":6.0},{"damage":22.0,"enemies":"Champ","floor":33.0,"turns":9.0},{"damage":0.0,"enemies":"3 Darklings","floor":35.0,"turns":5.0},{"damage":27.0,"enemies":"3 Shapes","floor":36.0,"turns":8.0},{"damage":45.0,"enemies":"3 Darklings","floor":39.0,"turns":7.0},{"damage":0.0,"enemies":"Giant Head","floor":40.0,"turns":5.0},{"damage":17.0,"enemies":"Nemesis","floor":44.0,"turns":7.0},{"damage":18.0,"enemies":"4 Shapes","floor":45.0,"turns":7.0},{"damage":28,"enemies":"Sphere and 2 Shapes","floor":46,"turns":3}],"seed_played":"5699352923812399776","potions_obtained":[{"floor":1.0,"key":"Explosive Potion"},{"floor":2.0,"key":"Explosive Potion"},{"floor":12.0,"key":"FairyPotion"},{"floor":16.0,"key":"Explosive Potion"},{"floor":21.0,"key":"PowerPotion"},{"floor":33.0,"key":"Explosive Potion"}],"is_trial":false,"path_per_floor":["M","M","?","$","M","E","R","E","T","M","R","M","R","M","R","B",null,"M","M","?","M","?","R","T","R","T","R","M","?","M","M","R","B",null,"M","M","?","$","M","E","R","$","T","E","M","M"],"character_chosen":"IRONCLAD","items_purchased":["PreservedInsect","DollysMirror"],"campfire_rested":1,"item_purchase_floors":[38,42],"current_hp_per_floor":[78,80,80,80,80,76,76,30,30,36,36,24,24,14,38,14,64,51,33,33,39,39,39,39,39,39,39,49,49,57,64,64,52,73,80,63,53,53,20,30,30,30,30,27,21,0],"gold":85,"neow_bonus":"THREE_ENEMY_KILL","is_prod":false,"is_daily":false,"chose_seed":false,"campfire_upgraded":7,"win_rate":0,"timestamp":1567393564,"path_taken":["M","M","?","$","?","E","R","E","T","M","R","M","R","M","R","BOSS","M","M","?","M","?","R","?","R","T","R","M","?","M","M","R","BOSS","M","M","?","$","M","E","R","$","T","E","M","M"],"build_version":"2019-07-17","purchased_purges":3,"victory":false,"max_hp_per_floor":[80,80,80,80,80,80,80,80,80,80,80,80,80,80,80,80,80,80,80,80,80,80,80,80,80,80,80,80,80,80,80,80,80,80,80,80,80,80,80,80,80,80,80,80,80,80],"card_choices":[{"not_picked":["Burning Pact","Wild Strike","Perfected Strike"],"picked":"SKIP","floor":1.0},{"not_picked":["Headbutt","Reckless Charge","Evolve"],"picked":"SKIP","floor":2.0},{"not_picked":["Power Through","Body Slam"],"picked":"Shrug It Off","floor":5.0},{"not_picked":["Feel No Pain","Flex"],"picked":"Body Slam","floor":6.0},{"not_picked":["Infernal Blade","Cleave","Havoc"],"picked":"SKIP","floor":8.0},{"not_picked":["Disarm","Clothesline"],"picked":"Thunderclap","floor":10.0},{"not_picked":["Power Through","Cleave","Combust"],"picked":"SKIP","floor":12.0},{"not_picked":["Bludgeon","Pommel Strike"],"picked":"Cleave","floor":14.0},{"not_picked":["Reaper","Limit Break"],"picked":"Impervious","floor":16.0},{"not_picked":["Havoc","Perfected Strike","Burning Pact+1"],"picked":"SKIP","floor":18.0},{"not_picked":["Flex","Perfected Strike","Twin Strike+1"],"picked":"SKIP","floor":19.0},{"not_picked":["Sword Boomerang","Bloodletting"],"picked":"Metallicize","floor":21.0},{"not_picked":["Flex","Perfected Strike","Exhume"],"picked":"SKIP","floor":28.0},{"not_picked":["Havoc+1","Searing Blow+1","Headbutt+1"],"picked":"SKIP","floor":30.0},{"not_picked":["Cleave+1","Power Through","Iron Wave"],"picked":"SKIP","floor":31.0},{"not_picked":["Barricade","Fiend Fire"],"picked":"Berserk","floor":33.0},{"not_picked":["Flex+1","Warcry+1","Havoc+1"],"picked":"SKIP","floor":35.0},{"not_picked":["Uppercut","Carnage+1","Heavy Blade+1"],"picked":"SKIP","floor":36.0},{"not_picked":["Intimidate","Twin Strike"],"picked":"Body Slam+1","floor":39.0},{"not_picked":["Evolve","Cleave","Sword Boomerang+1"],"picked":"SKIP","floor":40.0},{"not_picked":["Evolve","Cleave","Sword Boomerang+1"],"picked":"SKIP","floor":40.0},{"not_picked":["Warcry","Sever Soul+1","Armaments"],"picked":"SKIP","floor":44.0},{"not_picked":["Clothesline+1","Thunderclap","Pummel+1"],"picked":"SKIP","floor":45.0}],"player_experience":168205,"relics_obtained":[{"floor":6.0,"key":"Nunchaku"},{"floor":8.0,"key":"Bird Faced Urn"},{"floor":9.0,"key":"Calipers"},{"floor":24.0,"key":"Orichalcum"},{"floor":26.0,"key":"Sundial"},{"floor":40.0,"key":"Pantograph"},{"floor":43.0,"key":"Whetstone"},{"floor":44.0,"key":"Darkstone Periapt"}],"event_choices":[{"damage_healed":0.0,"max_hp_gain":0.0,"max_hp_loss":0.0,"gold_gain":0.0,"event_name":"Accursed Blacksmith","player_choice":"Rummage","floor":3.0,"gold_loss":0.0,"damage_taken":0.0,"relics_obtained":["WarpedTongs"],"cards_obtained":["Pain"]},{"damage_healed":0.0,"max_hp_gain":0.0,"max_hp_loss":0.0,"gold_gain":0.0,"event_name":"The Mausoleum","player_choice":"Opened","floor":20.0,"gold_loss":0.0,"damage_taken":0.0,"relics_obtained":["Blue Candle"]},{"damage_healed":0.0,"max_hp_gain":0.0,"max_hp_loss":0.0,"gold_gain":0.0,"event_name":"Back to Basics","player_choice":"Simplicity","floor":22.0,"gold_loss":0.0,"damage_taken":0.0,"cards_upgraded":["Strike_R","Strike_R","Strike_R","Strike_R","Strike_R","Defend_R","Defend_R","Defend_R","Defend_R"]},{"damage_healed":0.0,"max_hp_gain":0.0,"max_hp_loss":0.0,"gold_gain":0.0,"event_name":"Match and Keep!","player_choice":"2 cards matched","floor":29.0,"gold_loss":0.0,"damage_taken":0.0,"cards_obtained":["Bash","Barricade"]},{"damage_healed":0.0,"max_hp_gain":0.0,"max_hp_loss":0.0,"gold_gain":0.0,"event_name":"Winding Halls","player_choice":"Embrace Madness","floor":37.0,"gold_loss":0.0,"damage_taken":10.0,"cards_obtained":["Madness","Madness"]}],"is_beta":false,"boss_relics":[{"not_picked":["Empty Cage","Mark of Pain"],"picked":"Philosopher\u0027s Stone"},{"not_picked":["Runic Pyramid","White Beast Statue"],"picked":"Sozu"}],"items_purged_floors":[4,38,42],"is_endless":false,"potions_floor_spawned":[1,2,12,16,21,33,39,45],"killed_by":"Sphere and 2 Shapes","ascension_level":8}