{"gold_per_floor":[114,128,128,48,59,59,89,14,67,80,98,98,114,129,129,129],"floor_reached":16,"playtime":825,"items_purged":["Defend_R"],"score":109,"play_id":"e6e36f7c-2e2b-4bd7-8004-7a6293964a7f","local_time":"20190902080757","is_ascension_mode":true,"campfire_choices":[{"data":"Bash","floor":15,"key":"SMITH"}],"neow_cost":"NONE","seed_source_timestamp":3338051146700,"circlet_count":0,"master_deck":["Strike_R","Strike_R","Strike_R","Strike_R","Defend_R","Bash+1","Clash","Dropkick"],"relics":["Burning Blood","Bag of Preparation","PreservedInsect"],"potions_floor_usage":[7,16],"damage_taken":[{"damage":8,"enemies":"Small Slimes","floor":1,"turns":3},{"damage":9,"enemies":"Cultist","floor":2,"turns":4},{"damage":3,"enemies":"Jaw Worm","floor":5,"turns":4},{"damage":47,"enemies":"3 Sentries","floor":7,"turns":12},{"damage":11,"enemies":"Exordium Wildlife","floor":10,"turns":3},{"damage":2,"enemies":"3 Louse","floor":11,"turns":3},{"damage":4,"enemies":"Gremlin Gang","floor":13,"turns":4},{"damage":7,"enemies":"Blue Slaver","floor":14,"turns":2},{"damage":47,"enemies":"The Guardian","floor":16,"turns":7}],"seed_played":"6483405625760097936","potions_obtained":[{"floor":5,"key":"SteroidPotion"},{"floor":10,"key":"GamblersBrew"},{"floor":11,"key":"FearPotion"},{"floor":14,"key":"EssenceOfSteel"}],"is_trial":false,"path_per_floor":["M","M","?","$","M","?","E","$","T","M","M","?","M","M","R","B"],"character_chosen":"IRONCLAD","items_purchased":["Dropkick"],"campfire_rested":0,"item_purchase_floors":[4],"current_hp_per_floor":[86,83,83,83,86,86,45,45,45,40,44,44,46,45,45,0],"gold":129,"neow_bonus":"TEN_PERCENT_HP_BONUS","is_prod":false,"is_daily":false,"chose_seed":false,"campfire_upgraded":1,"win_rate":0,"timestamp":1567436877,"path_taken":["M","M","?","?","M","?","E","$","T","M","?","?","?","M","R","BOSS"],"build_version":"2019-07-17","purchased_purges":1,"victory":false,"max_hp_per_floor":[88,88,88,88,88,88,88,88,88,88,88,88,88,88,88,88],"card_choices":[{"not_picked":["True Grit","Shrug It Off","Flex"],"picked":"SKIP","floor":1},{"not_picked":["Wild Strike","Carnage"],"picked":"Clash","floor":2},{"not_picked":["Battle Trance","Burning Pact","Body Slam"],"picked":"SKIP","floor":5},{"not_picked":["Havoc","Body Slam","Fire Breathing"],"picked":"SKIP","floor":7},{"not_picked":["Clash","Sever Soul","Perfected Strike"],"picked":"SKIP","floor":10},{"not_picked":["Ghostly Armor","Thunderclap","Seeing Red"],"picked":"SKIP","floor":11},{"not_picked":["Anger","Entrench","Burning Pact"],"picked":"SKIP","floor":13},{"not_picked":["Warcry","Shrug It Off","Exhume"],"picked":"SKIP","floor":14}],"player_experience":749533,"relics_obtained":[{"floor":7,"key":"Bag of Preparation"},{"floor":9,"key":"PreservedInsect"}],"event_choices":[{"cards_removed":["Strike_R"],"damage_healed":0,"gold_gain":0,"player_choice":"Offered Basic","damage_taken":0,"max_hp_gain":0,"max_hp_loss":0,"event_name":"Bonfire Elementals","floor":3,"gold_loss":0},{"cards_removed":["Defend_R"],"damage_healed":0,"gold_gain":0,"player_choice":"Forget","damage_taken":0,"max_hp_gain":0,"max_hp_loss":0,"event_name":"Living Wall","floor":6,"gold_loss":0},{"cards_removed":["Defend_R"],"damage_healed":0,"gold_gain":0,"player_choice":"Purged","damage_taken":0,"max_hp_gain":0,"max_hp_loss":0,"event_name":"Purifier","floor":12,"gold_loss":0}],"is_beta":false,"boss_relics":[],"items_purged_floors":[8],"is_endless":false,"potions_floor_spawned":[5,10,11,14],"killed_by":"The Guardian","ascension_level":1}