{"gold_per_floor":[109,8,8,22,39,66,66,94,94,1,1,1,26,26],"floor_reached":14,"playtime":767,"items_purged":[],"score":103,"play_id":"b9a48005-a594-4fc6-a2e2-4898d915aa50","local_time":"20190827030932","is_ascension_mode":true,"campfire_choices":[{"data":"Armaments","floor":7,"key":"SMITH"}],"neow_cost":"NONE","seed_source_timestamp":282535406964129,"circlet_count":0,"master_deck":["Strike_R","Strike_R","Strike_R","Strike_R","Strike_R","Defend_R","Defend_R","Defend_R","Defend_R","Bash","Regret","Doubt","Writhe","Dual Wield","Second Wind","Rampage","Armaments+1","Spot Weakness","Heavy Blade","Shrug It Off","Heavy Blade","Flex","Perfected Strike"],"relics":["Calling Bell","Juzu Bracelet","Meat on the Bone","Champion Belt","Potion Belt","Nunchaku","Shuriken","Golden Idol"],"potions_floor_usage":[5,5,6,8],"damage_taken":[{"damage":14,"enemies":"Cultist","floor":1,"turns":5},{"damage":4,"enemies":"2 Louse","floor":4,"turns":3},{"damage":8,"enemies":"Small Slimes","floor":5,"turns":4},{"damage":13,"enemies":"Gremlin Nob","floor":6,"turns":5},{"damage":36,"enemies":"3 Sentries","floor":8,"turns":12},{"damage":10,"enemies":"Looter","floor":13,"turns":3},{"damage":64,"enemies":"Gremlin Nob","floor":14,"turns":5}],"seed_played":"5970924842850966657","potions_obtained":[{"floor":1,"key":"EssenceOfSteel"},{"floor":3,"key":"BloodPotion"},{"floor":3,"key":"EssenceOfSteel"},{"floor":6,"key":"SteroidPotion"}],"is_trial":false,"path_per_floor":["M","$","?","M","M","E","R","E","T","$","?","?","M","E"],"character_chosen":"IRONCLAD","items_purchased":["Second Wind","Rampage","Heavy Blade","Flex"],"campfire_rested":0,"item_purchase_floors":[2,2,10,10],"current_hp_per_floor":[66,66,66,62,72,59,59,35,35,35,35,59,49,0],"gold":26,"neow_bonus":"BOSS_RELIC","is_prod":false,"is_daily":false,"chose_seed":false,"campfire_upgraded":1,"win_rate":0,"timestamp":1566868172,"path_taken":["M","?","?","M","M","E","R","E","T","$","?","?","M","E"],"build_version":"2019-06-28","purchased_purges":0,"victory":false,"max_hp_per_floor":[80,80,80,80,80,80,80,80,80,80,74,74,74,74],"card_choices":[{"not_picked":["Shockwave","Heavy Blade"],"picked":"Dual Wield","floor":1},{"not_picked":["Intimidate","Body Slam"],"picked":"Armaments","floor":4},{"not_picked":["Twin Strike","Blood for Blood"],"picked":"Spot Weakness","floor":5},{"not_picked":["Flex","Reaper"],"picked":"Heavy Blade","floor":6},{"not_picked":["Bloodletting","Combust"],"picked":"Shrug It Off","floor":8},{"not_picked":["Fire Breathing","Warcry"],"picked":"Perfected Strike","floor":13}],"player_experience":86235,"relics_obtained":[{"floor":0,"key":"Juzu Bracelet"},{"floor":0,"key":"Meat on the Bone"},{"floor":0,"key":"Champion Belt"},{"floor":6,"key":"Potion Belt"},{"floor":8,"key":"Nunchaku"},{"floor":9,"key":"Shuriken"}],"event_choices":[{"damage_healed":0,"gold_gain":0,"player_choice":"Got Potions","damage_taken":0,"max_hp_gain":0,"max_hp_loss":0,"event_name":"Lab","floor":3,"gold_loss":0},{"damage_healed":0,"gold_gain":0,"player_choice":"Lose Max HP","damage_taken":0,"relics_obtained":["Golden Idol"],"max_hp_gain":0,"max_hp_loss":6,"event_name":"Golden Idol","floor":11,"gold_loss":0},{"damage_healed":24,"gold_gain":0,"player_choice":"Banana","damage_taken":0,"max_hp_gain":0,"max_hp_loss":0,"event_name":"Big Fish","floor":12,"gold_loss":0}],"is_beta":true,"boss_relics":[],"items_purged_floors":[],"is_endless":false,"potions_floor_spawned":[1,4,6],"killed_by":"Gremlin Nob","ascension_level":1}