{"gold_per_floor":[111,121,121,137,137,137,137,160,160,178,10,10,29,50,50,143,143,167,92,142,142],"floor_reached":21,"playtime":691,"items_purged":[],"score":442,"play_id":"ee8a6a02-42cc-41df-a92d-7ed964777d3b","local_time":"20190808194033","is_ascension_mode":true,"campfire_choices":[{"data":"Conserve Battery","floor":7,"key":"SMITH"},{"data":"Hologram","floor":15,"key":"SMITH"}],"neow_cost":"NONE","seed_source_timestamp":527033323281810,"circlet_count":0,"master_deck":["AscendersBane","Strike_B","Strike_B","Defend_B","Defend_B","Defend_B","Defend_B","Zap","Dualcast","Gash","Conserve Battery+1","Coolheaded","Doom and Gloom","Gash","Undo","Capacitor","Hologram+1","White Noise","Core Surge","Barrage+1"],"relics":["Cracked Core","Vajra","Golden Idol","Mango","Philosopher\u0027s Stone"],"potions_floor_usage":[16,21,21],"damage_taken":[{"damage":1,"enemies":"Cultist","floor":1,"turns":3},{"damage":5,"enemies":"Small Slimes","floor":2,"turns":3},{"damage":7,"enemies":"Jaw Worm","floor":4,"turns":2},{"damage":15,"enemies":"3 Louse","floor":8,"turns":4},{"damage":8,"enemies":"Red Slaver","floor":10,"turns":5},{"damage":26,"enemies":"Large Slime","floor":13,"turns":7},{"damage":0,"enemies":"Blue Slaver","floor":14,"turns":3},{"damage":0,"enemies":"Hexaghost","floor":16,"turns":9},{"damage":17,"enemies":"Spheric Guardian","floor":18,"turns":7},{"damage":45,"enemies":"3 Byrds","floor":21,"turns":7}],"seed_played":"-8956605625400907395","potions_obtained":[{"floor":2,"key":"Dexterity Potion"},{"floor":4,"key":"PowerPotion"},{"floor":16,"key":"SteroidPotion"}],"is_trial":false,"path_per_floor":["M","M","$","M","?","?","R","M","T","M","$","?","M","M","R","B",null,"M","?","?","M"],"character_chosen":"DEFECT","items_purchased":["Gash","Undo","Capacitor"],"campfire_rested":0,"item_purchase_floors":[11,11,11],"current_hp_per_floor":[63,58,58,51,51,44,44,29,43,35,35,35,9,9,9,9,61,44,44,44,0],"gold":142,"neow_bonus":"RANDOM_COMMON_RELIC","is_prod":false,"is_daily":false,"chose_seed":false,"campfire_upgraded":2,"win_rate":0,"timestamp":1565307633,"path_taken":["M","?","$","M","?","?","R","M","T","M","$","?","?","M","R","BOSS","M","?","?","?"],"build_version":"2019-07-17","purchased_purges":0,"victory":false,"max_hp_per_floor":[71,71,71,71,64,64,64,64,78,78,78,78,78,78,78,78,78,78,78,78,78],"card_choices":[{"not_picked":["Steam Power","Stack"],"picked":"Gash","floor":1},{"not_picked":["Chaos","Auto Shields"],"picked":"Conserve Battery","floor":2},{"not_picked":["Recycle","Cold Snap"],"picked":"Coolheaded","floor":4},{"not_picked":["Streamline","Go for the Eyes","Barrage"],"picked":"SKIP","floor":8},{"not_picked":["Ball Lightning","Redo"],"picked":"Doom and Gloom","floor":10},{"not_picked":["Meteor Strike","Sweeping Beam"],"picked":"Hologram","floor":13},{"not_picked":["Compile Driver","Darkness"],"picked":"White Noise","floor":14},{"not_picked":["Hyperbeam","Meteor Strike"],"picked":"Core Surge","floor":16},{"not_picked":["Redo","Steam"],"picked":"Barrage+1","floor":18}],"player_experience":557483,"relics_obtained":[{"floor":9,"key":"Mango"}],"event_choices":[{"damage_healed":0,"gold_gain":0,"player_choice":"Lose Max HP","damage_taken":0,"relics_obtained":["Golden Idol"],"max_hp_gain":0,"max_hp_loss":7,"event_name":"Golden Idol","floor":5,"gold_loss":0},{"cards_removed":["Strike_B"],"damage_healed":0,"gold_gain":0,"player_choice":"Card Removal","damage_taken":7,"max_hp_gain":0,"max_hp_loss":0,"event_name":"Golden Wing","floor":6,"gold_loss":0},{"damage_healed":0,"gold_gain":0,"player_choice":"Got Potions","damage_taken":0,"max_hp_gain":0,"max_hp_loss":0,"event_name":"Lab","floor":12,"gold_loss":0},{"cards_removed":["Strike_B"],"damage_healed":0,"gold_gain":0,"player_choice":"Gave Gold","damage_taken":0,"max_hp_gain":0,"max_hp_loss":0,"event_name":"Beggar","floor":19,"gold_loss":75},{"damage_healed":0,"gold_gain":50,"player_choice":"Stole From Cult","damage_taken":0,"max_hp_gain":0,"max_hp_loss":0,"event_name":"Nest","floor":20,"gold_loss":0}],"is_beta":false,"boss_relics":[{"not_picked":["Lizard Tail","Black Star"],"picked":"Philosopher\u0027s Stone"}],"items_purged_floors":[],"is_endless":false,"potions_floor_spawned":[2,4,8,10,16],"killed_by":"3 Byrds","ascension_level":20}