{"gold_per_floor":[218,218,237,248,259,259,275,275,275,290,319,319,9,21,21,125,125,141,81,98,109,124,124,49,62,62,76,99,99,128,128,128,225,225,237,249,265,4,20,20,40,40,94,129,145,10,10,23,23,23],"floor_reached":51,"playtime":10525,"items_purged":["Strike_G"],"score":680,"play_id":"c554d8fe-4819-4b01-bc63-aac52250ea41","local_time":"20190902022152","is_ascension_mode":false,"campfire_choices":[{"data":"Blur","floor":6,"key":"SMITH"},{"data":"Leg Sweep","floor":8,"key":"SMITH"},{"floor":12,"key":"REST"},{"floor":15,"key":"REST"},{"data":"Footwork","floor":23,"key":"SMITH"},{"floor":29,"key":"REST"},{"data":"Envenom","floor":32,"key":"SMITH"},{"floor":40,"key":"REST"},{"floor":49,"key":"REST"}],"neow_cost":"NONE","seed_source_timestamp":1627500318906130,"circlet_count":0,"master_deck":["Defend_G","Defend_G","Defend_G","Defend_G","Defend_G","Survivor","Neutralize","Poisoned Stab","Blur+1","Poisoned Stab","Deadly Poison","Backflip","Leg Sweep+1","Dash","Footwork+1","Crippling Poison","All Out Attack","Envenom+1","Corpse Explosion+1","Infinite Blades+1","Quick Slash+1","Footwork+1","Deflect+1","All Out Attack+1","Bane+1","Burst","Writhe","Dash+1","Noxious Fumes"],"relics":["Ring of the Snake","Oddly Smooth Stone","Potion Belt","Astrolabe","Dream Catcher","Boot","Gremlin Horn","Busted Crown","Letter Opener","Lantern","Bottled Flame"],"potions_floor_usage":[20,20,30,33,33,39,44,48,50,50],"damage_taken":[{"damage":0,"enemies":"2 Louse","floor":1,"turns":4},{"damage":0,"enemies":"Cultist","floor":3,"turns":4},{"damage":0,"enemies":"Small Slimes","floor":4,"turns":4},{"damage":10,"enemies":"Exordium Thugs","floor":5,"turns":6},{"damage":0,"enemies":"Looter","floor":7,"turns":4},{"damage":4,"enemies":"2 Fungi Beasts","floor":10,"turns":5},{"damage":33,"enemies":"Gremlin Nob","floor":11,"turns":5},{"damage":0,"enemies":"Large Slime","floor":14,"turns":7},{"damage":7,"enemies":"Slime Boss","floor":16,"turns":13},{"damage":0,"enemies":"3 Byrds","floor":18,"turns":2},{"damage":0,"enemies":"2 Thieves","floor":19,"turns":4},{"damage":4,"enemies":"Cultist and Chosen","floor":20,"turns":6},{"damage":2,"enemies":"Centurion and Healer","floor":21,"turns":6},{"damage":1,"enemies":"Snecko","floor":22,"turns":7},{"damage":9,"enemies":"Snake Plant","floor":25,"turns":5},{"damage":6,"enemies":"Shelled Parasite and Fungi","floor":27,"turns":9},{"damage":7,"enemies":"Book of Stabbing","floor":30,"turns":9},{"damage":7,"enemies":"Automaton","floor":33,"turns":11},{"damage":7,"enemies":"3 Shapes","floor":35,"turns":5},{"damage":0,"enemies":"3 Darklings","floor":36,"turns":4},{"damage":13,"enemies":"4 Shapes","floor":37,"turns":3},{"damage":12,"enemies":"Transient","floor":39,"turns":5},{"damage":22,"enemies":"Sphere and 2 Shapes","floor":41,"turns":7},{"damage":3,"enemies":"Nemesis","floor":44,"turns":7},{"damage":0,"enemies":"Maw","floor":45,"turns":9},{"damage":6,"enemies":"Transient","floor":48,"turns":5},{"damage":14,"enemies":"Donu and Deca","floor":50,"turns":10}],"seed_played":"-2269981406224925870","potions_obtained":[{"floor":1,"key":"Ancient Potion"},{"floor":4,"key":"Ancient Potion"},{"floor":11,"key":"Fire Potion"},{"floor":16,"key":"FairyPotion"},{"floor":20,"key":"PowerPotion"},{"floor":21,"key":"Weak Potion"},{"floor":22,"key":"Energy Potion"},{"floor":25,"key":"SpeedPotion"},{"floor":27,"key":"PowerPotion"},{"floor":36,"key":"AttackPotion"},{"floor":41,"key":"Dexterity Potion"},{"floor":48,"key":"Energy Potion"}],"is_trial":false,"path_per_floor":["M","?","M","M","M","R","M","R","T","M","E","R","$","M","R","B",null,"M","M","M","M","M","R","$","M","T","M","T","R","E","?","R","B",null,"M","M","M","$","M","R","M","?","T","E","M","$","?","M","R","B",null],"character_chosen":"THE_SILENT","items_purchased":["Footwork","Crippling Poison","All Out Attack","Poison Potion","Swift Potion","Letter Opener","Noxious Fumes","Strength Potion","Weak Potion"],"campfire_rested":5,"item_purchase_floors":[13,13,13,13,13,38,46,46,46],"current_hp_per_floor":[70,70,70,70,60,60,60,60,60,56,23,44,44,44,65,58,70,70,70,66,64,63,63,63,54,54,48,48,69,62,62,62,55,70,63,63,50,50,38,59,37,55,55,52,52,52,52,46,67,53],"gold":23,"neow_bonus":"HUNDRED_GOLD","is_prod":false,"is_daily":false,"chose_seed":false,"campfire_upgraded":4,"win_rate":0.0,"timestamp":1567416112,"path_taken":["M","?","M","M","?","R","M","R","T","M","E","R","$","M","R","BOSS","M","M","M","M","M","R","$","M","T","M","?","R","E","?","R","BOSS","M","M","M","$","M","R","M","?","T","E","M","$","?","M","R","BOSS"],"build_version":"2019-07-17","purchased_purges":1,"victory":true,"max_hp_per_floor":[70,70,70,70,70,70,70,70,70,70,70,70,70,70,70,70,70,70,70,70,70,70,70,70,70,70,70,70,70,70,70,70,70,70,70,70,70,70,70,70,70,70,70,70,70,70,70,70,70,70],"card_choices":[{"not_picked":["Sucker Punch","Blade Dance"],"picked":"Poisoned Stab","floor":1},{"not_picked":["Sucker Punch","Blade Dance"],"picked":"Poisoned Stab","floor":3},{"not_picked":["PiercingWail","Underhanded Strike"],"picked":"Deadly Poison","floor":4},{"not_picked":["Flying Knee","Dagger Throw"],"picked":"Backflip","floor":5},{"not_picked":["Dagger Throw","PiercingWail"],"picked":"Leg Sweep","floor":7},{"not_picked":["Sucker Punch","Dagger Throw"],"picked":"All Out Attack","floor":10},{"not_picked":["Well Laid Plans","Doppelganger"],"picked":"Dash","floor":11},{"not_picked":["Outmaneuver","Backflip","Blade Dance"],"picked":"SKIP","floor":14},{"not_picked":["Doppelganger","Die Die Die"],"picked":"Envenom","floor":16},{"not_picked":["Dodge and Roll","Choke+1"],"picked":"Quick Slash+1","floor":18},{"not_picked":["Backflip","Blade Dance"],"picked":"Footwork+1","floor":19},{"not_picked":["Backflip+1","Expertise"],"picked":"Deflect+1","floor":20},{"not_picked":["Reflex","Bane"],"picked":"All Out Attack+1","floor":21},{"not_picked":["Outmaneuver","Dagger Throw+1","Dagger Spray+1"],"picked":"SKIP","floor":22},{"not_picked":["Dagger Spray","A Thousand Cuts"],"picked":"Bane+1","floor":25},{"not_picked":["Acrobatics","Tactician+1","Underhanded Strike"],"picked":"SKIP","floor":27},{"not_picked":["PiercingWail","Calculated Gamble","Infinite Blades"],"picked":"SKIP","floor":30},{"not_picked":["Venomology","Phantasmal Killer"],"picked":"Burst","floor":33},{"not_picked":["Reflex"],"picked":"SKIP","floor":35},{"not_picked":["Skewer+1"],"picked":"SKIP","floor":36},{"not_picked":["Eviscerate"],"picked":"SKIP","floor":37},{"not_picked":["Dagger Spray"],"picked":"SKIP","floor":39},{"not_picked":["Backflip"],"picked":"SKIP","floor":41},{"not_picked":[],"picked":"Dash+1","floor":44},{"not_picked":["Calculated Gamble+1"],"picked":"SKIP","floor":45},{"not_picked":["Backstab+1"],"picked":"SKIP","floor":48}],"player_experience":66954,"relics_obtained":[{"floor":9,"key":"Oddly Smooth Stone"},{"floor":11,"key":"Potion Belt"},{"floor":26,"key":"Dream Catcher"},{"floor":28,"key":"Boot"},{"floor":30,"key":"Gremlin Horn"},{"floor":43,"key":"Lantern"},{"floor":44,"key":"Bottled Flame"}],"event_choices":[{"damage_healed":0,"gold_gain":0,"cards_transformed":["Strike_G"],"player_choice":"Transformed","damage_taken":0,"max_hp_gain":0,"max_hp_loss":0,"event_name":"Transmorgrifier","floor":2,"gold_loss":0,"cards_obtained":["Blur"]},{"cards_removed":["Doppelganger"],"damage_healed":0,"gold_gain":0,"player_choice":"Purged","damage_taken":0,"max_hp_gain":0,"max_hp_loss":0,"event_name":"Purifier","floor":31,"gold_loss":0},{"damage_healed":18,"gold_gain":0,"player_choice":"Writhe","damage_taken":0,"max_hp_gain":0,"max_hp_loss":0,"event_name":"Winding Halls","floor":42,"gold_loss":0,"cards_obtained":["Writhe"]},{"cards_removed":["All Out Attack"],"damage_healed":0,"gold_gain":0,"player_choice":"Removed Attack","damage_taken":0,"max_hp_gain":0,"max_hp_loss":0,"event_name":"Falling","floor":47,"gold_loss":0}],"is_beta":false,"boss_relics":[{"not_picked":["Orrery","Lizard Tail"],"picked":"Astrolabe"},{"not_picked":["Fusion Hammer","Philosopher\u0027s Stone"],"picked":"Busted Crown"}],"items_purged_floors":[24],"is_endless":false,"potions_floor_spawned":[1,4,11,16,20,21,22,25,27,36,41,48],"ascension_level":0}