{"gold_per_floor":[111,125,73,73,34,63,80,94,174,186,214,230,242,42,42,42],"floor_reached":16,"playtime":384,"items_purged":[],"score":278,"play_id":"2d5ea6f6-ab0c-40c0-9828-9ffbcb6e4863","local_time":"20190807200529","is_ascension_mode":true,"campfire_choices":[{"floor":15,"key":"REST"}],"neow_cost":"NONE","seed_source_timestamp":442447306039901,"circlet_count":0,"master_deck":["AscendersBane","Strike_G","Strike_G","Strike_G","Strike_G","Strike_G","Defend_G","Defend_G","Defend_G","Defend_G","Defend_G","Survivor","Neutralize","Noxious Fumes","Dagger Throw","Dagger Spray","Decay","Crippling Poison","Backflip","Dash","After Image","Storm of Steel","Footwork","Apotheosis"],"relics":["Ring of the Snake","NeowsBlessing","Dead Branch","Meat on the Bone","Smiling Mask"],"potions_floor_usage":[11,11,13],"damage_taken":[{"damage":0,"enemies":"Cultist","floor":1,"turns":1},{"damage":0,"enemies":"Jaw Worm","floor":2,"turns":1},{"damage":0,"enemies":"3 Sentries","floor":6,"turns":1},{"damage":0,"enemies":"Small Slimes","floor":7,"turns":3},{"damage":13,"enemies":"3 Louse","floor":8,"turns":2},{"damage":31,"enemies":"Large Slime","floor":10,"turns":7},{"damage":23,"enemies":"Lagavulin","floor":11,"turns":8},{"damage":12,"enemies":"Exordium Wildlife","floor":12,"turns":3},{"damage":9,"enemies":"2 Fungi Beasts","floor":13,"turns":4},{"damage":38,"enemies":"The Guardian","floor":16,"turns":2}],"seed_played":"-8926501473212604106","potions_obtained":[{"floor":1,"key":"SteroidPotion"},{"floor":8,"key":"SteroidPotion"},{"floor":11,"key":"Strength Potion"},{"floor":13,"key":"SmokeBomb"}],"is_trial":false,"path_per_floor":["M","M","$","?","$","E","M","M","T","M","E","M","M","$","R","B"],"character_chosen":"THE_SILENT","items_purchased":["Dagger Spray","Crippling Poison","Apotheosis"],"campfire_rested":1,"item_purchase_floors":[3,5,14],"current_hp_per_floor":[59,59,59,59,59,59,59,46,46,27,16,16,19,19,38,0],"gold":42,"neow_bonus":"THREE_ENEMY_KILL","is_prod":false,"is_daily":false,"chose_seed":false,"campfire_upgraded":0,"win_rate":0,"timestamp":1565222729,"path_taken":["M","M","$","?","$","E","M","M","T","M","E","M","M","?","R","BOSS"],"build_version":"2019-07-17","purchased_purges":0,"victory":false,"max_hp_per_floor":[66,66,66,66,66,66,66,66,66,66,66,66,66,66,66,66],"card_choices":[{"not_picked":["Flechettes","Endless Agony"],"picked":"Noxious Fumes","floor":1},{"not_picked":["Quick Slash","Underhanded Strike"],"picked":"Dagger Throw","floor":2},{"not_picked":["Bouncing Flask","Choke"],"picked":"Backflip","floor":6},{"not_picked":["Flying Knee","Endless Agony"],"picked":"Dash","floor":7},{"not_picked":["Dagger Spray","Concentrate","Riddle With Holes"],"picked":"SKIP","floor":8},{"not_picked":["Deflect","Endless Agony"],"picked":"After Image","floor":10},{"not_picked":["Dodge and Roll","Dagger Spray"],"picked":"Storm of Steel","floor":11},{"not_picked":["Heel Hook","Poisoned Stab"],"picked":"Footwork","floor":12},{"not_picked":["Slice","Deadly Poison","Prepared"],"picked":"SKIP","floor":13}],"player_experience":556417,"relics_obtained":[{"floor":6,"key":"Dead Branch"},{"floor":9,"key":"Meat on the Bone"},{"floor":11,"key":"Smiling Mask"}],"event_choices":[{"damage_healed":0,"gold_gain":0,"player_choice":"Cursed","damage_taken":0,"max_hp_gain":0,"max_hp_loss":0,"event_name":"Wheel of Change","floor":4,"gold_loss":0,"cards_obtained":["Decay"]}],"is_beta":false,"boss_relics":[],"items_purged_floors":[],"is_endless":false,"potions_floor_spawned":[1,8,11,13],"killed_by":"The Guardian","ascension_level":20}