{"gold_per_floor":[111,122,135,135,135,169,169,184,184,197,147,147,26,41,41,143,143,163,163,7,7,22,22,56,74,145,162,174,206,206,206,206,304,304,319,129,146,9,21,46,46,81,81,81,1,1,1,19,19,19],"floor_reached":51,"playtime":1365,"items_purged":["Strike_R+1","Strike_R+1"],"score":1168,"play_id":"58128ab0-2c4b-4436-910d-926dcc9ceacd","local_time":"20190227202312","is_ascension_mode":true,"campfire_choices":[{"data":"Demon Form","floor":7.0,"key":"SMITH"},{"data":"Bash","floor":12.0,"key":"SMITH"},{"data":"Impervious","floor":15.0,"key":"SMITH"},{"data":"Clothesline","floor":23.0,"key":"SMITH"},{"data":"Battle Trance","floor":32.0,"key":"SMITH"},{"data":"Searing Blow+1","floor":41.0,"key":"SMITH"},{"data":"Searing Blow+2","floor":44.0,"key":"SMITH"},{"data":"Searing Blow+3","floor":47.0,"key":"SMITH"},{"data":"Impervious","floor":49.0,"key":"SMITH"}],"neow_cost":"NONE","seed_source_timestamp":0,"circlet_count":0,"master_deck":["AscendersBane","Strike_R+1","Strike_R+1","Defend_R+1","Defend_R+1","Defend_R+1","Defend_R+1","Bash+1","Body Slam+1","Demon Form+1","Battle Trance+1","Impervious+1","Shrug It Off","Barricade","Heavy Blade+1","Necronomicurse","Clothesline+1","Corruption+1","Shrug It Off","Uppercut+1","Impervious+1","Heavy Blade+1","Feel No Pain","Immolate","Entrench","Discovery","Searing Blow+4","Shrug It Off+1","Impervious+1","Parasite","Uppercut+1"],"special_seed":0,"relics":["Burning Blood","Blood Vial","Sundial","Shuriken","Snecko Eye","Necronomicon","Lantern","The Courier","Letter Opener","Du-Vu Doll","Sozu","Regal Pillow","Bag of Preparation","Bottled Lightning"],"potions_floor_usage":[50],"damage_taken":[{"damage":8.0,"enemies":"Jaw Worm","floor":1.0,"turns":4.0},{"damage":4.0,"enemies":"Small Slimes","floor":2.0,"turns":4.0},{"damage":0.0,"enemies":"Cultist","floor":3.0,"turns":3.0},{"damage":55.0,"enemies":"3 Sentries","floor":6.0,"turns":12.0},{"damage":13.0,"enemies":"3 Louse","floor":8.0,"turns":5.0},{"damage":0.0,"enemies":"Exordium Wildlife","floor":10.0,"turns":3.0},{"damage":2.0,"enemies":"Looter","floor":14.0,"turns":3.0},{"damage":24.0,"enemies":"Hexaghost","floor":16.0,"turns":6.0},{"damage":30.0,"enemies":"2 Thieves","floor":18.0,"turns":4.0},{"damage":1.0,"enemies":"3 Byrds","floor":22.0,"turns":6.0},{"damage":24.0,"enemies":"Book of Stabbing","floor":24.0,"turns":5.0},{"damage":0.0,"enemies":"3 Cultists","floor":25.0,"turns":5.0},{"damage":5.0,"enemies":"Snake Plant","floor":27.0,"turns":3.0},{"damage":10.0,"enemies":"Shelled Parasite and Fungi","floor":28.0,"turns":3.0},{"damage":10.0,"enemies":"Slavers","floor":29.0,"turns":4.0},{"damage":15.0,"enemies":"Champ","floor":33.0,"turns":8.0},{"damage":2.0,"enemies":"3 Darklings","floor":35.0,"turns":5.0},{"damage":8.0,"enemies":"Orb Walker","floor":37.0,"turns":2.0},{"damage":0.0,"enemies":"Maw","floor":39.0,"turns":4.0},{"damage":0.0,"enemies":"Nemesis","floor":40.0,"turns":5.0},{"damage":7.0,"enemies":"Reptomancer","floor":42.0,"turns":4.0},{"damage":0.0,"enemies":"Writhing Mass","floor":48.0,"turns":2.0},{"damage":27,"enemies":"Donu and Deca","floor":50,"turns":7}],"seed_played":"-5071848926754679715","potions_obtained":[{"floor":6.0,"key":"Swift Potion"},{"floor":14.0,"key":"Strength Potion"},{"floor":16.0,"key":"Block Potion"},{"floor":24.0,"key":"SkillPotion"},{"floor":25.0,"key":"Explosive Potion"},{"floor":28.0,"key":"Fire Potion"},{"floor":29.0,"key":"Block Potion"}],"is_trial":false,"path_per_floor":["M","M","M","?","?","E","R","M","T","M","?","R","$","M","R","B",null,"M","?","$","?","M","R","E","M","T","M","M","E","?","?","R","B",null,"M","$","M","$","M","E","R","E","T","R","$","?","R","M","R","B",null],"character_chosen":"IRONCLAD","items_purchased":["Impervious","Swift Potion","Lantern","Feel No Pain","Immolate","Discovery"],"campfire_rested":0,"item_purchase_floors":[13,13,20,36,36,38],"current_hp_per_floor":[72,76,80,80,72,25,25,20,20,28,28,28,28,34,34,18,65,43,27,27,80,80,80,62,70,70,73,71,69,69,69,69,62,76,80,80,78,78,80,80,80,79,79,79,79,79,79,80,80,59],"gold":19,"neow_bonus":"RANDOM_COMMON_RELIC","is_prod":false,"is_daily":false,"chose_seed":false,"campfire_upgraded":9,"win_rate":0,"timestamp":1551316992,"path_taken":["M","M","M","?","?","E","R","?","T","M","?","R","$","M","R","BOSS","M","?","$","?","M","R","E","?","T","M","M","E","?","?","R","BOSS","M","$","M","$","?","E","R","E","T","R","?","?","R","M","R","BOSS"],"build_version":"2019-01-23","purchased_purges":2,"victory":true,"max_hp_per_floor":[80,80,80,80,80,80,80,80,80,80,80,80,80,80,80,80,80,80,80,80,80,80,80,80,80,80,80,80,80,80,80,80,80,80,80,80,80,80,80,80,80,80,80,80,80,80,80,80,80,80],"card_choices":[{"not_picked":["Cleave","Intimidate"],"picked":"Body Slam","floor":1.0},{"not_picked":["Havoc","Warcry"],"picked":"Pummel","floor":2.0},{"not_picked":["Thunderclap","Twin Strike","Pommel Strike"],"picked":"SKIP","floor":3.0},{"not_picked":["Second Wind","Clothesline"],"picked":"Demon Form","floor":6.0},{"not_picked":["Iron Wave","Headbutt"],"picked":"Battle Trance","floor":8.0},{"not_picked":["Wild Strike","Thunderclap","Combust"],"picked":"SKIP","floor":10.0},{"not_picked":["Havoc","Perfected Strike"],"picked":"Shrug It Off","floor":14.0},{"not_picked":["Fiend Fire","Demon Form"],"picked":"Barricade","floor":16.0},{"not_picked":["Havoc","Sword Boomerang"],"picked":"Heavy Blade+1","floor":18.0},{"not_picked":["Fire Breathing","Hemokinesis+1"],"picked":"Clothesline","floor":22.0},{"not_picked":["Battle Trance+1","Metallicize"],"picked":"Corruption+1","floor":24.0},{"not_picked":["Reckless Charge","Perfected Strike","Headbutt"],"picked":"SKIP","floor":25.0},{"not_picked":["Havoc","Intimidate"],"picked":"Shrug It Off","floor":27.0},{"not_picked":["Bloodletting","True Grit","Flex+1"],"picked":"SKIP","floor":28.0},{"not_picked":["Flex","Heavy Blade"],"picked":"Uppercut","floor":29.0},{"not_picked":["Barricade","Brutality"],"picked":"Impervious","floor":33.0},{"not_picked":["Seeing Red","Wild Strike"],"picked":"Heavy Blade+1","floor":35.0},{"not_picked":["Dropkick","Iron Wave"],"picked":"Entrench","floor":37.0},{"not_picked":["Combust+1","Sever Soul+1"],"picked":"Searing Blow+1","floor":39.0},{"not_picked":["Fiend Fire","Second Wind","Body Slam"],"picked":"SKIP","floor":40.0},{"not_picked":["Barricade","Perfected Strike"],"picked":"Shrug It Off+1","floor":42.0},{"not_picked":["Cleave+1","Infernal Blade+1"],"picked":"Uppercut+1","floor":48.0}],"player_experience":148444,"relics_obtained":[{"floor":6.0,"key":"Sundial"},{"floor":9.0,"key":"Shuriken"},{"floor":19.0,"key":"Necronomicon"},{"floor":24.0,"key":"The Courier"},{"floor":26.0,"key":"Letter Opener"},{"floor":29.0,"key":"Du-Vu Doll"},{"floor":40.0,"key":"Regal Pillow"},{"floor":42.0,"key":"Bag of Preparation"},{"floor":43.0,"key":"Bottled Lightning"}],"event_choices":[{"damage_healed":0.0,"max_hp_gain":0.0,"max_hp_loss":0.0,"gold_gain":0.0,"event_name":"Living Wall","player_choice":"Grow","floor":4.0,"gold_loss":0.0,"damage_taken":0.0,"cards_upgraded":["Body Slam"]},{"damage_healed":0.0,"max_hp_gain":0.0,"max_hp_loss":0.0,"gold_gain":0.0,"event_name":"Wheel of Change","player_choice":"Damaged","floor":5.0,"gold_loss":0.0,"damage_taken":8.0},{"cards_removed":["Strike_R"],"damage_healed":0.0,"max_hp_gain":0.0,"max_hp_loss":0.0,"gold_gain":0.0,"event_name":"The Cleric","player_choice":"Card Removal","floor":11.0,"gold_loss":50.0,"damage_taken":0.0},{"damage_healed":0.0,"max_hp_gain":0.0,"max_hp_loss":0.0,"gold_gain":0.0,"event_name":"Cursed Tome","player_choice":"Obtained Book","floor":19.0,"gold_loss":0.0,"damage_taken":16.0},{"cards_removed":["Pummel"],"damage_healed":53.0,"max_hp_gain":0.0,"max_hp_loss":0.0,"gold_gain":0.0,"event_name":"Bonfire Elementals","player_choice":"Offered Uncommon","floor":21.0,"gold_loss":0.0,"damage_taken":0.0},{"damage_healed":0.0,"max_hp_gain":0.0,"max_hp_loss":0.0,"gold_gain":0.0,"event_name":"Back to Basics","player_choice":"Simplicity","floor":30.0,"gold_loss":0.0,"damage_taken":0.0,"cards_upgraded":["Strike_R","Strike_R","Strike_R","Strike_R","Defend_R","Defend_R","Defend_R","Defend_R"]},{"damage_healed":0.0,"max_hp_gain":0.0,"max_hp_loss":0.0,"gold_gain":0.0,"event_name":"Accursed Blacksmith","player_choice":"Forge","floor":31.0,"gold_loss":0.0,"damage_taken":0.0,"cards_upgraded":["Uppercut"]},{"damage_healed":0.0,"max_hp_gain":0.0,"max_hp_loss":0.0,"gold_gain":0.0,"event_name":"Duplicator","player_choice":"Copied","floor":46.0,"gold_loss":0.0,"damage_taken":0.0,"cards_obtained":["Impervious"]}],"is_beta":false,"boss_relics":[{"not_picked":["Runic Pyramid","White Beast Statue"],"picked":"Snecko Eye"},{"not_picked":["Calling Bell","Velvet Choker"],"picked":"Sozu"}],"items_purged_floors":[38,45],"is_endless":false,"potions_floor_spawned":[6,14,16,24,25,28,29,33,35,42],"ascension_level":10}