{"gold_per_floor":[114,129,141,66,84,84,119,139,139,194,47,47,47,67,67,67],"floor_reached":16,"playtime":1018,"items_purged":["Strike_R"],"score":133,"play_id":"5dab76ef-0bdc-4990-a23e-8e39bebf22b8","local_time":"20190901231815","is_ascension_mode":true,"campfire_choices":[{"data":"Cleave","floor":6,"key":"SMITH"},{"floor":12,"key":"REST"},{"floor":15,"key":"REST"}],"neow_cost":"NONE","seed_source_timestamp":518407135800555,"circlet_count":0,"master_deck":["Strike_R","Strike_R","Strike_R","Defend_R","Defend_R","Defend_R","Defend_R","Bash","Pommel Strike","Cleave+1","Feed","Cleave","Intimidate"],"relics":["Burning Blood","Magic Flower","Torii","Calipers","Vajra","FaceOfCleric"],"potions_floor_usage":[7,7,16],"damage_taken":[{"damage":4,"enemies":"2 Louse","floor":1,"turns":4},{"damage":9,"enemies":"Jaw Worm","floor":2,"turns":3},{"damage":6,"enemies":"Cultist","floor":3,"turns":3},{"damage":4,"enemies":"2 Fungi Beasts","floor":5,"turns":3},{"damage":55,"enemies":"Lagavulin","floor":7,"turns":8},{"damage":14,"enemies":"Red Slaver","floor":8,"turns":6},{"damage":12,"enemies":"3 Sentries","floor":10,"turns":6},{"damage":24,"enemies":"Exordium Wildlife","floor":14,"turns":2},{"damage":63,"enemies":"Hexaghost","floor":16,"turns":12}],"seed_played":"5619873750979959959","potions_obtained":[{"floor":1,"key":"Ancient Potion"},{"floor":5,"key":"SpeedPotion"},{"floor":8,"key":"Dexterity Potion"}],"is_trial":false,"path_per_floor":["M","M","M","$","M","R","E","M","T","?","$","R","?","M","R","B"],"character_chosen":"IRONCLAD","items_purchased":["Vajra"],"campfire_rested":2,"item_purchase_floors":[11],"current_hp_per_floor":[74,71,71,71,73,73,24,19,19,21,21,45,45,37,63,0],"gold":67,"neow_bonus":"REMOVE_CARD","is_prod":false,"is_daily":false,"chose_seed":false,"campfire_upgraded":1,"win_rate":0,"timestamp":1567372695,"path_taken":["M","M","M","$","M","R","E","M","T","?","$","R","?","M","R","BOSS"],"build_version":"2019-07-17","purchased_purges":1,"victory":false,"max_hp_per_floor":[80,80,80,80,80,80,80,80,80,83,83,83,83,87,87,87],"card_choices":[{"not_picked":["Second Wind","Heavy Blade"],"picked":"Pommel Strike","floor":1},{"not_picked":["Wild Strike","True Grit","Armaments"],"picked":"SKIP","floor":2},{"not_picked":["Flame Barrier","True Grit"],"picked":"Cleave","floor":3},{"not_picked":["Second Wind","Clash","Anger"],"picked":"SKIP","floor":5},{"not_picked":["Metallicize","Second Wind","Dropkick"],"picked":"SKIP","floor":7},{"not_picked":["Spot Weakness","Havoc"],"picked":"Feed","floor":8},{"not_picked":["Body Slam","Clothesline"],"picked":"Cleave","floor":10},{"not_picked":["Sever Soul","Second Wind"],"picked":"Intimidate","floor":14}],"player_experience":152111,"relics_obtained":[{"floor":7,"key":"Magic Flower"},{"floor":9,"key":"Torii"},{"floor":10,"key":"Calipers"}],"event_choices":[{"damage_healed":0,"gold_gain":0,"player_choice":"Searched \u00272\u0027 times","damage_taken":0,"max_hp_gain":0,"max_hp_loss":0,"event_name":"Dead Adventurer","floor":10,"gold_loss":0},{"damage_healed":0,"gold_gain":0,"player_choice":"Trade","damage_taken":0,"relics_obtained":["FaceOfCleric"],"max_hp_gain":0,"max_hp_loss":0,"event_name":"FaceTrader","floor":13,"gold_loss":0}],"is_beta":false,"boss_relics":[],"items_purged_floors":[4],"is_endless":false,"potions_floor_spawned":[1,5,8],"killed_by":"Hexaghost","ascension_level":6}