{"gold_per_floor":[117,135,52,100,110,142,142,161,161,161],"floor_reached":10,"playtime":130,"items_purged":[],"score":136,"play_id":"5fbeff6b-48ac-4e08-b300-bb22594b65cb","local_time":"20190828212345","is_ascension_mode":true,"campfire_choices":[{"data":"Dodge and Roll","floor":7,"key":"SMITH"}],"neow_cost":"NONE","seed_source_timestamp":1034305035418483,"circlet_count":0,"master_deck":["AscendersBane","Strike_G","Strike_G","Strike_G","Strike_G","Strike_G","Defend_G","Defend_G","Defend_G","Defend_G","Defend_G","Survivor","Neutralize","Dagger Spray","Deadly Poison","Bouncing Flask","Quick Slash","Dodge and Roll+1","Cloak And Dagger"],"relics":["Ring of the Snake","NeowsBlessing","Bronze Scales","Oddly Smooth Stone","Bottled Lightning"],"potions_floor_usage":[6],"damage_taken":[{"damage":0,"enemies":"Cultist","floor":1,"turns":1},{"damage":12,"enemies":"Jaw Worm","floor":2,"turns":2},{"damage":0,"enemies":"2 Louse","floor":5,"turns":1},{"damage":27,"enemies":"Gremlin Nob","floor":6,"turns":4},{"damage":16,"enemies":"Exordium Wildlife","floor":8,"turns":4},{"damage":0,"enemies":"3 Sentries","floor":10,"turns":1}],"seed_played":"-372638518378904281","potions_obtained":[{"floor":5,"key":"EssenceOfSteel"},{"floor":8,"key":"SpeedPotion"}],"is_trial":false,"path_per_floor":["M","M","$","T","M","E","R","M","T","E"],"character_chosen":"THE_SILENT","items_purchased":["Bouncing Flask"],"campfire_rested":0,"item_purchase_floors":[3],"current_hp_per_floor":[59,47,47,47,47,20,20,4,4,4],"gold":161,"neow_bonus":"THREE_ENEMY_KILL","is_prod":false,"is_daily":false,"chose_seed":false,"campfire_upgraded":1,"win_rate":0,"timestamp":1567041825,"path_taken":["M","?","$","?","M","E","R","M","T","E"],"build_version":"2019-07-17","purchased_purges":0,"victory":false,"max_hp_per_floor":[66,66,66,66,66,66,66,66,66,66],"card_choices":[{"not_picked":["Dagger Throw","Crippling Poison"],"picked":"Dagger Spray","floor":1},{"not_picked":["Terror","Calculated Gamble"],"picked":"Deadly Poison","floor":2},{"not_picked":["Masterful Stab","Setup"],"picked":"Quick Slash","floor":5},{"not_picked":["Dagger Spray","Finisher"],"picked":"Dodge and Roll","floor":6},{"not_picked":["Quick Slash","Deadly Poison"],"picked":"Cloak And Dagger","floor":8}],"player_experience":611814,"relics_obtained":[{"floor":4,"key":"Bronze Scales"},{"floor":6,"key":"Oddly Smooth Stone"},{"floor":9,"key":"Bottled Lightning"}],"event_choices":[],"is_beta":false,"boss_relics":[],"items_purged_floors":[],"is_endless":false,"potions_floor_spawned":[5,8],"killed_by":"3 Sentries","ascension_level":20}