{"gold_per_floor":[116,116,116,116,42,42,74,74,154,154,169,180,180,210,210,210],"floor_reached":16,"playtime":1330,"items_purged":[],"score":138,"play_id":"aaef3f16-b747-4eef-83f3-04928f1d77f9","local_time":"20190813200443","is_ascension_mode":true,"campfire_choices":[{"data":"Dash","floor":6,"key":"SMITH"},{"data":"Dodge and Roll","floor":8,"key":"SMITH"},{"data":"Tactician","floor":10,"key":"SMITH"},{"data":"Venomology","floor":13,"key":"SMITH"},{"data":"Acrobatics","floor":15,"key":"SMITH"}],"neow_cost":"TEN_PERCENT_HP_LOSS","seed_source_timestamp":16162370224696,"circlet_count":0,"master_deck":["Strike_G","Strike_G","Strike_G","Defend_G","Defend_G","Defend_G","Defend_G","Survivor","Neutralize+1","Venomology+1","Deflect","Tactician+1","Dash+1","Dodge and Roll+1","Acrobatics+1","Escape Plan","Well Laid Plans"],"relics":["Ring of the Snake","Mango","Ornamental Fan","Oddly Smooth Stone"],"potions_floor_usage":[7,7,14,16,16,16,16],"damage_taken":[{"damage":0,"enemies":"Jaw Worm","floor":1,"turns":8},{"damage":8,"enemies":"Gremlin Nob","floor":7,"turns":5},{"damage":0,"enemies":"Small Slimes","floor":11,"turns":3},{"damage":0,"enemies":"2 Louse","floor":12,"turns":3},{"damage":0,"enemies":"3 Sentries","floor":14,"turns":9},{"damage":65,"enemies":"Slime Boss","floor":16,"turns":22}],"seed_played":"-6656583850995718017","potions_obtained":[{"floor":1,"key":"Fire Potion"},{"floor":14,"key":"Energy Potion"}],"is_trial":false,"path_per_floor":["M","?","?","?","$","R","E","R","T","R","M","M","R","E","R","B"],"character_chosen":"THE_SILENT","items_purchased":["Dash"],"campfire_rested":0,"item_purchase_floors":[5],"current_hp_per_floor":[63,56,56,61,61,61,67,67,67,67,67,67,67,67,67,2],"gold":210,"neow_bonus":"TRANSFORM_TWO_CARDS","is_prod":false,"is_daily":false,"chose_seed":false,"campfire_upgraded":5,"win_rate":1,"timestamp":1565694283,"path_taken":["M","?","?","?","$","R","E","R","T","R","?","M","R","E","R","BOSS"],"build_version":"2019-07-17","purchased_purges":0,"victory":false,"max_hp_per_floor":[63,63,63,68,68,68,82,82,82,82,82,82,82,82,82,82],"card_choices":[{"not_picked":["Backflip","Dagger Throw"],"picked":"Tactician","floor":1},{"not_picked":["Outmaneuver","Flying Knee"],"picked":"Dodge and Roll","floor":7},{"not_picked":["Dagger Spray","Tactician"],"picked":"Acrobatics","floor":11},{"not_picked":["Deadly Poison","Riddle With Holes"],"picked":"Escape Plan","floor":12},{"not_picked":["Corpse Explosion","All Out Attack"],"picked":"Well Laid Plans","floor":14}],"player_experience":90324,"relics_obtained":[{"floor":7,"key":"Mango"},{"floor":9,"key":"Ornamental Fan"},{"floor":14,"key":"Oddly Smooth Stone"}],"event_choices":[{"cards_removed":["Defend_G"],"damage_healed":0,"gold_gain":0,"player_choice":"Card Removal","damage_taken":7,"max_hp_gain":0,"max_hp_loss":0,"event_name":"Golden Wing","floor":2,"gold_loss":0},{"damage_healed":0,"gold_gain":0,"player_choice":"Grow","damage_taken":0,"max_hp_gain":0,"max_hp_loss":0,"event_name":"Living Wall","floor":3,"gold_loss":0,"cards_upgraded":["Neutralize"]},{"damage_healed":0,"gold_gain":0,"player_choice":"Donut","damage_taken":0,"max_hp_gain":5,"max_hp_loss":0,"event_name":"Big Fish","floor":4,"gold_loss":0}],"is_beta":false,"boss_relics":[],"items_purged_floors":[],"is_endless":false,"potions_floor_spawned":[1,14],"killed_by":"Slime Boss","ascension_level":1}