{"gold_per_floor":[111,130,149,162,219,219,219,219,245,245,268,8,33,49,49,172,172,196,3,21,39,52,52,151,174,242,32,56,56,70,114,114,235,235,249,77,410,410,423,439,439,439],"floor_reached":42,"playtime":3639,"items_purged":["Strike_B","Normality","Normality","Parasite"],"score":489,"play_id":"acdb2a3a-35ec-4fad-9102-2748e8ec3c46","local_time":"20190826202715","is_ascension_mode":false,"campfire_choices":[{"data":"Sweeping Beam","floor":6,"key":"SMITH"},{"data":"Conserve Battery","floor":8,"key":"SMITH"},{"data":"Scrape","floor":15,"key":"SMITH"},{"floor":23,"key":"REST"},{"floor":29,"key":"REST"},{"floor":32,"key":"REST"},{"floor":41,"key":"REST"}],"neow_cost":"NONE","seed_source_timestamp":255520119680373,"circlet_count":0,"master_deck":["Strike_B","Strike_B","Defend_B","Defend_B","Defend_B","Defend_B","Zap","Dualcast","Sweeping Beam+1","Conserve Battery+1","Gash","Leap","Leap","Capacitor","Rip and Tear","Scrape+1","Cold Snap","Go for the Eyes","All For One","Chill+1","Discovery","Sweeping Beam","Go for the Eyes","Go for the Eyes","Skim","Glacier","Compile Driver","Go for the Eyes","Beam Cell+1","Doom and Gloom+1","Machine Learning","Genetic Algorithm+1","Go for the Eyes","Cold Snap","Parasite","Go for the Eyes"],"relics":["Cracked Core","NeowsBlessing","Tiny Chest","Happy Flower","Calling Bell","Bag of Preparation","Pear","Unceasing Top","Meat on the Bone","Lantern","White Beast Statue"],"potions_floor_usage":[13,16,16,21,25,28,33,39,39,40,42],"damage_taken":[{"damage":0,"enemies":"Cultist","floor":1,"turns":1},{"damage":0,"enemies":"2 Louse","floor":2,"turns":1},{"damage":0,"enemies":"Small Slimes","floor":3,"turns":1},{"damage":2,"enemies":"Blue Slaver","floor":4,"turns":4},{"damage":2,"enemies":"3 Louse","floor":11,"turns":3},{"damage":0,"enemies":"2 Fungi Beasts","floor":13,"turns":2},{"damage":0,"enemies":"Looter","floor":14,"turns":2},{"damage":20,"enemies":"Slime Boss","floor":16,"turns":13},{"damage":30,"enemies":"3 Byrds","floor":18,"turns":6},{"damage":18,"enemies":"Shell Parasite","floor":20,"turns":8},{"damage":22,"enemies":"Snake Plant","floor":21,"turns":8},{"damage":4,"enemies":"Cultist and Chosen","floor":22,"turns":6},{"damage":20,"enemies":"Sentry and Sphere","floor":25,"turns":6},{"damage":0,"enemies":"Snake Plant","floor":28,"turns":6},{"damage":5,"enemies":"Centurion and Healer","floor":30,"turns":7},{"damage":14,"enemies":"Book of Stabbing","floor":31,"turns":7},{"damage":75,"enemies":"Champ","floor":33,"turns":19},{"damage":0,"enemies":"Orb Walker","floor":35,"turns":4},{"damage":6,"enemies":"3 Darklings","floor":39,"turns":7},{"damage":49,"enemies":"Writhing Mass","floor":40,"turns":15},{"damage":81,"enemies":"Giant Head","floor":42,"turns":10}],"seed_played":"2020622834766232741","potions_obtained":[{"floor":2,"key":"Block Potion"},{"floor":3,"key":"AttackPotion"},{"floor":11,"key":"SteroidPotion"},{"floor":20,"key":"Dexterity Potion"},{"floor":22,"key":"Fire Potion"},{"floor":25,"key":"LiquidBronze"},{"floor":31,"key":"Regen Potion"},{"floor":33,"key":"Explosive Potion"},{"floor":35,"key":"EssenceOfSteel"},{"floor":39,"key":"Weak Potion"},{"floor":40,"key":"Block Potion"}],"is_trial":false,"path_per_floor":["M","M","M","M","T","R","?","R","T","?","M","$","M","M","R","B",null,"M","$","M","M","M","R","?","M","T","$","M","R","M","E","R","B",null,"M","$","?","?","M","M","R","E"],"character_chosen":"DEFECT","items_purchased":["Capacitor","Rip and Tear","Scrape","Discovery","Glacier","Compile Driver","Go for the Eyes"],"campfire_rested":4,"item_purchase_floors":[12,12,12,19,27,27,36],"current_hp_per_floor":[75,75,75,73,73,73,55,55,55,55,53,53,53,53,53,33,85,55,55,37,15,11,36,36,16,16,16,28,53,48,46,71,23,85,85,82,82,78,72,35,58,0],"gold":439,"neow_bonus":"THREE_ENEMY_KILL","is_prod":false,"is_daily":false,"chose_seed":false,"campfire_upgraded":3,"win_rate":0.0,"timestamp":1566844035,"path_taken":["M","M","M","M","?","R","?","R","T","?","M","$","M","M","R","BOSS","M","$","?","M","M","R","?","M","T","$","M","R","M","E","R","BOSS","M","$","?","?","M","M","R","E"],"build_version":"2019-06-28","purchased_purges":4,"victory":false,"max_hp_per_floor":[75,75,75,75,75,75,75,75,75,75,75,75,75,75,75,75,85,85,85,85,85,85,85,85,85,85,85,85,85,85,85,85,85,85,85,82,82,78,78,78,78,78],"card_choices":[{"not_picked":["Redo","Static Discharge"],"picked":"Sweeping Beam","floor":1},{"not_picked":["Beam Cell","Storm"],"picked":"Conserve Battery","floor":2},{"not_picked":["Cold Snap","BootSequence"],"picked":"Gash","floor":3},{"not_picked":["Redo","Turbo"],"picked":"Leap","floor":4},{"not_picked":["Barrage","Rainbow"],"picked":"Leap","floor":11},{"not_picked":["Conserve Battery","Hologram"],"picked":"Cold Snap","floor":13},{"not_picked":["Static Discharge","Rebound"],"picked":"Go for the Eyes","floor":14},{"not_picked":["Biased Cognition","Meteor Strike"],"picked":"All For One","floor":16},{"not_picked":["Chaos","Streamline"],"picked":"Chill+1","floor":18},{"not_picked":["Beam Cell","Stack"],"picked":"Sweeping Beam","floor":20},{"not_picked":["Sunder+1","Echo Form"],"picked":"Go for the Eyes","floor":21},{"not_picked":["Aggregate","Conserve Battery"],"picked":"Go for the Eyes","floor":22},{"not_picked":["Conserve Battery","Redo"],"picked":"Skim","floor":25},{"not_picked":["Chaos","Hello World"],"picked":"Go for the Eyes","floor":28},{"not_picked":["Darkness","Streamline"],"picked":"Beam Cell+1","floor":30},{"not_picked":["Rainbow","Turbo"],"picked":"Doom and Gloom+1","floor":31},{"not_picked":["Electrodynamics","Fission"],"picked":"Machine Learning","floor":33},{"not_picked":["Turbo","Streamline+1"],"picked":"Genetic Algorithm+1","floor":35},{"not_picked":["Skim+1","Turbo"],"picked":"Cold Snap","floor":39},{"not_picked":["Hologram","Ball Lightning"],"picked":"Go for the Eyes","floor":40}],"player_experience":69891,"relics_obtained":[{"floor":5,"key":"Tiny Chest"},{"floor":9,"key":"Happy Flower"},{"floor":17,"key":"Bag of Preparation"},{"floor":17,"key":"Pear"},{"floor":17,"key":"Unceasing Top"},{"floor":26,"key":"Meat on the Bone"},{"floor":31,"key":"Lantern"}],"event_choices":[{"damage_healed":0,"gold_gain":0,"player_choice":"Take Damage","damage_taken":18,"relics_obtained":["Golden Idol"],"max_hp_gain":0,"max_hp_loss":0,"event_name":"Golden Idol","floor":7,"gold_loss":0},{"cards_removed":["Strike_B"],"damage_healed":0,"gold_gain":0,"player_choice":"Card Removal","damage_taken":0,"max_hp_gain":0,"max_hp_loss":0,"event_name":"Wheel of Change","floor":10,"gold_loss":0},{"damage_healed":0,"gold_gain":99,"player_choice":"Stole From Cult","damage_taken":0,"max_hp_gain":0,"max_hp_loss":0,"event_name":"Nest","floor":24,"gold_loss":0},{"damage_healed":0,"gold_gain":333,"player_choice":"Gave Idol","damage_taken":0,"max_hp_gain":0,"max_hp_loss":0,"event_name":"The Moai Head","floor":37,"relics_lost":["Golden Idol"],"gold_loss":0},{"damage_healed":0,"gold_gain":0,"player_choice":"Max HP","damage_taken":0,"max_hp_gain":0,"max_hp_loss":4,"event_name":"Winding Halls","floor":38,"gold_loss":0}],"is_beta":true,"boss_relics":[{"not_picked":["Lizard Tail","Philosopher\u0027s Stone"],"picked":"Calling Bell"},{"not_picked":["Velvet Choker","Snecko Eye"],"picked":"White Beast Statue"}],"items_purged_floors":[12,19,27,36],"is_endless":false,"potions_floor_spawned":[2,3,11,20,22,25,31,33,35,39,40],"killed_by":"Giant Head","ascension_level":0}