{"gold_per_floor":[360,38,38,38,65,65,79,79,132,143,162,178,36,36,36,140,140,151,151,151,163,163,163,174,199,222,242,242,262,273,286,286,286],"floor_reached":33,"playtime":1528,"items_purged":[],"score":324,"play_id":"6076471d-ef04-4a33-8ae7-927accaf79ba","local_time":"20190820211936","is_ascension_mode":true,"campfire_choices":[{"data":"Bash","floor":6,"key":"SMITH"},{"data":"Cleave","floor":15,"key":"SMITH"},{"data":"Dark Embrace","floor":23,"key":"SMITH"},{"floor":28,"key":"REST"},{"data":"Corruption","floor":32,"key":"SMITH"}],"neow_cost":"TEN_PERCENT_HP_LOSS","seed_source_timestamp":4674456299063,"circlet_count":0,"master_deck":["Strike_R","Strike_R","Strike_R","Defend_R","Defend_R","Defend_R","Defend_R","Bash+1","Havoc","Corruption+1","Dropkick","Cleave+1","Clothesline","Offering","Shockwave","Feel No Pain","Sever Soul","Dark Embrace+1","True Grit","Warcry","Headbutt"],"relics":["Burning Blood","Strange Spoon","Mercury Hourglass","Bag of Preparation","Blood Vial","Busted Crown","Centennial Puzzle","Boot","Shuriken","Potion Belt"],"potions_floor_usage":[16,25,31,33,33,33],"damage_taken":[{"damage":15,"enemies":"2 Louse","floor":1,"turns":3},{"damage":0,"enemies":"Small Slimes","floor":7,"turns":3},{"damage":2,"enemies":"Jaw Worm","floor":10,"turns":3},{"damage":7,"enemies":"2 Fungi Beasts","floor":11,"turns":3},{"damage":6,"enemies":"Gremlin Gang","floor":12,"turns":3},{"damage":30,"enemies":"Slime Boss","floor":16,"turns":10},{"damage":22,"enemies":"Spheric Guardian","floor":18,"turns":4},{"damage":9,"enemies":"Shell Parasite","floor":21,"turns":4},{"damage":0,"enemies":"Chosen and Byrds","floor":24,"turns":5},{"damage":18,"enemies":"Book of Stabbing","floor":25,"turns":5},{"damage":22,"enemies":"Snake Plant","floor":27,"turns":4},{"damage":16,"enemies":"Centurion and Healer","floor":29,"turns":6},{"damage":10,"enemies":"Sentry and Sphere","floor":30,"turns":4},{"damage":2,"enemies":"3 Cultists","floor":31,"turns":4},{"damage":44,"enemies":"Champ","floor":33,"turns":8}],"seed_played":"4806785066912618331","potions_obtained":[{"floor":7,"key":"SkillPotion"},{"floor":10,"key":"SteroidPotion"},{"floor":12,"key":"SteroidPotion"},{"floor":24,"key":"Fire Potion"},{"floor":25,"key":"AttackPotion"},{"floor":29,"key":"Strength Potion"}],"is_trial":false,"path_per_floor":["M","$","?","?","T","R","M","?","T","M","M","M","$","?","R","B",null,"M","?","?","M","T","R","M","E","T","M","R","M","M","M","R","B"],"character_chosen":"IRONCLAD","items_purchased":["Corruption","Strange Spoon","Dropkick","Feel No Pain","Sever Soul"],"campfire_rested":1,"item_purchase_floors":[2,2,2,13,13],"current_hp_per_floor":[63,63,63,38,38,38,44,44,44,50,51,53,53,58,58,36,67,53,39,39,38,38,38,46,36,36,22,46,38,36,42,42,0],"gold":286,"neow_bonus":"TWO_FIFTY_GOLD","is_prod":false,"is_daily":false,"chose_seed":false,"campfire_upgraded":4,"win_rate":0,"timestamp":1566303576,"path_taken":["M","$","?","?","?","R","M","?","T","M","M","?","?","?","R","BOSS","M","?","?","?","?","R","M","E","T","M","R","M","M","M","R","BOSS"],"build_version":"2019-07-17","purchased_purges":0,"victory":false,"max_hp_per_floor":[72,72,72,72,72,72,72,72,72,72,72,72,72,77,77,77,77,77,82,82,82,82,82,82,82,82,82,82,82,82,82,82,82],"card_choices":[{"not_picked":["Rage","Power Through"],"picked":"Havoc","floor":1},{"not_picked":["Infernal Blade","Flex"],"picked":"Cleave","floor":7},{"not_picked":["Combust","Wild Strike","Havoc"],"picked":"SKIP","floor":10},{"not_picked":["Perfected Strike","Clash"],"picked":"Offering","floor":11},{"not_picked":["Shrug It Off","Anger"],"picked":"Shockwave","floor":12},{"not_picked":["Barricade","Demon Form"],"picked":"Dark Embrace","floor":16},{"not_picked":[],"picked":"True Grit","floor":18},{"not_picked":["Iron Wave+1"],"picked":"SKIP","floor":21},{"not_picked":[],"picked":"Warcry","floor":24},{"not_picked":["Armaments"],"picked":"SKIP","floor":25},{"not_picked":["Clothesline"],"picked":"SKIP","floor":27},{"not_picked":["Sever Soul"],"picked":"SKIP","floor":29},{"not_picked":[],"picked":"Headbutt","floor":30},{"not_picked":["True Grit"],"picked":"SKIP","floor":31}],"player_experience":202571,"relics_obtained":[{"floor":5,"key":"Bag of Preparation"},{"floor":9,"key":"Blood Vial"},{"floor":20,"key":"Centennial Puzzle"},{"floor":22,"key":"Boot"},{"floor":25,"key":"Shuriken"},{"floor":26,"key":"Potion Belt"}],"event_choices":[{"cards_removed":["Strike_R"],"damage_healed":0,"gold_gain":0,"player_choice":"Forget","damage_taken":0,"max_hp_gain":0,"max_hp_loss":0,"event_name":"Living Wall","floor":3,"gold_loss":0},{"damage_healed":0,"gold_gain":0,"player_choice":"Success","damage_taken":25,"relics_obtained":["Mercury Hourglass"],"max_hp_gain":0,"max_hp_loss":0,"event_name":"Scrap Ooze","floor":4,"gold_loss":0},{"damage_healed":0,"gold_gain":0,"cards_transformed":["Strike_R"],"player_choice":"Transformed","damage_taken":0,"max_hp_gain":0,"max_hp_loss":0,"event_name":"Transmorgrifier","floor":8,"gold_loss":0,"cards_obtained":["Clothesline"]},{"damage_healed":0,"gold_gain":0,"player_choice":"Donut","damage_taken":0,"max_hp_gain":5,"max_hp_loss":0,"event_name":"Big Fish","floor":14,"gold_loss":0},{"damage_healed":0,"gold_gain":0,"player_choice":"Shed Blood","damage_taken":19,"max_hp_gain":5,"max_hp_loss":0,"event_name":"Forgotten Altar","floor":19,"gold_loss":0},{"damage_healed":0,"gold_gain":0,"player_choice":"Relic","damage_taken":0,"max_hp_gain":0,"max_hp_loss":0,"event_name":"Wheel of Change","floor":20,"gold_loss":0}],"is_beta":false,"boss_relics":[{"not_picked":["Sozu","Philosopher\u0027s Stone"],"picked":"Busted Crown"}],"items_purged_floors":[],"is_endless":false,"potions_floor_spawned":[7,10,12,24,25,29],"killed_by":"Champ","ascension_level":5}