{"gold_per_floor":[218,218,218,238,28,28,66,38,64,38,38,38,38,56,56,152,152,152,152,152,152,152,152,152,152,152,152,152,152,152,152,152,152],"floor_reached":33,"playtime":1000,"items_purged":[],"score":604,"play_id":"2b37b511-e947-48b7-b9ac-e4201e2d9f26","local_time":"20190819215957","is_ascension_mode":true,"campfire_choices":[{"data":"Zap","floor":6.0,"key":"SMITH"},{"floor":13.0,"key":"REST"},{"data":"Conserve Battery","floor":15.0,"key":"SMITH"},{"data":"Fission","floor":24,"key":"SMITH"},{"floor":28,"key":"REST"},{"floor":30,"key":"RECALL"},{"data":"Skim","floor":32,"key":"SMITH"}],"neow_cost":"NONE","seed_source_timestamp":371241241972513,"circlet_count":0,"master_deck":["AscendersBane","Strike_B+1","Strike_B+1","Strike_B+1","Strike_B+1","Defend_B+1","Defend_B+1","Defend_B+1","Defend_B+1","Zap+1","Dualcast","Defragment+1","Skim+1","Streamline+1","Cold Snap+1","Go for the Eyes+1","Conserve Battery+1","Echo Form+1","Cold Snap+1","Beam Cell+1","Ghostly","Ghostly","Ghostly","Fission+1","Compile Driver+1","Defragment+1"],"special_seed":0,"relics":["Cracked Core","Lee\u0027s Waffle","Molten Egg 2","Art of War","Frozen Egg 2","Singing Bowl","Ectoplasm","Nloth\u0027s Gift","PreservedInsect","The Courier","Red Mask"],"potions_floor_usage":[23,23,25,27],"damage_taken":[{"damage":4.0,"enemies":"2 Louse","floor":1.0,"turns":2.0},{"damage":16.0,"enemies":"Small Slimes","floor":4.0,"turns":5.0},{"damage":50.0,"enemies":"Lagavulin","floor":7.0,"turns":9.0},{"damage":0.0,"enemies":"Jaw Worm","floor":14.0,"turns":2.0},{"damage":28.0,"enemies":"Hexaghost","floor":16.0,"turns":11.0},{"damage":14.0,"enemies":"Chosen","floor":18.0,"turns":5.0},{"damage":12,"enemies":"Shell Parasite","floor":20,"turns":4},{"damage":0,"enemies":"Snecko","floor":22,"turns":6},{"damage":0,"enemies":"Book of Stabbing","floor":23,"turns":5},{"damage":26,"enemies":"Slavers","floor":25,"turns":7},{"damage":9,"enemies":"Masked Bandits","floor":27,"turns":4},{"damage":34,"enemies":"Automaton","floor":33,"turns":6}],"seed_played":"-6520738367421281491","potions_obtained":[{"floor":1.0,"key":"Regen Potion"},{"floor":4.0,"key":"Block Potion"},{"floor":16.0,"key":"LiquidBronze"},{"floor":18.0,"key":"SteroidPotion"},{"floor":23,"key":"Fire Potion"},{"floor":25,"key":"Block Potion"},{"floor":27,"key":"Fire Potion"}],"is_trial":false,"path_per_floor":["M","?","?","M","$","R","E","$","T","$","T","?","R","M","R","B",null,"M","?","M","?","M","E","R","E","T","?","R","?","R","?","R","B"],"character_chosen":"DEFECT","items_purchased":["Lee\u0027s Waffle","Cold Snap+1","Go for the Eyes+1"],"campfire_rested":2,"item_purchase_floors":[5,8,10],"current_hp_per_floor":[60,36,36,34,78,78,28,28,28,28,28,17,40,40,40,12,62,48,48,36,36,36,36,36,12,12,3,15,23,23,23,23,0],"gold":152,"neow_bonus":"HUNDRED_GOLD","is_prod":false,"is_daily":false,"chose_seed":false,"campfire_upgraded":4,"win_rate":0,"timestamp":1566277197,"path_taken":["M","?","?","M","?","R","E","$","T","$","?","?","R","M","R","BOSS","M","?","?","?","M","E","R","E","T","?","R","?","R","?","R","BOSS"],"build_version":"2019-08-15","purchased_purges":0,"victory":false,"max_hp_per_floor":[71,71,71,71,78,78,78,78,78,78,78,78,78,78,78,78,78,78,78,78,39,39,39,39,41,41,41,41,41,41,41,41,41],"card_choices":[{"not_picked":["Genetic Algorithm","FTL"],"picked":"Defragment","floor":1.0},{"not_picked":["Doom and Gloom","Barrage"],"picked":"Skim","floor":4.0},{"not_picked":["Steam","Auto Shields"],"picked":"Streamline","floor":7.0},{"not_picked":["Hologram","Redo"],"picked":"Conserve Battery","floor":14.0},{"not_picked":["Thunder Strike+1","Hyperbeam+1"],"picked":"Echo Form+1","floor":16.0},{"not_picked":["Leap+1","Streamline+1"],"picked":"Cold Snap+1","floor":18.0},{"not_picked":["Turbo","Barrage+1"],"picked":"Beam Cell+1","floor":20},{"not_picked":["White Noise","Rainbow"],"picked":"Fission","floor":22},{"not_picked":["Undo","Multi-Cast"],"picked":"Compile Driver+1","floor":23},{"not_picked":["Undo","Force Field","Double Energy"],"picked":"Singing Bowl","floor":25},{"not_picked":["Tempest","Heatsinks+1"],"picked":"Defragment+1","floor":27}],"player_experience":3007087,"relics_obtained":[{"floor":7.0,"key":"Molten Egg 2"},{"floor":9.0,"key":"Art of War"},{"floor":11.0,"key":"Frozen Egg 2"},{"floor":23,"key":"PreservedInsect"},{"floor":25,"key":"The Courier"},{"floor":27,"key":"Red Mask"}],"event_choices":[{"damage_healed":0.0,"max_hp_gain":0.0,"max_hp_loss":0.0,"gold_gain":0.0,"event_name":"Golden Idol","player_choice":"Take Damage","floor":2.0,"gold_loss":0.0,"damage_taken":24.0,"relics_obtained":["Golden Idol"]},{"damage_healed":0.0,"max_hp_gain":0.0,"max_hp_loss":0.0,"gold_gain":0.0,"event_name":"Living Wall","player_choice":"Grow","floor":3.0,"gold_loss":0.0,"damage_taken":0.0,"cards_upgraded":["Defragment"]},{"damage_healed":0.0,"max_hp_gain":0.0,"max_hp_loss":0.0,"gold_gain":0.0,"event_name":"Scrap Ooze","player_choice":"Success","floor":12.0,"gold_loss":0.0,"damage_taken":11.0,"relics_obtained":["Singing Bowl"]},{"damage_healed":0,"gold_gain":0,"player_choice":"Traded Relic","damage_taken":0,"relics_obtained":["Nloth\u0027s Gift"],"max_hp_gain":0,"max_hp_loss":0,"event_name":"N\u0027loth","floor":19,"relics_lost":["Golden Idol"],"gold_loss":0},{"damage_healed":0,"gold_gain":0,"player_choice":"Became a Ghost","damage_taken":0,"max_hp_gain":0,"max_hp_loss":39,"event_name":"Ghosts","floor":21,"gold_loss":0,"cards_obtained":["Ghostly","Ghostly","Ghostly"]},{"damage_healed":0,"gold_gain":0,"player_choice":"Fought Bandits","damage_taken":0,"max_hp_gain":0,"max_hp_loss":0,"event_name":"Masked Bandits","floor":27,"gold_loss":0},{"damage_healed":8,"gold_gain":0,"player_choice":"Heal","damage_taken":0,"max_hp_gain":0,"max_hp_loss":0,"event_name":"The Library","floor":29,"gold_loss":0},{"damage_healed":0,"gold_gain":0,"player_choice":"Simplicity","damage_taken":0,"max_hp_gain":0,"max_hp_loss":0,"event_name":"Back to Basics","floor":31,"gold_loss":0,"cards_upgraded":["Strike_B","Strike_B","Strike_B","Strike_B","Defend_B","Defend_B","Defend_B","Defend_B"]}],"is_beta":true,"boss_relics":[{"not_picked":["Philosopher\u0027s Stone","Orrery"],"picked":"Ectoplasm"}],"items_purged_floors":[],"is_endless":false,"potions_floor_spawned":[1,4,16,18,23,25,27],"killed_by":"Automaton","ascension_level":20}