{"gold_per_floor":[111,126,126,139,139,139,156,171,171,321,338,387,387,415,415,488,488,505,537,141,141],"floor_reached":21,"playtime":838,"items_purged":["Doubt"],"score":358,"play_id":"bb2fbe7c-5a68-431c-b1c4-1baed6389e76","local_time":"20190818203211","is_ascension_mode":true,"campfire_choices":[{"data":"Zap","floor":6.0,"key":"SMITH"},{"floor":13,"key":"REST"},{"data":"Go for the Eyes","floor":15,"key":"SMITH"}],"neow_cost":"NONE","seed_source_timestamp":279666720410345,"circlet_count":0,"master_deck":["AscendersBane","Strike_B","Strike_B","Strike_B","Defend_B+1","Defend_B","Defend_B","Defend_B+1","Zap+1","Dualcast","Go for the Eyes+1","Coolheaded","Conserve Battery","BootSequence","Cold Snap","Ball Lightning","Core Surge","Core Surge","Beam Cell+1","Conserve Battery","Loop","Cold Snap"],"special_seed":0,"relics":["Cracked Core","Anchor","Emotion Chip","Art of War","Pocketwatch","Cursed Key","Red Mask","OrangePellets"],"potions_floor_usage":[14,19,19],"damage_taken":[{"damage":0.0,"enemies":"2 Louse","floor":1.0,"turns":3.0},{"damage":2.0,"enemies":"Small Slimes","floor":2.0,"turns":3.0},{"damage":0.0,"enemies":"Cultist","floor":4.0,"turns":4.0},{"damage":2.0,"enemies":"Exordium Wildlife","floor":7.0,"turns":5.0},{"damage":0.0,"enemies":"Looter","floor":8.0,"turns":3.0},{"damage":6,"enemies":"Exordium Thugs","floor":11,"turns":6},{"damage":7,"enemies":"Lagavulin","floor":14,"turns":7},{"damage":37,"enemies":"Hexaghost","floor":16,"turns":13},{"damage":14,"enemies":"Chosen","floor":18,"turns":5},{"damage":37,"enemies":"Masked Bandits","floor":19,"turns":7},{"damage":5,"enemies":"3 Byrds","floor":21,"turns":2}],"seed_played":"7031882869864668924","potions_obtained":[{"floor":1.0,"key":"Swift Potion"},{"floor":8.0,"key":"PowerPotion"},{"floor":14,"key":"Block Potion"},{"floor":18,"key":"GamblersBrew"}],"is_trial":false,"path_per_floor":["M","M","?","M","?","R","M","M","T","?","M","T","R","E","R","B",null,"M","?","$","M"],"character_chosen":"DEFECT","items_purchased":["OrangePellets","Loop","Cold Snap"],"campfire_rested":1,"item_purchase_floors":[20,20,20],"current_hp_per_floor":[64,62,41,41,41,41,39,39,39,39,33,33,54,47,47,10,56,42,5,5,0],"gold":141,"neow_bonus":"RANDOM_COMMON_RELIC","is_prod":false,"is_daily":false,"chose_seed":false,"campfire_upgraded":2,"win_rate":0,"timestamp":1566185531,"path_taken":["M","M","?","M","?","R","M","?","T","?","M","?","R","E","R","BOSS","M","?","$","M"],"build_version":"2019-08-15","purchased_purges":1,"victory":false,"max_hp_per_floor":[71,71,71,71,71,71,71,71,71,71,71,71,71,71,71,71,71,71,71,71,71],"card_choices":[{"not_picked":["Scrape","Fusion"],"picked":"Go for the Eyes","floor":1.0},{"not_picked":["Fusion","Go for the Eyes"],"picked":"Coolheaded","floor":2.0},{"not_picked":["Barrage","Sweeping Beam"],"picked":"Conserve Battery","floor":4.0},{"not_picked":["Sweeping Beam","Beam Cell"],"picked":"BootSequence","floor":7.0},{"not_picked":["Leap","Sunder"],"picked":"Cold Snap","floor":8.0},{"not_picked":["Barrage","Compile Driver"],"picked":"Ball Lightning","floor":11},{"not_picked":["Coolheaded","Steam Power"],"picked":"Core Surge","floor":14},{"not_picked":["Amplify","Fission"],"picked":"Core Surge","floor":16},{"not_picked":["Fusion","Double Energy"],"picked":"Beam Cell+1","floor":18},{"not_picked":["Beam Cell","Force Field+1"],"picked":"Conserve Battery","floor":19}],"player_experience":2989214,"relics_obtained":[{"floor":9.0,"key":"Emotion Chip"},{"floor":12,"key":"Art of War"},{"floor":14,"key":"Pocketwatch"},{"floor":19,"key":"Red Mask"}],"event_choices":[{"damage_healed":0.0,"max_hp_gain":0.0,"max_hp_loss":0.0,"gold_gain":0.0,"event_name":"Shining Light","player_choice":"Entered Light","floor":3.0,"gold_loss":0.0,"damage_taken":21.0,"cards_upgraded":["Defend_B","Defend_B"]},{"cards_removed":["Strike_B"],"damage_healed":0.0,"max_hp_gain":0.0,"max_hp_loss":0.0,"gold_gain":0.0,"event_name":"Bonfire Elementals","player_choice":"Offered Basic","floor":5.0,"gold_loss":0.0,"damage_taken":0.0},{"damage_healed":0.0,"max_hp_gain":0.0,"max_hp_loss":0.0,"gold_gain":150.0,"event_name":"Liars Game","player_choice":"AGREE","floor":10.0,"gold_loss":0.0,"damage_taken":0.0,"cards_obtained":["Doubt"]},{"damage_healed":0,"gold_gain":0,"player_choice":"Fought Bandits","damage_taken":0,"max_hp_gain":0,"max_hp_loss":0,"event_name":"Masked Bandits","floor":19,"gold_loss":0}],"is_beta":true,"boss_relics":[{"not_picked":["Runic Dome","Sozu"],"picked":"Cursed Key"}],"items_purged_floors":[20],"is_endless":false,"potions_floor_spawned":[1,8,14,18],"killed_by":"3 Byrds","ascension_level":20}