{"gold_per_floor":[114,189,189,339,358,358,384,384,384,77,94,94,94,107,107,180,180,100,8,20,38,88,88,118,118,118,118,118,132,132,132,132,211,211,223,33,33,52,64,64],"floor_reached":40,"playtime":1872,"items_purged":["Doubt"],"score":880,"play_id":"454d9a01-a81b-46e0-b3cb-34d7fe3b2c7e","local_time":"20190812194006","is_ascension_mode":true,"campfire_choices":[{"data":"Zap","floor":6.0,"key":"SMITH"},{"data":"Coolheaded","floor":8.0,"key":"SMITH"},{"data":"Defragment","floor":12.0,"key":"SMITH"},{"data":"Lockon","floor":15.0,"key":"SMITH"},{"data":"Capacitor","floor":23.0,"key":"SMITH"},{"data":"Turbo","floor":25.0,"key":"SMITH"},{"data":"Coolheaded","floor":27.0,"key":"SMITH"},{"data":"Rainbow","floor":32.0,"key":"SMITH"}],"neow_cost":"NONE","seed_source_timestamp":920563158756071,"circlet_count":0,"master_deck":["AscendersBane","Strike_B+1","Strike_B+1","Defend_B+1","Defend_B+1","Defend_B+1","Defend_B+1","Zap+1","Dualcast","Buffer+1","Coolheaded+1","Cold Snap","Defragment+1","Master of Strategy","Self Repair","Lockon+1","Echo Form","Darkness+1","Capacitor+1","Turbo+1","Coolheaded+1","Conserve Battery","Reboot","Rainbow+1","Creative AI","Fusion+1","Defragment+1","Thinking Ahead"],"special_seed":0,"relics":["Cracked Core","Bronze Scales","Meat on the Bone","Eternal Feather","Shuriken","Dream Catcher","Bird Faced Urn","Nuclear Battery"],"potions_floor_usage":[40,40],"damage_taken":[{"damage":0.0,"enemies":"Jaw Worm","floor":1.0,"turns":3.0},{"damage":0.0,"enemies":"2 Louse","floor":5.0,"turns":3.0},{"damage":0.0,"enemies":"Small Slimes","floor":11.0,"turns":3.0},{"damage":0.0,"enemies":"Exordium Wildlife","floor":14.0,"turns":3.0},{"damage":0.0,"enemies":"The Guardian","floor":16.0,"turns":11.0},{"damage":10.0,"enemies":"2 Thieves","floor":18.0,"turns":4.0},{"damage":11.0,"enemies":"Spheric Guardian","floor":20.0,"turns":6.0},{"damage":39.0,"enemies":"3 Cultists","floor":21.0,"turns":8.0},{"damage":48.0,"enemies":"Gremlin Leader","floor":24.0,"turns":11.0},{"damage":6.0,"enemies":"Cultist and Chosen","floor":29.0,"turns":5.0},{"damage":14.0,"enemies":"Collector","floor":33.0,"turns":9.0},{"damage":18.0,"enemies":"3 Darklings","floor":35.0,"turns":8.0},{"damage":0.0,"enemies":"3 Shapes","floor":38.0,"turns":6.0},{"damage":26.0,"enemies":"Maw","floor":39.0,"turns":9.0},{"damage":135,"enemies":"Reptomancer","floor":40,"turns":6}],"seed_played":"-8384249291551159619","potions_obtained":[{"floor":5.0,"key":"SteroidPotion"},{"floor":21.0,"key":"Dexterity Potion"},{"floor":24.0,"key":"Ancient Potion"},{"floor":38.0,"key":"SpeedPotion"},{"floor":39.0,"key":"Regen Potion"}],"is_trial":false,"path_per_floor":["M","?","?","?","M","R","T","R","T","$","M","R","T","M","R","B",null,"M","$","M","M","?","R","E","R","T","R","?","M","?","T","R","B",null,"M","$","?","M","M","E"],"character_chosen":"DEFECT","items_purchased":["Defragment","Master of Strategy","Capacitor","Turbo","Thinking Ahead"],"campfire_rested":0,"item_purchase_floors":[10,10,19,19,36],"current_hp_per_floor":[64,53,53,53,53,53,53,53,53,53,53,53,53,60,60,67,70,67,67,63,43,43,55,26,41,41,56,56,57,57,57,71,71,71,71,71,81,81,81,0],"gold":64,"neow_bonus":"ONE_RANDOM_RARE_CARD","is_prod":false,"is_daily":false,"chose_seed":false,"campfire_upgraded":8,"win_rate":0,"timestamp":1565664006,"path_taken":["M","?","?","?","M","R","?","R","T","$","M","R","?","M","R","BOSS","M","$","M","M","?","R","E","R","T","R","?","M","?","?","R","BOSS","M","$","?","?","M","E"],"build_version":"2019-07-18","purchased_purges":1,"victory":false,"max_hp_per_floor":[71,71,71,71,71,71,71,71,71,71,71,71,71,71,71,71,71,71,71,71,71,71,71,71,71,71,71,71,71,71,71,71,71,71,71,71,81,81,81,81],"card_choices":[{"not_picked":["Sweeping Beam","Compile Driver"],"picked":"Coolheaded","floor":1.0},{"not_picked":["Coolheaded","Beam Cell"],"picked":"Cold Snap","floor":5.0},{"not_picked":["Steam Power","Scrape"],"picked":"Self Repair","floor":11.0},{"not_picked":["Sweeping Beam","Doom and Gloom"],"picked":"Lockon","floor":14.0},{"not_picked":["Hyperbeam","Rainbow"],"picked":"Echo Form","floor":16.0},{"not_picked":["Streamline","Gash"],"picked":"Darkness+1","floor":18.0},{"not_picked":["Rebound+1","Auto Shields"],"picked":"Coolheaded","floor":20.0},{"not_picked":["Steam Power","Barrage"],"picked":"Conserve Battery","floor":21.0},{"not_picked":["Lockon+1","Darkness"],"picked":"Reboot","floor":24.0},{"not_picked":["Leap+1","Steam"],"picked":"Fusion+1","floor":29.0},{"not_picked":["Thunder Strike","Meteor Strike"],"picked":"Creative AI","floor":33.0},{"not_picked":["Turbo","Storm+1"],"picked":"Defragment+1","floor":35.0},{"not_picked":["Gash","Lockon","Double Energy"],"picked":"SKIP","floor":38.0},{"not_picked":["Sweeping Beam","Streamline","Ball Lightning"],"picked":"SKIP","floor":39.0}],"player_experience":2917644,"relics_obtained":[{"floor":7.0,"key":"Bronze Scales"},{"floor":13.0,"key":"Meat on the Bone"},{"floor":24.0,"key":"Shuriken"},{"floor":26.0,"key":"Dream Catcher"},{"floor":31.0,"key":"Bird Faced Urn"}],"event_choices":[{"damage_healed":0.0,"max_hp_gain":0.0,"max_hp_loss":0.0,"gold_gain":75.0,"event_name":"World of Goop","player_choice":"Gather Gold","floor":2.0,"gold_loss":0.0,"damage_taken":11.0},{"damage_healed":0.0,"max_hp_gain":0.0,"max_hp_loss":0.0,"gold_gain":0.0,"event_name":"Living Wall","player_choice":"Grow","floor":3.0,"gold_loss":0.0,"damage_taken":0.0,"cards_upgraded":["Buffer"]},{"damage_healed":0.0,"max_hp_gain":0.0,"max_hp_loss":0.0,"gold_gain":150.0,"event_name":"Liars Game","player_choice":"AGREE","floor":4.0,"gold_loss":0.0,"damage_taken":0.0,"cards_obtained":["Doubt"]},{"damage_healed":0.0,"max_hp_gain":0.0,"max_hp_loss":0.0,"gold_gain":50.0,"event_name":"Nest","player_choice":"Stole From Cult","floor":22.0,"gold_loss":0.0,"damage_taken":0.0},{"damage_healed":0.0,"max_hp_gain":0.0,"max_hp_loss":0.0,"gold_gain":0.0,"cards_transformed":["Strike_B","Strike_B"],"event_name":"Drug Dealer","player_choice":"Became Test Subject","floor":28.0,"gold_loss":0.0,"damage_taken":0.0,"cards_obtained":["Rainbow","Creative AI"]},{"damage_healed":0.0,"max_hp_gain":0.0,"max_hp_loss":0.0,"gold_gain":0.0,"event_name":"Back to Basics","player_choice":"Simplicity","floor":30.0,"gold_loss":0.0,"damage_taken":0.0,"cards_upgraded":["Strike_B","Strike_B","Defend_B","Defend_B","Defend_B","Defend_B"]},{"cards_removed":["Creative AI"],"damage_healed":0.0,"max_hp_gain":10.0,"max_hp_loss":0.0,"gold_gain":0.0,"event_name":"Bonfire Elementals","player_choice":"Offered Rare","floor":37.0,"gold_loss":0.0,"damage_taken":0.0}],"is_beta":true,"boss_relics":[{"not_picked":["Tiny House","Black Star"],"picked":"Eternal Feather"},{"not_picked":["Snecko Eye","Fusion Hammer"],"picked":"Nuclear Battery"}],"items_purged_floors":[10],"is_endless":false,"potions_floor_spawned":[5,21,24,38,39],"killed_by":"Reptomancer","ascension_level":20}