{"gold_per_floor":[109,54,54,68,88,88,132,97,97,97,117,117],"floor_reached":12,"playtime":211,"items_purged":[],"score":156,"play_id":"a981174b-a17d-429d-a789-b4428121bd87","local_time":"20190719114626","is_ascension_mode":true,"campfire_choices":[{"data":"Undo","floor":6.0,"key":"SMITH"}],"neow_cost":"NONE","seed_source_timestamp":497246852040407,"circlet_count":0,"master_deck":["AscendersBane","Strike_B","Strike_B","Strike_B","Strike_B","Defend_B","Defend_B","Defend_B","Defend_B","Zap","Dualcast","Undo+1","Gash","Self Repair","Compile Driver"],"special_seed":0,"relics":["Cracked Core","NeowsBlessing","Golden Idol","Darkstone Periapt","Bottled Lightning"],"potions_floor_usage":[],"damage_taken":[{"damage":0.0,"enemies":"Jaw Worm","floor":1.0,"turns":1.0},{"damage":0.0,"enemies":"2 Louse","floor":4.0,"turns":1.0},{"damage":0.0,"enemies":"Cultist","floor":5.0,"turns":1.0},{"damage":30.0,"enemies":"Lagavulin","floor":7.0,"turns":8.0},{"damage":16,"enemies":"Exordium Wildlife","floor":11,"turns":6},{"damage":27,"enemies":"Large Slime","floor":12,"turns":4}],"seed_played":"1418791326016295788","potions_obtained":[{"floor":1.0,"key":"Weak Potion"},{"floor":4.0,"key":"Weak Potion"}],"is_trial":false,"path_per_floor":["M","$","?","M","M","R","E","?","T","?","M","M"],"character_chosen":"DEFECT","items_purchased":["Gash"],"campfire_rested":0,"item_purchase_floors":[2],"current_hp_per_floor":[64,64,40,40,40,40,10,27,27,27,18,0],"gold":117,"neow_bonus":"THREE_ENEMY_KILL","is_prod":false,"is_daily":false,"chose_seed":false,"campfire_upgraded":1,"win_rate":0,"timestamp":1563551186,"path_taken":["M","$","?","M","M","R","E","?","T","?","M","M"],"build_version":"2019-07-17","purchased_purges":0,"victory":false,"max_hp_per_floor":[71,71,71,71,71,71,71,71,71,71,71,71],"card_choices":[{"not_picked":["Hello World","Rebound"],"picked":"Undo","floor":1.0},{"not_picked":["Steam","BootSequence","Streamline"],"picked":"SKIP","floor":4.0},{"not_picked":["Steam Power","Leap","Turbo"],"picked":"SKIP","floor":5.0},{"not_picked":["Tempest","Stack"],"picked":"Self Repair","floor":7.0},{"not_picked":["Leap","Force Field"],"picked":"Compile Driver","floor":11}],"player_experience":540448,"relics_obtained":[{"floor":7.0,"key":"Darkstone Periapt"},{"floor":9.0,"key":"Bottled Lightning"}],"event_choices":[{"damage_healed":0.0,"max_hp_gain":0.0,"max_hp_loss":0.0,"gold_gain":0.0,"event_name":"Golden Idol","player_choice":"Take Damage","floor":3.0,"gold_loss":0.0,"damage_taken":24.0,"relics_obtained":["Golden Idol"]},{"damage_healed":17.0,"max_hp_gain":0.0,"max_hp_loss":0.0,"gold_gain":0.0,"event_name":"The Cleric","player_choice":"Healed","floor":8.0,"gold_loss":35.0,"damage_taken":0.0},{"damage_healed":0,"gold_gain":0,"player_choice":"Searched \u00270\u0027 times","damage_taken":0,"max_hp_gain":0,"max_hp_loss":0,"event_name":"Dead Adventurer","floor":10,"gold_loss":0}],"is_beta":false,"boss_relics":[],"items_purged_floors":[],"is_endless":false,"potions_floor_spawned":[1,4],"killed_by":"Large Slime","ascension_level":20}