{"gold_per_floor":[19,19,19,37,37,37,49,82,82,82,101,111,71,83,83,155,155,132,47,62,74,74],"floor_reached":22,"playtime":1014,"items_purged":[],"score":401,"play_id":"2c527ec0-259a-4d23-b0cc-d2c42259418a","local_time":"20190801170433","is_ascension_mode":true,"campfire_choices":[{"data":"Ball Lightning","floor":6,"key":"SMITH"},{"data":"Zap","floor":10,"key":"SMITH"},{"data":"Defragment","floor":15,"key":"SMITH"}],"neow_cost":"NO_GOLD","seed_source_timestamp":510676527041635,"circlet_count":0,"master_deck":["AscendersBane","Strike_B","Strike_B","Strike_B","Defend_B","Defend_B","Defend_B","Defend_B","Zap+1","Dualcast","Self Repair","Turbo","Ball Lightning+1","Capacitor","Coolheaded","Echo Form","Coolheaded","Defragment+1","Rebound","Fission","Ball Lightning","Coolheaded","Amplify"],"relics":["Cracked Core","Bottled Tornado","Regal Pillow","Coffee Dripper","Potion Belt"],"potions_floor_usage":[7,8,8,12],"damage_taken":[{"damage":0,"enemies":"Small Slimes","floor":1,"turns":2},{"damage":1,"enemies":"Cultist","floor":4,"turns":4},{"damage":9,"enemies":"Jaw Worm","floor":7,"turns":3},{"damage":32,"enemies":"Gremlin Nob","floor":8,"turns":4},{"damage":9,"enemies":"Blue Slaver","floor":11,"turns":4},{"damage":3,"enemies":"Large Slime","floor":12,"turns":6},{"damage":11,"enemies":"2 Fungi Beasts","floor":14,"turns":3},{"damage":36,"enemies":"Slime Boss","floor":16,"turns":9},{"damage":26,"enemies":"2 Thieves","floor":18,"turns":4},{"damage":40,"enemies":"3 Byrds","floor":20,"turns":5},{"damage":12,"enemies":"Snecko","floor":21,"turns":5},{"damage":20,"enemies":"Sentry and Sphere","floor":22,"turns":3}],"seed_played":"3934657790050510041","potions_obtained":[{"floor":1,"key":"EntropicBrew"},{"floor":7,"key":"Fruit Juice"},{"floor":11,"key":"SkillPotion"},{"floor":12,"key":"LiquidBronze"},{"floor":20,"key":"Strength Potion"}],"is_trial":false,"path_per_floor":["M","?","$","M","$","R","M","E","T","R","M","M","$","M","R","B",null,"M","?","M","M","M"],"character_chosen":"DEFECT","items_purchased":["Defragment"],"campfire_rested":0,"item_purchase_floors":[13],"current_hp_per_floor":[78,78,78,84,84,84,87,62,62,62,60,64,64,60,60,31,75,56,56,23,18,0],"gold":74,"neow_bonus":"TWENTY_PERCENT_HP_BONUS","is_prod":false,"is_daily":false,"chose_seed":false,"campfire_upgraded":3,"win_rate":0,"timestamp":1564704273,"path_taken":["M","?","?","?","$","R","M","E","T","R","M","M","$","M","R","BOSS","M","?","M","M","M"],"build_version":"2019-07-18","purchased_purges":0,"victory":false,"max_hp_per_floor":[85,85,85,85,85,85,90,90,90,90,90,90,90,90,90,90,90,90,90,90,90,90],"card_choices":[{"not_picked":["Darkness","Sweeping Beam"],"picked":"Self Repair","floor":1},{"not_picked":["BootSequence","Redo"],"picked":"Ball Lightning","floor":4},{"not_picked":["Rebound","Gash"],"picked":"Capacitor","floor":7},{"not_picked":["Sweeping Beam","Reinforced Body"],"picked":"Coolheaded","floor":8},{"not_picked":["Streamline","Rebound"],"picked":"Echo Form","floor":11},{"not_picked":["Tempest","Sunder"],"picked":"Coolheaded","floor":12},{"not_picked":["FTL","Streamline"],"picked":"Rebound","floor":14},{"not_picked":["Creative AI","Thunder Strike"],"picked":"Fission","floor":16},{"not_picked":["FTL","Hologram"],"picked":"Ball Lightning","floor":18},{"not_picked":["Rebound","Compile Driver+1"],"picked":"Coolheaded","floor":20},{"not_picked":["Heatsinks","Rebound"],"picked":"Amplify","floor":21}],"player_experience":2856751,"relics_obtained":[{"floor":8,"key":"Bottled Tornado"},{"floor":9,"key":"Regal Pillow"}],"event_choices":[{"damage_healed":0,"gold_gain":0,"cards_transformed":["Strike_B"],"player_choice":"Transformed","damage_taken":0,"max_hp_gain":0,"max_hp_loss":0,"event_name":"Transmorgrifier","floor":2,"gold_loss":0,"cards_obtained":["Turbo"]},{"damage_healed":0,"gold_gain":0,"player_choice":"Obtained Relic","damage_taken":0,"relics_obtained":["Potion Belt"],"max_hp_gain":0,"max_hp_loss":0,"event_name":"Addict","floor":19,"gold_loss":85}],"is_beta":true,"boss_relics":[{"not_picked":["Velvet Choker","Fusion Hammer"],"picked":"Coffee Dripper"}],"items_purged_floors":[],"is_endless":false,"potions_floor_spawned":[1,7,11,12,16,18,20],"killed_by":"Sentry and Sphere","ascension_level":20}