{"gold_per_floor":[111,129,129,129,143,143,168,182,182,182,198,2,2,19,19,93,93,110,560,67,86,86,86,99,99,149,0,33,33,33],"floor_reached":30,"playtime":672,"items_purged":["Strike_R"],"score":521,"play_id":"3b2eaa3b-f34b-4892-8734-023d9a30b047","local_time":"20190823213601","is_ascension_mode":true,"campfire_choices":[{"data":"Armaments","floor":6.0,"key":"SMITH"},{"data":"Juggernaut","floor":10,"key":"SMITH"},{"data":"Body Slam","floor":13,"key":"SMITH"},{"data":"Combust","floor":15,"key":"SMITH"},{"data":"Disarm","floor":23,"key":"SMITH"},{"floor":25,"key":"REST"},{"data":"Flame Barrier","floor":29,"key":"SMITH"}],"neow_cost":"NONE","seed_source_timestamp":0,"circlet_count":0,"master_deck":["AscendersBane","Strike_R","Strike_R","Strike_R","Strike_R","Defend_R","Defend_R","Defend_R","Defend_R","Bash","Armaments+1","Pummel","Juggernaut+1","Body Slam+1","True Grit","Rage","Shrug It Off","Combust+1","Whirlwind","Shrug It Off","Reaper","Combust+1","Corruption","Disarm+1","Flame Barrier+1","Flex+1","Seeing Red+1"],"special_seed":0,"relics":["Burning Blood","NeowsBlessing","Strawberry","Bottled Tornado","Runic Pyramid","Prayer Wheel","MutagenicStrength","Orichalcum","Pear"],"potions_floor_usage":[8,18,21],"damage_taken":[{"damage":0.0,"enemies":"Jaw Worm","floor":1.0,"turns":1.0},{"damage":0.0,"enemies":"Small Slimes","floor":2.0,"turns":1.0},{"damage":0.0,"enemies":"Cultist","floor":5.0,"turns":1.0},{"damage":32.0,"enemies":"Gremlin Nob","floor":7.0,"turns":4.0},{"damage":12,"enemies":"Lots of Slimes","floor":8,"turns":7},{"damage":0,"enemies":"Exordium Thugs","floor":11,"turns":4},{"damage":6,"enemies":"Looter","floor":14,"turns":3},{"damage":48,"enemies":"Slime Boss","floor":16,"turns":10},{"damage":11,"enemies":"Spheric Guardian","floor":18,"turns":4},{"damage":9,"enemies":"Chosen","floor":21,"turns":5},{"damage":17,"enemies":"Snecko","floor":24,"turns":5},{"damage":43,"enemies":"Slavers","floor":28,"turns":5},{"damage":30,"enemies":"Shelled Parasite and Fungi","floor":30,"turns":3}],"seed_played":"-5417235190614330503","potions_obtained":[{"floor":1.0,"key":"SteroidPotion"},{"floor":7.0,"key":"SpeedPotion"},{"floor":14,"key":"Energy Potion"},{"floor":18,"key":"BloodPotion"},{"floor":28,"key":"LiquidBronze"}],"is_trial":false,"path_per_floor":["M","M","?","?","M","R","E","M","T","R","M","$","R","M","R","B",null,"M","?","$","M","?","R","M","R","T","?","E","R","M"],"character_chosen":"IRONCLAD","items_purchased":["Combust","Whirlwind","Prayer Wheel","Corruption","Disarm"],"campfire_rested":1,"item_purchase_floors":[12,12,20,20,20],"current_hp_per_floor":[74,75,80,80,80,80,61,55,55,55,61,61,61,61,61,19,70,70,22,22,45,45,45,34,60,60,60,39,39,11],"gold":33,"neow_bonus":"THREE_ENEMY_KILL","is_prod":false,"is_daily":false,"chose_seed":false,"campfire_upgraded":6,"win_rate":0,"timestamp":1566610561,"path_taken":["M","M","?","?","?","R","E","M","T","R","M","?","R","M","R","BOSS","M","?","$","?","?","R","M","R","T","?","E","R","M"],"build_version":"2019-07-17","purchased_purges":1,"victory":false,"max_hp_per_floor":[75,75,80,80,80,80,87,87,87,87,87,87,87,87,87,87,87,87,87,87,87,87,87,87,87,87,87,97,97,97],"card_choices":[{"not_picked":["Intimidate","Clash"],"picked":"Armaments","floor":1.0},{"not_picked":["Sever Soul","Twin Strike"],"picked":"Pummel","floor":2.0},{"not_picked":["Clash","Blood for Blood"],"picked":"Body Slam","floor":5.0},{"not_picked":["Havoc","Twin Strike"],"picked":"True Grit","floor":7.0},{"not_picked":["Thunderclap","Clothesline"],"picked":"Rage","floor":8},{"not_picked":["Armaments","Rage"],"picked":"Shrug It Off","floor":11},{"not_picked":["Dual Wield","Entrench"],"picked":"Shrug It Off","floor":14},{"not_picked":["Dark Embrace","Exhume"],"picked":"Reaper","floor":16},{"not_picked":["Clash","Sword Boomerang"],"picked":"Combust+1","floor":18},{"not_picked":["Burning Pact","Corruption","Thunderclap"],"picked":"SKIP","floor":21},{"not_picked":["Rupture","True Grit","Berserk"],"picked":"SKIP","floor":21},{"not_picked":["Havoc+1","Iron Wave"],"picked":"Flame Barrier","floor":24},{"not_picked":["Rage","Wild Strike"],"picked":"Flex+1","floor":24},{"not_picked":["Power Through","True Grit"],"picked":"Seeing Red+1","floor":28}],"player_experience":590551,"relics_obtained":[{"floor":7.0,"key":"Strawberry"},{"floor":9,"key":"Bottled Tornado"},{"floor":26,"key":"Orichalcum"},{"floor":28,"key":"Pear"}],"event_choices":[{"damage_healed":0.0,"max_hp_gain":5.0,"max_hp_loss":0.0,"gold_gain":0.0,"event_name":"Big Fish","player_choice":"Donut","floor":3.0,"gold_loss":0.0,"damage_taken":0.0},{"damage_healed":0.0,"max_hp_gain":0.0,"max_hp_loss":0.0,"gold_gain":0.0,"event_name":"Match and Keep!","player_choice":"1 cards matched","floor":4.0,"gold_loss":0.0,"damage_taken":0.0,"cards_obtained":["Juggernaut"]},{"damage_healed":0,"gold_gain":450,"player_choice":"GOLD GOLD GOLD GOLD GOLD ","damage_taken":48,"max_hp_gain":0,"max_hp_loss":0,"event_name":"Knowing Skull","floor":19,"potions_obtained":[],"gold_loss":0,"cards_obtained":[]},{"damage_healed":0,"gold_gain":0,"player_choice":"Inject Mutagens","damage_taken":0,"relics_obtained":["MutagenicStrength"],"max_hp_gain":0,"max_hp_loss":0,"event_name":"Drug Dealer","floor":22,"gold_loss":0},{"damage_healed":0,"gold_gain":0,"player_choice":"Paid Fearfully","damage_taken":0,"max_hp_gain":0,"max_hp_loss":0,"event_name":"Masked Bandits","floor":27,"gold_loss":149}],"is_beta":false,"boss_relics":[{"not_picked":["Orrery","Eternal Feather"],"picked":"Runic Pyramid"}],"items_purged_floors":[12],"is_endless":false,"potions_floor_spawned":[1,7,14,18,28],"killed_by":"Shelled Parasite and Fungi","ascension_level":20}