{"gold_per_floor":[116,126,301,6,6,6,34,44,122,22,22,22,51,63,63,160,160,177,193,213,213,213,229,69,84,84,84,114,114,114,125,125,125],"floor_reached":33,"playtime":1018,"items_purged":["Doubt","Defend_R","Defend_R"],"score":315,"play_id":"0709b73f-84f8-4b16-9dec-e2289ab1be26","local_time":"20190901192313","is_ascension_mode":true,"campfire_choices":[{"data":"Bash","floor":6.0,"key":"SMITH"},{"data":"Flex","floor":12.0,"key":"SMITH"},{"data":"Pummel","floor":15.0,"key":"SMITH"},{"data":"Whirlwind","floor":27,"key":"SMITH"},{"data":"Rampage","floor":30,"key":"SMITH"},{"floor":32,"key":"REST"}],"neow_cost":"TEN_PERCENT_HP_LOSS","seed_source_timestamp":246537358587600,"circlet_count":0,"master_deck":["Strike_R","Strike_R","Strike_R","Strike_R","Strike_R","Bash+1","Clash+1","Flex+1","Sentinel","Headbutt","Pummel+1","Clash+1","Armaments+1","Whirlwind+1","Rampage+1"],"special_seed":0,"relics":["Burning Blood","Thread and Needle","Chemical X","Pen Nib","Letter Opener","Darkstone Periapt","Philosopher\u0027s Stone","Blue Candle","Mercury Hourglass"],"potions_floor_usage":[28,33],"damage_taken":[{"damage":2.0,"enemies":"Jaw Worm","floor":1.0,"turns":4.0},{"damage":0.0,"enemies":"2 Louse","floor":2.0,"turns":3.0},{"damage":2.0,"enemies":"Gremlin Nob","floor":7.0,"turns":3.0},{"damage":0.0,"enemies":"Small Slimes","floor":8.0,"turns":3.0},{"damage":35.0,"enemies":"3 Sentries","floor":13.0,"turns":10.0},{"damage":0.0,"enemies":"2 Fungi Beasts","floor":14.0,"turns":2.0},{"damage":20.0,"enemies":"Hexaghost","floor":16.0,"turns":5.0},{"damage":0,"enemies":"Chosen","floor":18,"turns":3},{"damage":25,"enemies":"3 Byrds","floor":19,"turns":5},{"damage":6,"enemies":"Centurion and Healer","floor":20,"turns":5},{"damage":0,"enemies":"Snecko","floor":23,"turns":3},{"damage":10,"enemies":"3 Cultists","floor":25,"turns":3},{"damage":0,"enemies":"Gremlin Leader","floor":28,"turns":4},{"damage":34,"enemies":"Shelled Parasite and Fungi","floor":31,"turns":3},{"damage":60,"enemies":"Champ","floor":33,"turns":5}],"seed_played":"8621055448310507507","potions_obtained":[{"floor":2.0,"key":"Dexterity Potion"},{"floor":7.0,"key":"Regen Potion"},{"floor":8.0,"key":"Weak Potion"},{"floor":23,"key":"Ancient Potion"},{"floor":25,"key":"SteroidPotion"}],"is_trial":false,"path_per_floor":["M","M","?","$","?","R","E","M","T","$","?","R","E","M","R","B",null,"M","M","M","?","?","M","$","M","T","R","E","$","R","M","R","B"],"character_chosen":"IRONCLAD","items_purchased":["Flex","Chemical X","Whirlwind"],"campfire_rested":1,"item_purchase_floors":[4,4,24],"current_hp_per_floor":[72,72,72,72,65,65,69,72,72,72,72,72,58,64,64,50,72,72,53,53,53,53,59,59,55,55,55,61,61,61,33,54,0],"gold":125,"neow_bonus":"ONE_RARE_RELIC","is_prod":false,"is_daily":false,"chose_seed":false,"campfire_upgraded":5,"win_rate":0,"timestamp":1567390993,"path_taken":["M","M","?","$","?","R","E","M","T","?","?","R","E","M","R","BOSS","M","M","?","?","?","?","?","M","T","R","E","$","R","M","R","BOSS"],"build_version":"2019-07-17","purchased_purges":3,"victory":false,"max_hp_per_floor":[72,72,72,72,72,72,72,72,72,72,72,72,72,72,72,72,72,72,72,72,72,72,72,72,72,72,72,72,72,72,72,72,72],"card_choices":[{"not_picked":["Clothesline","Disarm","True Grit"],"picked":"SKIP","floor":1.0},{"not_picked":["Fire Breathing","Pummel"],"picked":"Clash","floor":2.0},{"not_picked":["True Grit","Armaments","Cleave"],"picked":"SKIP","floor":7.0},{"not_picked":["Metallicize","Inflame","Burning Pact"],"picked":"SKIP","floor":8.0},{"not_picked":["Clothesline","Flame Barrier"],"picked":"Headbutt","floor":13.0},{"not_picked":["True Grit","Clash"],"picked":"Pummel","floor":14.0},{"not_picked":["Barricade","Berserk"],"picked":"Demon Form","floor":16.0},{"not_picked":["Anger+1","Pummel"],"picked":"Clash+1","floor":18},{"not_picked":["Pommel Strike","Havoc"],"picked":"Armaments+1","floor":19},{"not_picked":["True Grit","Havoc","Twin Strike"],"picked":"SKIP","floor":20},{"not_picked":["Body Slam","Perfected Strike","Sentinel"],"picked":"SKIP","floor":23},{"not_picked":["Searing Blow","Havoc+1","Hemokinesis+1"],"picked":"SKIP","floor":25},{"not_picked":["Flame Barrier","True Grit"],"picked":"Rampage","floor":28},{"not_picked":["Bloodletting","Fire Breathing","Cleave"],"picked":"SKIP","floor":31}],"player_experience":743996,"relics_obtained":[{"floor":7.0,"key":"Pen Nib"},{"floor":9.0,"key":"Letter Opener"},{"floor":13.0,"key":"Darkstone Periapt"},{"floor":26,"key":"Blue Candle"},{"floor":28,"key":"Mercury Hourglass"}],"event_choices":[{"damage_healed":0.0,"max_hp_gain":0.0,"max_hp_loss":0.0,"gold_gain":175.0,"event_name":"Liars Game","player_choice":"AGREE","floor":3.0,"gold_loss":0.0,"damage_taken":0.0,"cards_obtained":["Doubt"]},{"cards_removed":["Defend_R"],"damage_healed":0.0,"max_hp_gain":0.0,"max_hp_loss":0.0,"gold_gain":0.0,"event_name":"Golden Wing","player_choice":"Card Removal","floor":5.0,"gold_loss":0.0,"damage_taken":7.0},{"cards_removed":["Defend_R"],"damage_healed":0.0,"max_hp_gain":0.0,"max_hp_loss":0.0,"gold_gain":0.0,"event_name":"NoteForYourself","player_choice":"Took Card","floor":11.0,"gold_loss":0.0,"damage_taken":0.0,"cards_obtained":["Sentinel"]},{"cards_removed":["Demon Form"],"damage_healed":0,"gold_gain":0,"player_choice":"Elegance","damage_taken":0,"max_hp_gain":0,"max_hp_loss":0,"event_name":"Back to Basics","floor":21,"gold_loss":0},{"damage_healed":0,"gold_gain":0,"player_choice":"Forge","damage_taken":0,"max_hp_gain":0,"max_hp_loss":0,"event_name":"Accursed Blacksmith","floor":22,"gold_loss":0,"cards_upgraded":["Clash"]}],"is_beta":false,"boss_relics":[{"not_picked":["White Beast Statue","Busted Crown"],"picked":"Philosopher\u0027s Stone"}],"items_purged_floors":[4,10,24],"is_endless":false,"potions_floor_spawned":[2,7,8,23,25],"killed_by":"Champ","ascension_level":1}