{"gold_per_floor":[111,122,138,151,41,41,53,53,79,95,57,57,4,179,179,307,307,321,345,70,70],"floor_reached":21,"playtime":1104,"items_purged":["Strike_B","Doubt"],"score":171,"play_id":"1869577d-d1de-4dff-a228-0d2c04190749","local_time":"20190826204951","is_ascension_mode":false,"campfire_choices":[{"data":"Capacitor","floor":6,"key":"SMITH"},{"data":"Storm","floor":8,"key":"SMITH"},{"floor":15,"key":"REST"}],"neow_cost":"NONE","seed_source_timestamp":259416551460600,"circlet_count":0,"master_deck":["Strike_B","Strike_B","Strike_B","Defend_B","Defend_B","Defend_B","Defend_B","Zap","Dualcast","Ball Lightning","Storm+1","Loop","Heatsinks","Capacitor+1","Skim","Fission","Tempest","Hologram","Machine Learning","Barrage+1","Sweeping Beam","Conserve Battery","Reprogram","Good Instincts"],"relics":["Runic Dome","Ancient Tea Set","Golden Idol","Velvet Choker"],"potions_floor_usage":[16,16,16,19],"damage_taken":[{"damage":0,"enemies":"Cultist","floor":1,"turns":4},{"damage":1,"enemies":"Jaw Worm","floor":2,"turns":4},{"damage":0,"enemies":"Small Slimes","floor":3,"turns":3},{"damage":17,"enemies":"Exordium Thugs","floor":4,"turns":4},{"damage":16,"enemies":"Lots of Slimes","floor":7,"turns":4},{"damage":12,"enemies":"Looter","floor":10,"turns":4},{"damage":32,"enemies":"The Guardian","floor":16,"turns":8},{"damage":32,"enemies":"2 Thieves","floor":18,"turns":4},{"damage":13,"enemies":"3 Byrds","floor":19,"turns":4},{"damage":30,"enemies":"Cultist and Chosen","floor":21,"turns":4}],"seed_played":"6374132386552467713","potions_obtained":[{"floor":1,"key":"FearPotion"},{"floor":4,"key":"Energy Potion"},{"floor":10,"key":"SkillPotion"},{"floor":18,"key":"EssenceOfSteel"}],"is_trial":false,"path_per_floor":["M","M","M","M","$","R","M","R","T","M","$","?","$","?","R","B",null,"M","M","$","M"],"character_chosen":"DEFECT","items_purchased":["Capacitor","Tempest","Hologram","Conserve Battery","Reprogram","Good Instincts"],"campfire_rested":1,"item_purchase_floors":[5,11,13,20,20,20],"current_hp_per_floor":[75,74,74,57,57,57,41,41,41,29,29,29,29,29,49,17,69,37,24,24,0],"gold":70,"neow_bonus":"BOSS_RELIC","is_prod":false,"is_daily":false,"chose_seed":false,"campfire_upgraded":2,"win_rate":0.0,"timestamp":1566845391,"path_taken":["M","?","M","M","$","R","M","R","T","M","$","?","$","?","R","BOSS","M","M","$","M"],"build_version":"2019-06-28","purchased_purges":2,"victory":false,"max_hp_per_floor":[75,75,75,75,75,75,75,75,75,75,75,69,69,69,69,69,69,69,69,69,69],"card_choices":[{"not_picked":["Chaos","Cold Snap"],"picked":"Ball Lightning","floor":1},{"not_picked":["Barrage","Streamline"],"picked":"Storm","floor":2},{"not_picked":["Conserve Battery","Ball Lightning"],"picked":"Loop","floor":3},{"not_picked":["Hologram","Loop"],"picked":"Heatsinks","floor":4},{"not_picked":["Recycle","Heatsinks"],"picked":"Skim","floor":7},{"not_picked":["Compile Driver","Turbo"],"picked":"Fission","floor":10},{"not_picked":["Fission","Meteor Strike"],"picked":"Machine Learning","floor":16},{"not_picked":["Turbo","Streamline"],"picked":"Barrage+1","floor":18},{"not_picked":["Double Energy+1","Cold Snap"],"picked":"Sweeping Beam","floor":19}],"player_experience":73530,"relics_obtained":[{"floor":9,"key":"Ancient Tea Set"}],"event_choices":[{"damage_healed":0,"gold_gain":0,"player_choice":"Lose Max HP","damage_taken":0,"relics_obtained":["Golden Idol"],"max_hp_gain":0,"max_hp_loss":6,"event_name":"Golden Idol","floor":12,"gold_loss":0},{"damage_healed":0,"gold_gain":175,"player_choice":"AGREE","damage_taken":0,"max_hp_gain":0,"max_hp_loss":0,"event_name":"Liars Game","floor":14,"gold_loss":0,"cards_obtained":["Doubt"]}],"is_beta":true,"boss_relics":[{"not_picked":["Ectoplasm","Empty Cage"],"picked":"Velvet Choker"}],"items_purged_floors":[5,20],"is_endless":false,"potions_floor_spawned":[1,4,10,18],"killed_by":"Cultist and Chosen","ascension_level":0}