{"gold_per_floor":[130,142,173,110,122,134,164,192,250,262,274,314,338,350,362,451,463,485,497,509],"floor_reached":20,"playtime":1235,"items_purged":[],"score":344,"play_id":"18fafc60-b2ff-46c0-b7c8-82b6c5066cb6","local_time":"20190106014831","is_ascension_mode":true,"campfire_choices":[{"data":"Loop","floor":6.0,"key":"SMITH"},{"data":"Chaos","floor":11.0,"key":"SMITH"},{"data":"Zap","floor":15.0,"key":"SMITH"}],"neow_cost":"NONE","seed_source_timestamp":1204241863769347,"circlet_count":0,"master_deck":["AscendersBane","Strike_B","Strike_B","Defend_B","Defend_B","Defend_B","Defend_B","Zap+1","Dualcast","Coolheaded","Loop+1","Chaos+1","Self Repair","Machine Learning","Gash","Buffer"],"special_seed":0,"relics":["Cracked Core","MawBank","FaceOfCleric","Happy Flower","Busted Crown"],"potions_floor_usage":[18],"damage_taken":[{"damage":3.0,"enemies":"Small Slimes","floor":1.0,"turns":4.0},{"damage":0.0,"enemies":"Cultist","floor":3.0,"turns":4.0},{"damage":2.0,"enemies":"Jaw Worm","floor":7.0,"turns":5.0},{"damage":14.0,"enemies":"Exordium Thugs","floor":8.0,"turns":8.0},{"damage":15.0,"enemies":"Gremlin Nob","floor":12.0,"turns":5.0},{"damage":11.0,"enemies":"Red Slaver","floor":13.0,"turns":4.0},{"damage":21,"enemies":"Slime Boss","floor":16,"turns":8},{"damage":33,"enemies":"3 Byrds","floor":18,"turns":5},{"damage":57,"enemies":"Masked Bandits","floor":20,"turns":3}],"seed_played":"-248431602165145797","potions_obtained":[{"floor":3.0,"key":"Regen Potion"},{"floor":5.0,"key":"Weak Potion"},{"floor":8.0,"key":"AttackPotion"},{"floor":16,"key":"Dexterity Potion"}],"is_trial":false,"path_per_floor":["M","?","M","?","?","R","M","M","T","$","R","E","M","?","R","B",null,"M","$","?"],"character_chosen":"DEFECT","items_purchased":[],"campfire_rested":0,"item_purchase_floors":[],"current_hp_per_floor":[61,61,62,62,62,62,61,63,63,63,63,56,53,46,46,33,66,41,41,0],"gold":509,"neow_bonus":"RANDOM_COMMON_RELIC","is_prod":false,"is_daily":false,"chose_seed":false,"campfire_upgraded":3,"win_rate":0,"timestamp":1546768111,"path_taken":["M","?","?","?","?","R","M","?","T","?","R","E","?","?","R","BOSS","M","$","?"],"build_version":"2019-01-03v4","purchased_purges":0,"victory":false,"max_hp_per_floor":[71,71,72,72,72,72,73,74,74,74,74,75,76,76,76,77,77,78,78,78],"card_choices":[{"not_picked":["Sweeping Beam","Leap"],"picked":"Coolheaded","floor":1.0},{"not_picked":["Hologram","Conserve Battery"],"picked":"Loop","floor":3.0},{"not_picked":["Rip and Tear","Auto Shields"],"picked":"Chaos","floor":7.0},{"not_picked":["Coolheaded","Streamline"],"picked":"Self Repair","floor":8.0},{"not_picked":["Conserve Battery","Barrage"],"picked":"Machine Learning","floor":12.0},{"not_picked":["Stack","Doom and Gloom"],"picked":"Gash","floor":13.0},{"not_picked":["Rainbow","Meteor Strike"],"picked":"Buffer","floor":16},{"not_picked":["Tempest"],"picked":"SKIP","floor":18}],"player_experience":2721021,"relics_obtained":[{"floor":12.0,"key":"Happy Flower"}],"event_choices":[{"damage_healed":0.0,"max_hp_gain":0.0,"max_hp_loss":0.0,"gold_gain":0.0,"event_name":"FaceTrader","player_choice":"Trade","floor":2.0,"gold_loss":0.0,"damage_taken":0.0,"relics_obtained":["FaceOfCleric"]},{"cards_removed":["Strike_B"],"damage_healed":0.0,"max_hp_gain":0.0,"max_hp_loss":0.0,"gold_gain":0.0,"event_name":"The Cleric","player_choice":"Card Removal","floor":4.0,"gold_loss":75.0,"damage_taken":0.0},{"damage_healed":0.0,"max_hp_gain":0.0,"max_hp_loss":0.0,"gold_gain":0.0,"event_name":"Lab","player_choice":"Got Potions","floor":5.0,"gold_loss":0.0,"damage_taken":0.0},{"cards_removed":["Strike_B"],"damage_healed":0.0,"max_hp_gain":0.0,"max_hp_loss":0.0,"gold_gain":0.0,"event_name":"Golden Wing","player_choice":"Card Removal","floor":14.0,"gold_loss":0.0,"damage_taken":7.0},{"damage_healed":0,"gold_gain":0,"player_choice":"Fought Bandits","damage_taken":0,"max_hp_gain":0,"max_hp_loss":0,"event_name":"Masked Bandits","floor":20,"gold_loss":0}],"is_beta":true,"boss_relics":[{"not_picked":["Pandora\u0027s Box","Calling Bell"],"picked":"Busted Crown"}],"items_purged_floors":[],"is_endless":false,"potions_floor_spawned":[3,7,8,16],"killed_by":"Masked Bandits","ascension_level":20}