{"gold_per_floor":[110,185,203,203,79,79,79,79,79,112,132,152,11,11,11,11],"floor_reached":16,"playtime":2021,"items_purged":["Pain"],"score":123,"play_id":"c0c4f6f4-c579-443e-b390-9542992cae6f","local_time":"20190902155442","is_ascension_mode":false,"campfire_choices":[{"data":"Shockwave","floor":6,"key":"SMITH"},{"data":"Armaments","floor":8,"key":"SMITH"},{"data":"Apotheosis","floor":15,"key":"SMITH"}],"neow_cost":"CURSE","seed_source_timestamp":848250844437911,"circlet_count":0,"master_deck":["Strike_R","Strike_R","Strike_R","Strike_R","Strike_R","Defend_R","Defend_R","Defend_R","Defend_R","Bash","Armaments+1","Shockwave+1","Regret","Shrug It Off","Battle Trance","Clothesline","Apotheosis+1"],"relics":["Burning Blood","Mango","Magic Flower","The Courier","Letter Opener","Pear"],"potions_floor_usage":[10,10],"damage_taken":[{"damage":10,"enemies":"Small Slimes","floor":1,"turns":3},{"damage":10,"enemies":"Jaw Worm","floor":3,"turns":6},{"damage":22,"enemies":"Lagavulin","floor":10,"turns":8},{"damage":6,"enemies":"2 Louse","floor":11,"turns":5},{"damage":2,"enemies":"Looter","floor":12,"turns":4},{"damage":83,"enemies":"Hexaghost","floor":16,"turns":12}],"seed_played":"8752269638299407307","potions_obtained":[{"floor":1,"key":"AttackPotion"},{"floor":3,"key":"Ancient Potion"},{"floor":10,"key":"Ancient Potion"}],"is_trial":false,"path_per_floor":["M","?","M","?","$","R","T","R","T","E","M","M","$","$","R","B"],"character_chosen":"IRONCLAD","items_purchased":["Shrug It Off","Apotheosis"],"campfire_rested":0,"item_purchase_floors":[5,13],"current_hp_per_floor":[90,79,75,75,75,75,75,75,75,72,75,82,82,82,82,0],"gold":11,"neow_bonus":"ONE_RARE_RELIC","is_prod":false,"is_daily":false,"chose_seed":false,"campfire_upgraded":3,"win_rate":0,"timestamp":1567432482,"path_taken":["M","?","M","?","$","R","?","R","T","E","M","M","?","$","R","BOSS"],"build_version":"2019-06-28","purchased_purges":1,"victory":false,"max_hp_per_floor":[94,94,94,94,94,94,94,94,94,104,104,104,104,104,104,104],"card_choices":[{"not_picked":["Rage","Wild Strike"],"picked":"Armaments","floor":1},{"not_picked":["Metallicize","Flame Barrier"],"picked":"Shockwave","floor":3},{"not_picked":["Evolve","Perfected Strike","Thunderclap"],"picked":"SKIP","floor":10},{"not_picked":["Iron Wave","True Grit"],"picked":"Battle Trance","floor":11},{"not_picked":["Warcry","Bloodletting"],"picked":"Clothesline","floor":12}],"player_experience":183212,"relics_obtained":[{"floor":7,"key":"The Courier"},{"floor":9,"key":"Letter Opener"},{"floor":10,"key":"Pear"}],"event_choices":[{"damage_healed":0,"gold_gain":75,"player_choice":"Gather Gold","damage_taken":11,"max_hp_gain":0,"max_hp_loss":0,"event_name":"World of Goop","floor":2,"gold_loss":0},{"damage_healed":0,"gold_gain":0,"player_choice":"Box","damage_taken":0,"relics_obtained":["Magic Flower"],"max_hp_gain":0,"max_hp_loss":0,"event_name":"Big Fish","floor":4,"gold_loss":0,"cards_obtained":["Regret"]}],"is_beta":true,"boss_relics":[],"items_purged_floors":[5],"is_endless":false,"potions_floor_spawned":[1,3,10],"killed_by":"Hexaghost","ascension_level":0}