{"gold_per_floor":[111,111,124,143,34,34,34,34,58,93,280,302,314,339,351,464,476,503,440,422,446,477,489],"floor_reached":23,"playtime":2904,"items_purged":[],"score":218,"play_id":"80a8f9db-b73e-44d5-acf1-7c668dbcf1a6","local_time":"20190825130947","is_ascension_mode":false,"campfire_choices":[{"data":"Mind Blast","floor":6,"key":"SMITH"},{"data":"Conserve Battery","floor":8,"key":"SMITH"},{"data":"Coolheaded","floor":13,"key":"SMITH"},{"data":"Chill","floor":15,"key":"SMITH"}],"neow_cost":"NONE","seed_source_timestamp":143207752385885,"circlet_count":0,"master_deck":["Strike_B","Strike_B","Strike_B+1","Strike_B","Defend_B","Defend_B","Defend_B","Defend_B","Zap","Dualcast","Conserve Battery+1","Cold Snap+1","Coolheaded","Conserve Battery+1","Mind Blast+1","Conserve Battery","Doubt","Coolheaded+1","Chill+1","Creative AI","Cold Snap","Streamline","Chill","Cold Snap"],"relics":["Cracked Core","NeowsBlessing","Thread and Needle","Whetstone","MawBank","Inserter"],"potions_floor_usage":[16,16,21],"damage_taken":[{"damage":0,"enemies":"Jaw Worm","floor":1,"turns":1},{"damage":0,"enemies":"Small Slimes","floor":3,"turns":1},{"damage":0,"enemies":"Cultist","floor":4,"turns":1},{"damage":5,"enemies":"3 Sentries","floor":10,"turns":11},{"damage":7,"enemies":"Red Slaver","floor":12,"turns":3},{"damage":4,"enemies":"2 Fungi Beasts","floor":14,"turns":3},{"damage":47,"enemies":"The Guardian","floor":16,"turns":20},{"damage":2,"enemies":"Spheric Guardian","floor":18,"turns":6},{"damage":10,"enemies":"2 Thieves","floor":20,"turns":5},{"damage":4,"enemies":"Centurion and Healer","floor":21,"turns":13},{"damage":4,"enemies":"Shelled Parasite and Fungi","floor":22,"turns":11},{"damage":58,"enemies":"Book of Stabbing","floor":23,"turns":11}],"seed_played":"2651664678850519249","potions_obtained":[{"floor":3,"key":"Block Potion"},{"floor":4,"key":"Ancient Potion"},{"floor":14,"key":"Fire Potion"},{"floor":20,"key":"LiquidBronze"}],"is_trial":false,"path_per_floor":["M","?","M","M","$","R","?","R","T","E","?","M","R","M","R","B",null,"M","?","M","M","M","E"],"character_chosen":"DEFECT","items_purchased":["Conserve Battery","Mind Blast"],"campfire_rested":0,"item_purchase_floors":[5,5],"current_hp_per_floor":[75,75,75,75,75,75,75,75,75,70,70,63,63,59,59,12,75,73,73,63,59,55,0],"gold":489,"neow_bonus":"THREE_ENEMY_KILL","is_prod":false,"is_daily":false,"chose_seed":false,"campfire_upgraded":4,"win_rate":0.0,"timestamp":1566731387,"path_taken":["M","?","M","M","$","R","?","R","T","E","?","?","R","M","R","BOSS","M","?","M","M","M","E"],"build_version":"2019-06-28","purchased_purges":0,"victory":false,"max_hp_per_floor":[75,75,75,75,75,75,75,75,75,75,75,75,75,75,75,75,75,75,75,75,75,75,75],"card_choices":[{"not_picked":["Sunder","Skim"],"picked":"Conserve Battery","floor":1},{"not_picked":["Redo","Heatsinks"],"picked":"Cold Snap","floor":3},{"not_picked":["Hologram","Streamline"],"picked":"Coolheaded","floor":4},{"not_picked":["Gash","Darkness"],"picked":"Conserve Battery","floor":10},{"not_picked":["Barrage","Compile Driver"],"picked":"Coolheaded","floor":12},{"not_picked":["Hologram","FTL"],"picked":"Chill","floor":14},{"not_picked":["All For One","Electrodynamics"],"picked":"Creative AI","floor":16},{"not_picked":["Stack","Hologram"],"picked":"Cold Snap","floor":18},{"not_picked":["Rainbow","Gash"],"picked":"Streamline","floor":20},{"not_picked":["Streamline+1","Beam Cell"],"picked":"Chill","floor":21},{"not_picked":["Sweeping Beam","Streamline"],"picked":"Cold Snap","floor":22}],"player_experience":55004,"relics_obtained":[{"floor":9,"key":"Whetstone"},{"floor":10,"key":"MawBank"}],"event_choices":[{"damage_healed":0,"gold_gain":0,"player_choice":"Grow","damage_taken":0,"max_hp_gain":0,"max_hp_loss":0,"event_name":"Living Wall","floor":2,"gold_loss":0,"cards_upgraded":["Conserve Battery"]},{"damage_healed":0,"gold_gain":0,"player_choice":"Box","damage_taken":0,"relics_obtained":["Thread and Needle"],"max_hp_gain":0,"max_hp_loss":0,"event_name":"Big Fish","floor":7,"gold_loss":0,"cards_obtained":["Regret"]},{"damage_healed":0,"gold_gain":175,"player_choice":"AGREE","damage_taken":0,"max_hp_gain":0,"max_hp_loss":0,"event_name":"Liars Game","floor":11,"gold_loss":0,"cards_obtained":["Doubt"]},{"cards_removed":["Regret"],"damage_healed":0,"gold_gain":0,"player_choice":"Gave Gold","damage_taken":0,"max_hp_gain":0,"max_hp_loss":0,"event_name":"Beggar","floor":19,"gold_loss":75}],"is_beta":true,"boss_relics":[{"not_picked":["Fusion Hammer","Tiny House"],"picked":"Inserter"}],"items_purged_floors":[],"is_endless":false,"potions_floor_spawned":[3,4,14,20],"killed_by":"Book of Stabbing","ascension_level":0}