{"gold_per_floor":[219,231,231,249,263,263,276,304,328,41,41,51,51,1,1,96,96,114,114,134,134,134],"floor_reached":22,"playtime":542,"items_purged":["Strike_B"],"score":186,"play_id":"1c048744-f8df-4486-97ce-0a517f876c08","local_time":"20180916175152","is_ascension_mode":false,"campfire_choices":[{"data":"Streamline","floor":6,"key":"SMITH"},{"floor":13,"key":"REST"},{"data":"Redo","floor":15,"key":"SMITH"}],"neow_cost":"NONE","seed_source_timestamp":0,"circlet_count":0,"master_deck":["Strike_B","Strike_B","Strike_B","Defend_B","Defend_B","Defend_B","Defend_B","Zap","Dualcast","Gash","Ball Lightning","Echo Form","Streamline+1","Beam Cell","Redo+1","Defragment+1","Coolheaded","Electrodynamics+1","Self Repair+1"],"relics":["Cracked Core","Boot","Smiling Mask","Frozen Egg 2","Busted Crown"],"potions_floor_usage":[22,22],"damage_taken":[{"damage":1,"enemies":"Cultist","floor":1,"turns":3},{"damage":0,"enemies":"Small Slimes","floor":2,"turns":2},{"damage":6,"enemies":"Jaw Worm","floor":4,"turns":2},{"damage":20,"enemies":"Exordium Thugs","floor":5,"turns":4},{"damage":11,"enemies":"Lots of Slimes","floor":7,"turns":3},{"damage":11,"enemies":"Lagavulin","floor":8,"turns":5},{"damage":10,"enemies":"Looter","floor":12,"turns":2},{"damage":21,"enemies":"The Guardian","floor":16,"turns":9},{"damage":25,"enemies":"2 Thieves","floor":18,"turns":4},{"damage":20,"enemies":"Colosseum Slavers","floor":19,"turns":2},{"damage":10,"enemies":"3 Byrds","floor":20,"turns":2},{"damage":21,"enemies":"Shelled Parasite and Fungi","floor":22,"turns":3}],"seed_played":"274325099965","potions_obtained":[{"floor":1,"key":"Weak Potion"},{"floor":3,"key":"Dexterity Potion"},{"floor":3,"key":"SteroidPotion"},{"floor":4,"key":"FocusPotion"}],"is_trial":false,"path_per_floor":["M","M","?","M","M","R","M","E","T","$","?","M","R","$","R","B",null,"M","?","M","?"],"character_chosen":"DEFECT","items_purchased":["Defragment","Frozen Egg 2"],"campfire_rested":1,"item_purchase_floors":[10,10],"current_hp_per_floor":[74,74,74,68,48,48,37,26,26,26,26,16,38,38,38,17,75,50,30,20,20,0],"gold":134,"neow_bonus":"HUNDRED_GOLD","is_prod":false,"is_daily":false,"chose_seed":true,"campfire_upgraded":2,"win_rate":0,"timestamp":1537145512,"path_taken":["M","M","?","M","?","R","?","E","T","?","?","?","R","$","R","BOSS","M","?","M","?","?"],"build_version":"2018-09-12","purchased_purges":1,"victory":false,"max_hp_per_floor":[75,75,75,75,75,75,75,75,75,75,75,75,75,75,75,75,75,75,75,75,75,75],"card_choices":[{"not_picked":["Skim","Stack"],"picked":"Gash","floor":1},{"not_picked":["Storm","Consume"],"picked":"Ball Lightning","floor":2},{"not_picked":["Turbo","Double Energy"],"picked":"Echo Form","floor":4},{"not_picked":["FTL","Barrage"],"picked":"Streamline","floor":5},{"not_picked":["Heatsinks","Melter"],"picked":"Beam Cell","floor":7},{"not_picked":["Leap","All For One"],"picked":"Redo","floor":8},{"not_picked":["Barrage","Steam"],"picked":"Coolheaded","floor":12},{"not_picked":["Buffer+1","Thunder Strike"],"picked":"Electrodynamics+1","floor":16},{"not_picked":["Lockon"],"picked":"SKIP","floor":18},{"not_picked":[],"picked":"Self Repair+1","floor":20}],"player_experience":2349017,"relics_obtained":[{"floor":8,"key":"Boot"},{"floor":9,"key":"Smiling Mask"}],"event_choices":[{"event_name":"The Lab","player_choice":"Got Potions","floor":3,"damage_taken":0},{"event_name":"Living Wall","player_choice":"Grow","floor":11,"damage_taken":0},{"event_name":"Colosseum","player_choice":"Fight","floor":19,"damage_taken":0},{"event_name":"Colosseum","player_choice":"Fled From Nobs","floor":19,"damage_taken":0},{"event_name":"Cursed Tome","player_choice":"Ignored","floor":21,"damage_taken":0}],"is_beta":true,"boss_relics":[{"not_picked":["Runic Pyramid","White Beast Statue"],"picked":"Busted Crown"}],"items_purged_floors":[14],"is_endless":false,"potions_floor_spawned":[1,4,7,16],"killed_by":"Shelled Parasite and Fungi","ascension_level":0}