{"gold_per_floor":[115,126,145,21,37,37,71,246,246,68,81,81,91,91,91,91],"floor_reached":16,"playtime":709,"items_purged":["Strike_R","Doubt"],"score":133,"play_id":"4ce1f708-d5c1-485f-87da-a912805c88b1","local_time":"20190901202503","is_ascension_mode":true,"campfire_choices":[{"data":"Bash","floor":6,"key":"SMITH"},{"floor":12,"key":"REST"},{"data":"Body Slam","floor":15,"key":"SMITH"}],"neow_cost":"NONE","seed_source_timestamp":508324559639538,"circlet_count":0,"master_deck":["Strike_R","Strike_R","Strike_R","Defend_R","Defend_R","Defend_R","Defend_R","Bash+1","Shrug It Off","Anger","Cleave","Entrench","Body Slam+1"],"relics":["Burning Blood","Juzu Bracelet","Sundial"],"potions_floor_usage":[3,5],"damage_taken":[{"damage":1,"enemies":"Cultist","floor":1,"turns":4},{"damage":9,"enemies":"Jaw Worm","floor":2,"turns":4},{"damage":7,"enemies":"Small Slimes","floor":3,"turns":4},{"damage":55,"enemies":"Exordium Thugs","floor":5,"turns":9},{"damage":27,"enemies":"Lagavulin","floor":7,"turns":6},{"damage":0,"enemies":"Large Slime","floor":11,"turns":5},{"damage":6,"enemies":"Lots of Slimes","floor":13,"turns":3},{"damage":52,"enemies":"Hexaghost","floor":16,"turns":9}],"seed_played":"-2684067657764525256","potions_obtained":[{"floor":1,"key":"PowerPotion"},{"floor":3,"key":"Fruit Juice"},{"floor":13,"key":"Fire Potion"}],"is_trial":false,"path_per_floor":["M","M","M","$","M","R","E","?","T","$","M","R","M","?","R","B"],"character_chosen":"IRONCLAD","items_purchased":["Shrug It Off","Entrench"],"campfire_rested":1,"item_purchase_floors":[4,10],"current_hp_per_floor":[85,82,86,86,37,37,16,16,16,16,22,49,49,49,49,0],"gold":91,"neow_bonus":"TEN_PERCENT_HP_BONUS","is_prod":false,"is_daily":false,"chose_seed":false,"campfire_upgraded":2,"win_rate":0,"timestamp":1567362303,"path_taken":["M","M","?","$","M","R","E","?","T","$","M","R","M","?","R","BOSS"],"build_version":"2019-07-17","purchased_purges":2,"victory":false,"max_hp_per_floor":[88,88,93,93,93,93,93,93,93,93,93,93,93,93,93,93],"card_choices":[{"not_picked":["Hemokinesis","Second Wind","Pommel Strike"],"picked":"SKIP","floor":1},{"not_picked":["Heavy Blade","Iron Wave","Dual Wield"],"picked":"SKIP","floor":2},{"not_picked":["Armaments","Searing Blow","Carnage"],"picked":"SKIP","floor":3},{"not_picked":["Flame Barrier","Perfected Strike"],"picked":"Anger","floor":5},{"not_picked":["Sword Boomerang","Twin Strike"],"picked":"Cleave","floor":7},{"not_picked":["Flex","Perfected Strike","Burning Pact"],"picked":"SKIP","floor":11},{"not_picked":["Clothesline","True Grit"],"picked":"Body Slam","floor":13}],"player_experience":142821,"relics_obtained":[{"floor":7,"key":"Juzu Bracelet"},{"floor":9,"key":"Sundial"}],"event_choices":[{"damage_healed":0,"gold_gain":175,"player_choice":"AGREE","damage_taken":0,"max_hp_gain":0,"max_hp_loss":0,"event_name":"Liars Game","floor":8,"gold_loss":0,"cards_obtained":["Doubt"]},{"cards_removed":["Strike_R"],"damage_healed":0,"gold_gain":0,"player_choice":"Forget","damage_taken":0,"max_hp_gain":0,"max_hp_loss":0,"event_name":"Living Wall","floor":14,"gold_loss":0}],"is_beta":false,"boss_relics":[],"items_purged_floors":[4,10],"is_endless":false,"potions_floor_spawned":[1,3,13],"killed_by":"Hexaghost","ascension_level":6}