{"gold_per_floor":[112,130,130,40,66,100,100,114,141,161,161,172,198,211,211,287,287,304,304,304,322,25,50,50,50],"floor_reached":25,"playtime":743,"items_purged":["Writhe"],"score":439,"play_id":"5de7dafa-00f3-449e-9f3e-13f79ace6514","local_time":"20190507220456","is_ascension_mode":true,"campfire_choices":[{"data":"Strike_B","floor":7,"key":"PURGE"},{"data":"Discovery","floor":11,"key":"SMITH"},{"data":"Strike_B","floor":15,"key":"PURGE"}],"neow_cost":"TEN_PERCENT_HP_LOSS","seed_source_timestamp":2347747220503420,"circlet_count":0,"master_deck":["AscendersBane","Strike_B+1","Defend_B","Defend_B+1","Defend_B","Defend_B+1","Zap+1","Dualcast","Ball Lightning","Self Repair","Discovery+1","Echo Form","Chill","Capacitor","FTL","Echo Form","Genetic Algorithm","White Noise","Conserve Battery","Gash+1"],"relics":["Cracked Core","Peace Pipe","Strawberry","Centennial Puzzle","Whetstone","War Paint","Cursed Key","Orichalcum","Regal Pillow","Boot","Bag of Marbles"],"potions_floor_usage":[16,23,25],"damage_taken":[{"damage":10,"enemies":"Small Slimes","floor":1,"turns":4},{"damage":2,"enemies":"Cultist","floor":2,"turns":4},{"damage":30,"enemies":"3 Sentries","floor":6,"turns":6},{"damage":3,"enemies":"2 Louse","floor":8,"turns":2},{"damage":2,"enemies":"2 Fungi Beasts","floor":10,"turns":3},{"damage":8,"enemies":"Large Slime","floor":12,"turns":5},{"damage":19,"enemies":"Lagavulin","floor":13,"turns":7},{"damage":21,"enemies":"Gremlin Gang","floor":14,"turns":4},{"damage":22,"enemies":"Slime Boss","floor":16,"turns":8},{"damage":23,"enemies":"3 Byrds","floor":18,"turns":6},{"damage":17,"enemies":"Shell Parasite","floor":21,"turns":5},{"damage":26,"enemies":"Book of Stabbing","floor":23,"turns":5},{"damage":20,"enemies":"Shelled Parasite and Fungi","floor":25,"turns":3}],"seed_played":"-7823792952444120409","potions_obtained":[{"floor":2,"key":"SteroidPotion"},{"floor":10,"key":"Dexterity Potion"},{"floor":13,"key":"Poison Potion"},{"floor":21,"key":"Ancient Potion"},{"floor":23,"key":"Dexterity Potion"}],"is_trial":false,"path_per_floor":["M","M","?","$","T","E","R","M","T","M","R","M","E","M","R","B",null,"M","?","?","M","$","E","?","M"],"character_chosen":"DEFECT","items_purchased":["Discovery","Regal Pillow","Conserve Battery"],"campfire_rested":0,"item_purchase_floors":[4,22,22],"current_hp_per_floor":[54,52,52,52,59,36,36,40,40,45,45,44,39,25,25,10,56,47,47,47,37,37,18,18,0],"gold":50,"neow_bonus":"ONE_RARE_RELIC","is_prod":false,"is_daily":false,"chose_seed":false,"campfire_upgraded":1,"win_rate":0,"timestamp":1557281096,"path_taken":["M","M","?","$","?","E","R","M","T","M","R","M","E","M","R","BOSS","M","?","?","M","$","E","?","?"],"build_version":"2019-01-23","purchased_purges":1,"victory":false,"max_hp_per_floor":[64,64,64,64,71,71,71,71,71,71,71,71,71,71,71,71,71,71,71,71,71,71,71,71,71],"card_choices":[{"not_picked":["Coolheaded","Turbo"],"picked":"Ball Lightning","floor":1},{"not_picked":["Hologram","Gash"],"picked":"Self Repair","floor":2},{"not_picked":["Coolheaded","Ball Lightning"],"picked":"Echo Form","floor":6},{"not_picked":["Redo","Cold Snap","Steam"],"picked":"SKIP","floor":8},{"not_picked":["Recycle","Ball Lightning"],"picked":"Chill","floor":10},{"not_picked":["Beam Cell","Compile Driver"],"picked":"Capacitor","floor":12},{"not_picked":["Blizzard","Barrage"],"picked":"FTL","floor":13},{"not_picked":["Turbo","Skim"],"picked":"Cold Snap","floor":14},{"not_picked":["Buffer","Meteor Strike"],"picked":"Echo Form","floor":16},{"not_picked":["Steam","Blizzard"],"picked":"Genetic Algorithm","floor":18},{"not_picked":["Static Discharge","Beam Cell"],"picked":"White Noise","floor":21},{"not_picked":["Aggregate","Tempest"],"picked":"Gash+1","floor":23}],"player_experience":337855,"relics_obtained":[{"floor":5,"key":"Strawberry"},{"floor":6,"key":"Centennial Puzzle"},{"floor":9,"key":"Whetstone"},{"floor":13,"key":"War Paint"},{"floor":23,"key":"Boot"}],"event_choices":[{"damage_healed":0,"gold_gain":0,"player_choice":"Upgraded","damage_taken":0,"max_hp_gain":0,"max_hp_loss":0,"event_name":"Upgrade Shrine","floor":3,"gold_loss":0,"cards_upgraded":["Zap"]},{"cards_removed":["Strike_B"],"damage_healed":0,"gold_gain":0,"player_choice":"Elegance","damage_taken":0,"max_hp_gain":0,"max_hp_loss":0,"event_name":"Back to Basics","floor":19,"gold_loss":0},{"damage_healed":0,"gold_gain":0,"player_choice":"Opened","damage_taken":0,"relics_obtained":["Orichalcum"],"max_hp_gain":0,"max_hp_loss":0,"event_name":"The Mausoleum","floor":20,"gold_loss":0,"cards_obtained":["Writhe"]},{"cards_removed":["Cold Snap"],"damage_healed":0,"gold_gain":0,"player_choice":"Gave Card","damage_taken":0,"relics_obtained":["Bag of Marbles"],"max_hp_gain":0,"max_hp_loss":0,"event_name":"WeMeetAgain","floor":24,"gold_loss":0}],"is_beta":false,"boss_relics":[{"not_picked":["Busted Crown","Ectoplasm"],"picked":"Cursed Key"}],"items_purged_floors":[22],"is_endless":false,"potions_floor_spawned":[2,10,13,14,21,23],"killed_by":"Shelled Parasite and Fungi","ascension_level":18}