{"gold_per_floor":[112,112,112,112,128,128,166,190,190,190,210,234,257,292,292,420,420,436,436,436,436,436,472,472,511,511,511,542,561,561,561],"floor_reached":31,"playtime":903,"items_purged":[],"score":475,"play_id":"8f760a53-7a84-4a08-ba61-64871cb2877f","local_time":"20190323002425","is_ascension_mode":true,"campfire_choices":[{"data":"Carnage","floor":6,"key":"SMITH"},{"data":"Dual Wield","floor":10,"key":"SMITH"},{"data":"Armaments","floor":15,"key":"SMITH"},{"data":"Feed","floor":24,"key":"SMITH"},{"data":"Shockwave","floor":27,"key":"SMITH"},{"data":"Heavy Blade","floor":30,"key":"SMITH"}],"neow_cost":"CURSE","seed_source_timestamp":800745146890968,"circlet_count":0,"master_deck":["AscendersBane","Strike_R+1","Strike_R+1","Strike_R+1","Strike_R+1","Strike_R+1","Defend_R+1","Defend_R+1","Defend_R+1","Defend_R+1","Bash+1","Carnage+1","Twin Strike","Offering","Dual Wield+1","Intimidate","Armaments+1","Flame Barrier","Exhume","Feed+1","Spot Weakness","Shockwave+1","True Grit+1","Pummel","Heavy Blade+1","Feel No Pain"],"relics":["Burning Blood","Nunchaku","Golden Idol","Self Forming Clay","Darkstone Periapt","Blood Vial","Snecko Eye","MutagenicStrength","Ornamental Fan","Red Mask","Mercury Hourglass","Prayer Wheel"],"potions_floor_usage":[7,16,23],"damage_taken":[{"damage":5,"enemies":"Cultist","floor":1,"turns":4},{"damage":2,"enemies":"Jaw Worm","floor":5,"turns":3},{"damage":16,"enemies":"Gremlin Nob","floor":7,"turns":3},{"damage":6,"enemies":"2 Louse","floor":8,"turns":2},{"damage":12,"enemies":"Exordium Thugs","floor":11,"turns":3},{"damage":6,"enemies":"Exordium Wildlife","floor":12,"turns":2},{"damage":21,"enemies":"Large Slime","floor":13,"turns":4},{"damage":18,"enemies":"3 Sentries","floor":14,"turns":6},{"damage":27,"enemies":"Hexaghost","floor":16,"turns":8},{"damage":31,"enemies":"Chosen","floor":18,"turns":5},{"damage":22,"enemies":"Slavers","floor":23,"turns":4},{"damage":16,"enemies":"Masked Bandits","floor":25,"turns":6},{"damage":16,"enemies":"Gremlin Leader","floor":28,"turns":9},{"damage":18,"enemies":"Spheric Guardian","floor":29,"turns":4},{"damage":51,"enemies":"Book of Stabbing","floor":31,"turns":5}],"seed_played":"-2686906951073574920","potions_obtained":[{"floor":1,"key":"Poison Potion"},{"floor":5,"key":"SpeedPotion"},{"floor":12,"key":"SneckoOil"},{"floor":13,"key":"Weak Potion"},{"floor":16,"key":"Explosive Potion"},{"floor":18,"key":"Block Potion"},{"floor":28,"key":"Dexterity Potion"},{"floor":29,"key":"Strength Potion"}],"is_trial":false,"path_per_floor":["M","?","?","?","M","R","E","M","T","R","M","M","M","E","R","B",null,"M","?","?","?","?","E","R","?","T","R","E","M","R","E"],"character_chosen":"IRONCLAD","items_purchased":[],"campfire_rested":0,"item_purchase_floors":[],"current_hp_per_floor":[73,73,66,66,70,70,60,60,60,60,54,54,39,27,27,8,58,38,38,38,63,63,55,55,59,59,59,51,45,45,0],"gold":561,"neow_bonus":"ONE_RARE_RELIC","is_prod":false,"is_daily":false,"chose_seed":false,"campfire_upgraded":6,"win_rate":0,"timestamp":1553315065,"path_taken":["M","?","?","?","?","R","E","M","T","R","M","M","M","E","R","BOSS","M","?","?","?","?","E","R","?","T","R","E","M","R","E"],"build_version":"2019-01-23","purchased_purges":0,"victory":false,"max_hp_per_floor":[80,74,74,74,74,74,74,74,74,74,74,74,74,74,74,74,74,77,77,77,77,77,83,83,95,95,95,95,99,99,99],"card_choices":[{"not_picked":["Havoc","Body Slam"],"picked":"Carnage","floor":1},{"not_picked":["Clothesline","Pommel Strike"],"picked":"Twin Strike","floor":5},{"not_picked":["Warcry","Perfected Strike"],"picked":"Offering","floor":7},{"not_picked":["Iron Wave","Pommel Strike"],"picked":"Dual Wield","floor":8},{"not_picked":["Burning Pact","Warcry"],"picked":"Intimidate","floor":11},{"not_picked":["Corruption","Pommel Strike"],"picked":"Armaments","floor":12},{"not_picked":["Evolve","True Grit"],"picked":"Flame Barrier","floor":13},{"not_picked":["Clothesline","Bloodletting"],"picked":"Exhume","floor":14},{"not_picked":["Immolate","Fiend Fire"],"picked":"Feed","floor":16},{"not_picked":["Wild Strike","Heavy Blade"],"picked":"Spot Weakness","floor":18},{"not_picked":["Iron Wave","Searing Blow"],"picked":"Shockwave","floor":23},{"not_picked":["Warcry","Infernal Blade"],"picked":"True Grit+1","floor":25},{"not_picked":["Body Slam","Wild Strike"],"picked":"Pummel","floor":28},{"not_picked":["Armaments","Intimidate"],"picked":"Heavy Blade","floor":29},{"not_picked":["Rampage","Thunderclap"],"picked":"Feel No Pain","floor":29}],"player_experience":204813,"relics_obtained":[{"floor":7,"key":"Self Forming Clay"},{"floor":9,"key":"Darkstone Periapt"},{"floor":14,"key":"Blood Vial"},{"floor":23,"key":"Ornamental Fan"},{"floor":25,"key":"Red Mask"},{"floor":26,"key":"Mercury Hourglass"},{"floor":28,"key":"Prayer Wheel"}],"event_choices":[{"damage_healed":0,"gold_gain":0,"player_choice":"Lose Max HP","damage_taken":0,"relics_obtained":["Golden Idol"],"max_hp_gain":0,"max_hp_loss":6,"event_name":"Golden Idol","floor":2,"gold_loss":0},{"cards_removed":["Pain"],"damage_healed":0,"gold_gain":0,"player_choice":"Card Removal","damage_taken":7,"max_hp_gain":0,"max_hp_loss":0,"event_name":"Golden Wing","floor":3,"gold_loss":0},{"damage_healed":0,"gold_gain":0,"player_choice":"Forge","damage_taken":0,"max_hp_gain":0,"max_hp_loss":0,"event_name":"Accursed Blacksmith","floor":4,"gold_loss":0,"cards_upgraded":["Bash"]},{"damage_healed":0,"gold_gain":0,"player_choice":"Inject Mutagens","damage_taken":0,"relics_obtained":["MutagenicStrength"],"max_hp_gain":0,"max_hp_loss":0,"event_name":"Drug Dealer","floor":19,"gold_loss":0},{"damage_healed":0,"gold_gain":0,"player_choice":"Simplicity","damage_taken":0,"max_hp_gain":0,"max_hp_loss":0,"event_name":"Back to Basics","floor":20,"gold_loss":0,"cards_upgraded":["Strike_R","Strike_R","Strike_R","Strike_R","Strike_R","Defend_R","Defend_R","Defend_R","Defend_R"]},{"damage_healed":25,"gold_gain":0,"player_choice":"Heal","damage_taken":0,"max_hp_gain":0,"max_hp_loss":0,"event_name":"The Library","floor":21,"gold_loss":0},{"damage_healed":0,"gold_gain":0,"player_choice":"Ignored","damage_taken":0,"max_hp_gain":0,"max_hp_loss":0,"event_name":"Ghosts","floor":22,"gold_loss":0},{"damage_healed":0,"gold_gain":0,"player_choice":"Fought Bandits","damage_taken":0,"max_hp_gain":0,"max_hp_loss":0,"event_name":"Masked Bandits","floor":25,"gold_loss":0}],"is_beta":false,"boss_relics":[{"not_picked":["Eternal Feather","Ectoplasm"],"picked":"Snecko Eye"}],"items_purged_floors":[],"is_endless":false,"potions_floor_spawned":[1,5,12,13,16,18,28,29],"killed_by":"Book of Stabbing","ascension_level":12}