{"gold_per_floor":[110,126,76,76,5,5,30,55,79,97,128,128,8,40,40,143,143,163,113,130,55,5,5,36,36,110,110,127,226,301,321,321,321],"floor_reached":33,"playtime":979,"items_purged":["Strike_R","Strike_R+1"],"score":374,"play_id":"7a0a71aa-aa0c-42d5-8e25-8858ec24c01b","local_time":"20190822215241","is_ascension_mode":true,"campfire_choices":[{"data":"Whirlwind","floor":6,"key":"SMITH"},{"data":"Disarm","floor":15,"key":"SMITH"},{"floor":23,"key":"REST"},{"floor":27,"key":"REST"},{"floor":32,"key":"REST"}],"neow_cost":"NONE","seed_source_timestamp":11246057868931,"circlet_count":0,"master_deck":["Strike_R+1","Defend_R","Defend_R","Defend_R","Bash+1","Shrug It Off","Sword Boomerang","Whirlwind+1","Headbutt","Shrug It Off","Sentinel","Inflame+1","Disarm+1","Demon Form+1","Headbutt+1","Exhume+1","Flame Barrier+1","Heavy Blade","Flex","Ghostly Armor+1","Dual Wield+1"],"relics":["Burning Blood","Strawberry","Odd Mushroom","Whetstone","Frozen Egg 2","Smiling Mask","Bag of Preparation","Astrolabe","Blue Candle"],"potions_floor_usage":[7,11,16],"damage_taken":[{"damage":6,"enemies":"Cultist","floor":1,"turns":3},{"damage":0,"enemies":"2 Louse","floor":2,"turns":2},{"damage":16,"enemies":"Gremlin Nob","floor":7,"turns":3},{"damage":9,"enemies":"The Mushroom Lair","floor":8,"turns":2},{"damage":0,"enemies":"Small Slimes","floor":10,"turns":2},{"damage":24,"enemies":"Lagavulin","floor":11,"turns":5},{"damage":15,"enemies":"3 Sentries","floor":14,"turns":4},{"damage":25,"enemies":"Hexaghost","floor":16,"turns":9},{"damage":21,"enemies":"Chosen","floor":18,"turns":5},{"damage":39,"enemies":"2 Thieves","floor":20,"turns":3},{"damage":51,"enemies":"Book of Stabbing","floor":24,"turns":7},{"damage":12,"enemies":"3 Cultists","floor":28,"turns":3},{"damage":29,"enemies":"Centurion and Healer","floor":31,"turns":8},{"damage":11,"enemies":"Collector","floor":33,"turns":3}],"seed_played":"513074980676576869","potions_obtained":[{"floor":2,"key":"Fire Potion"},{"floor":8,"key":"Block Potion"},{"floor":10,"key":"EssenceOfSteel"},{"floor":24,"key":"Fire Potion"},{"floor":28,"key":"Poison Potion"}],"is_trial":false,"path_per_floor":["M","M","$","?","$","R","E","?","T","M","E","?","$","E","R","B",null,"M","$","M","?","$","R","E","$","T","R","M","?","?","M","R","B"],"character_chosen":"IRONCLAD","items_purchased":["PowerPotion","Whirlwind","Disarm","Flex"],"campfire_rested":3,"item_purchase_floors":[3,5,13,22],"current_hp_per_floor":[88,88,88,88,88,88,85,82,82,88,70,70,70,61,61,42,82,67,67,34,34,34,62,17,17,17,45,39,39,30,7,35,24],"gold":321,"neow_bonus":"TEN_PERCENT_HP_BONUS","is_prod":false,"is_daily":false,"chose_seed":false,"campfire_upgraded":2,"win_rate":0,"timestamp":1566478361,"path_taken":["M","M","?","?","$","R","E","?","T","M","E","?","$","E","R","BOSS","M","?","M","?","$","R","E","?","T","R","M","?","?","?","R","BOSS"],"build_version":"2019-07-17","purchased_purges":2,"victory":false,"max_hp_per_floor":[88,88,88,88,88,88,95,95,95,95,95,95,95,95,95,95,95,95,95,95,95,95,95,95,95,95,95,95,95,95,95,95,95],"card_choices":[{"not_picked":["Sever Soul","Warcry"],"picked":"Shrug It Off","floor":1},{"not_picked":["Headbutt","Power Through"],"picked":"Sword Boomerang","floor":2},{"not_picked":["Cleave","Thunderclap"],"picked":"Headbutt","floor":7},{"not_picked":["Dual Wield","Wild Strike"],"picked":"Shrug It Off","floor":8},{"not_picked":["Body Slam","Dropkick"],"picked":"Sentinel","floor":10},{"not_picked":["Clothesline","Twin Strike"],"picked":"Inflame","floor":11},{"not_picked":["Iron Wave","Whirlwind"],"picked":"Bludgeon","floor":14},{"not_picked":["Fiend Fire","Bludgeon"],"picked":"Demon Form+1","floor":16},{"not_picked":["Rampage","Power Through"],"picked":"Heavy Blade","floor":18},{"not_picked":["Wild Strike","Shrug It Off","Clash"],"picked":"SKIP","floor":20},{"not_picked":["Wild Strike+1","Uppercut","Twin Strike"],"picked":"SKIP","floor":24},{"not_picked":["Perfected Strike","Power Through"],"picked":"Ghostly Armor+1","floor":28},{"not_picked":["Heavy Blade+1","Dark Embrace+1"],"picked":"Dual Wield+1","floor":31}],"player_experience":222932,"relics_obtained":[{"floor":7,"key":"Strawberry"},{"floor":8,"key":"Odd Mushroom"},{"floor":9,"key":"Whetstone"},{"floor":11,"key":"Frozen Egg 2"},{"floor":14,"key":"Bag of Preparation"},{"floor":24,"key":"Blue Candle"}],"event_choices":[{"damage_healed":0,"gold_gain":0,"player_choice":"Grow","damage_taken":0,"max_hp_gain":0,"max_hp_loss":0,"event_name":"Living Wall","floor":4,"gold_loss":0,"cards_upgraded":["Bash"]},{"damage_healed":0,"gold_gain":0,"player_choice":"Fought Mushrooms","damage_taken":0,"max_hp_gain":0,"max_hp_loss":0,"event_name":"Mushrooms","floor":8,"gold_loss":0},{"damage_healed":0,"gold_gain":0,"player_choice":"Gave Potion","damage_taken":0,"relics_obtained":["Smiling Mask"],"max_hp_gain":0,"max_hp_loss":0,"event_name":"WeMeetAgain","floor":12,"gold_loss":0},{"cards_removed":["Bludgeon"],"damage_healed":0,"gold_gain":0,"player_choice":"Gave Gold","damage_taken":0,"max_hp_gain":0,"max_hp_loss":0,"event_name":"Beggar","floor":21,"gold_loss":75},{"damage_healed":0,"gold_gain":99,"player_choice":"Stole From Cult","damage_taken":0,"max_hp_gain":0,"max_hp_loss":0,"event_name":"Nest","floor":29,"gold_loss":0},{"damage_healed":0,"gold_gain":75,"player_choice":"Touch","damage_taken":9,"max_hp_gain":0,"max_hp_loss":0,"event_name":"FaceTrader","floor":30,"gold_loss":0}],"is_beta":false,"boss_relics":[{"not_picked":["Velvet Choker","Sozu"],"picked":"Astrolabe"}],"items_purged_floors":[13,19],"is_endless":false,"potions_floor_spawned":[2,8,10,24,28],"killed_by":"Collector","ascension_level":5}