{"gold_per_floor":[113,113,38,188,88,88,118,118,191,209,221,250,250,266,266,343,343,359,379,10,28,28,28,45,45],"floor_reached":25,"playtime":575,"items_purged":["Regret","Doubt"],"score":448,"play_id":"3a4e70e6-cfb9-4c95-ae8c-ef99af228018","local_time":"20190506153545","is_ascension_mode":true,"campfire_choices":[{"data":"Bash","floor":6,"key":"SMITH"},{"data":"True Grit","floor":13,"key":"SMITH"},{"data":"Infernal Blade","floor":15,"key":"SMITH"},{"data":"Inflame","floor":23,"key":"SMITH"}],"neow_cost":"NONE","seed_source_timestamp":2238165837193241,"circlet_count":0,"master_deck":["AscendersBane","Strike_R","Strike_R","Strike_R","Strike_R","Defend_R","Defend_R","Defend_R","Defend_R","Bash+1","Pummel","True Grit+1","Pommel Strike","Infernal Blade+1","Barricade","Shrug It Off","Battle Trance+1","Feel No Pain","Whirlwind+1","Inflame+1"],"relics":["Burning Blood","NeowsBlessing","Pen Nib","WingedGreaves","Mercury Hourglass","Incense Burner","Cursed Key","Meat on the Bone"],"potions_floor_usage":[21,24,25,25],"damage_taken":[{"damage":0,"enemies":"2 Louse","floor":1,"turns":1},{"damage":0,"enemies":"Gremlin Nob","floor":7,"turns":1},{"damage":0,"enemies":"Jaw Worm","floor":10,"turns":1},{"damage":0,"enemies":"Cultist","floor":11,"turns":3},{"damage":23,"enemies":"3 Sentries","floor":12,"turns":7},{"damage":27,"enemies":"Exordium Wildlife","floor":14,"turns":6},{"damage":17,"enemies":"Slime Boss","floor":16,"turns":11},{"damage":15,"enemies":"Spheric Guardian","floor":18,"turns":5},{"damage":13,"enemies":"Chosen","floor":19,"turns":5},{"damage":18,"enemies":"Snecko","floor":21,"turns":5},{"damage":19,"enemies":"Snake Plant","floor":24,"turns":2},{"damage":58,"enemies":"Book of Stabbing","floor":25,"turns":5}],"seed_played":"1678677014698483667","potions_obtained":[{"floor":1,"key":"LiquidBronze"},{"floor":7,"key":"Explosive Potion"},{"floor":14,"key":"Regen Potion"},{"floor":21,"key":"FearPotion"},{"floor":24,"key":"AttackPotion"}],"is_trial":false,"path_per_floor":["M","?","$","?","$","R","E","?","T","M","M","E","R","M","R","B",null,"M","M","$","M","?","R","M","E"],"character_chosen":"IRONCLAD","items_purchased":["Meat on the Bone","Feel No Pain"],"campfire_rested":0,"item_purchase_floors":[20,20],"current_hp_per_floor":[74,74,74,74,74,74,75,75,75,75,75,58,58,37,37,26,63,54,47,47,49,49,49,48,0],"gold":45,"neow_bonus":"THREE_ENEMY_KILL","is_prod":false,"is_daily":false,"chose_seed":false,"campfire_upgraded":4,"win_rate":0,"timestamp":1557171345,"path_taken":["M","?","$","?","$","R","E","?","T","?","M","E","R","M","R","BOSS","M","M","$","M","?","R","M","E"],"build_version":"2019-01-23","purchased_purges":2,"victory":false,"max_hp_per_floor":[75,75,75,75,75,75,75,75,75,75,75,75,75,75,75,75,75,75,75,75,75,75,75,75,75],"card_choices":[{"not_picked":["Clash","True Grit"],"picked":"Pummel","floor":1},{"not_picked":["Power Through","Entrench"],"picked":"True Grit","floor":7},{"not_picked":["Entrench","Havoc","Perfected Strike"],"picked":"SKIP","floor":10},{"not_picked":["Cleave","Flex"],"picked":"Pommel Strike","floor":11},{"not_picked":["Iron Wave","Pommel Strike","Sword Boomerang"],"picked":"SKIP","floor":12},{"not_picked":["Perfected Strike","Sever Soul"],"picked":"Infernal Blade","floor":14},{"not_picked":["Exhume","Offering"],"picked":"Barricade","floor":16},{"not_picked":["Warcry+1","Clash"],"picked":"Shrug It Off","floor":18},{"not_picked":["Dropkick","Cleave+1"],"picked":"Battle Trance+1","floor":19},{"not_picked":["Twin Strike","Dual Wield+1"],"picked":"Whirlwind+1","floor":21},{"not_picked":["Whirlwind","Armaments","Iron Wave"],"picked":"SKIP","floor":24}],"player_experience":333024,"relics_obtained":[{"floor":7,"key":"WingedGreaves"},{"floor":9,"key":"Mercury Hourglass"},{"floor":12,"key":"Incense Burner"}],"event_choices":[{"damage_healed":0,"gold_gain":0,"player_choice":"Box","damage_taken":0,"relics_obtained":["Pen Nib"],"max_hp_gain":0,"max_hp_loss":0,"event_name":"Big Fish","floor":2,"gold_loss":0,"cards_obtained":["Regret"]},{"damage_healed":0,"gold_gain":150,"player_choice":"AGREE","damage_taken":0,"max_hp_gain":0,"max_hp_loss":0,"event_name":"Liars Game","floor":4,"gold_loss":0,"cards_obtained":["Doubt"]},{"cards_removed":["Strike_R"],"damage_healed":0,"gold_gain":0,"player_choice":"Offered Basic","damage_taken":0,"max_hp_gain":0,"max_hp_loss":0,"event_name":"Bonfire Elementals","floor":8,"gold_loss":0},{"damage_healed":0,"gold_gain":0,"player_choice":"Read","damage_taken":0,"max_hp_gain":0,"max_hp_loss":0,"event_name":"The Library","floor":22,"gold_loss":0,"cards_obtained":["Inflame"]}],"is_beta":false,"boss_relics":[{"not_picked":["Calling Bell","Tiny House"],"picked":"Cursed Key"}],"items_purged_floors":[3,5],"is_endless":false,"potions_floor_spawned":[1,7,10,14,21,24],"killed_by":"Book of Stabbing","ascension_level":18}