{"gold_per_floor":[15,27,39,51,62,62,87,87,87,87,114,124,142,158,158,158],"floor_reached":16,"playtime":608,"items_purged":[],"score":162,"play_id":"75575a39-0d80-47d6-b8b3-b945328603e8","local_time":"20190902052607","is_ascension_mode":true,"campfire_choices":[{"data":"Whirlwind","floor":6,"key":"SMITH"},{"data":"Immolate","floor":8,"key":"SMITH"},{"data":"Seeing Red","floor":15,"key":"SMITH"}],"neow_cost":"NO_GOLD","seed_source_timestamp":540888231882644,"circlet_count":0,"master_deck":["Strike_R","Strike_R","Strike_R","Strike_R","Strike_R","Defend_R","Defend_R","Defend_R","Defend_R","Bash","Immolate+1","Shrug It Off","Whirlwind+1","Metallicize","Decay","Shrug It Off","Seeing Red+1"],"relics":["Burning Blood","Torii","Juzu Bracelet","Ancient Tea Set"],"potions_floor_usage":[16,16,16],"damage_taken":[{"damage":12,"enemies":"Small Slimes","floor":1,"turns":2},{"damage":0,"enemies":"Cultist","floor":2,"turns":2},{"damage":0,"enemies":"2 Louse","floor":3,"turns":1},{"damage":11,"enemies":"Large Slime","floor":4,"turns":8},{"damage":9,"enemies":"3 Louse","floor":5,"turns":3},{"damage":32,"enemies":"Gremlin Nob","floor":7,"turns":4},{"damage":36,"enemies":"Lagavulin","floor":11,"turns":6},{"damage":1,"enemies":"Exordium Wildlife","floor":12,"turns":3},{"damage":2,"enemies":"Large Slime","floor":13,"turns":4},{"damage":0,"enemies":"2 Fungi Beasts","floor":14,"turns":2},{"damage":30,"enemies":"The Guardian","floor":16,"turns":11}],"seed_played":"7509871292083451107","potions_obtained":[{"floor":3,"key":"EssenceOfSteel"},{"floor":4,"key":"Block Potion"},{"floor":5,"key":"Dexterity Potion"}],"is_trial":false,"path_per_floor":["M","M","M","M","M","R","E","R","T","?","E","M","M","M","R","B"],"character_chosen":"IRONCLAD","items_purchased":[],"campfire_rested":0,"item_purchase_floors":[],"current_hp_per_floor":[66,72,78,73,70,70,44,44,44,44,14,19,23,29,29,0],"gold":158,"neow_bonus":"THREE_RARE_CARDS","is_prod":false,"is_daily":false,"chose_seed":false,"campfire_upgraded":3,"win_rate":0,"timestamp":1567394767,"path_taken":["M","M","M","M","M","R","E","R","T","?","E","M","M","M","R","BOSS"],"build_version":"2019-07-17","purchased_purges":0,"victory":false,"max_hp_per_floor":[80,80,80,80,80,80,80,80,80,80,80,80,80,80,80,80],"card_choices":[{"not_picked":["Double Tap","Bludgeon"],"picked":"Immolate","floor":0},{"not_picked":["Searing Blow","Heavy Blade"],"picked":"Shrug It Off","floor":1},{"not_picked":["Wild Strike","Evolve","Searing Blow"],"picked":"SKIP","floor":2},{"not_picked":["Warcry","Wild Strike","Twin Strike"],"picked":"SKIP","floor":3},{"not_picked":["Carnage","Pummel"],"picked":"Whirlwind","floor":4},{"not_picked":["Heavy Blade","Armaments","Pommel Strike"],"picked":"SKIP","floor":5},{"not_picked":["Sever Soul","Bloodletting"],"picked":"Metallicize","floor":7},{"not_picked":["Armaments","Exhume"],"picked":"Shrug It Off","floor":11},{"not_picked":["Searing Blow","Bloodletting","Shockwave"],"picked":"SKIP","floor":12},{"not_picked":["Flame Barrier","Pummel"],"picked":"Seeing Red","floor":13},{"not_picked":["Armaments","Reckless Charge","Sword Boomerang"],"picked":"SKIP","floor":14}],"player_experience":170907,"relics_obtained":[{"floor":7,"key":"Torii"},{"floor":9,"key":"Juzu Bracelet"},{"floor":11,"key":"Ancient Tea Set"}],"event_choices":[{"damage_healed":0,"gold_gain":0,"player_choice":"Cursed","damage_taken":0,"max_hp_gain":0,"max_hp_loss":0,"event_name":"Wheel of Change","floor":10,"gold_loss":0,"cards_obtained":["Decay"]}],"is_beta":false,"boss_relics":[],"items_purged_floors":[],"is_endless":false,"potions_floor_spawned":[3,4,5,11,14],"killed_by":"The Guardian","ascension_level":8}