{"gold_per_floor":[109,34,34,46,321,356,370,380,403,403,433,26,55,55,55,130,130,147,147,164,164,18,18,51,51,51,51,51,51,86,97,97,171,171,181,201,201,213,313,313,333,333,333,333,364,25,25,41,41,41],"floor_reached":51,"playtime":4097,"items_purged":["Regret","Pain"],"score":1497,"play_id":"58a25c82-9dbb-4f13-adc2-9470b7fca752","local_time":"20190429113212","is_ascension_mode":true,"campfire_choices":[{"data":"Cloak And Dagger","floor":10.0,"key":"SMITH"},{"data":"Well Laid Plans","floor":15.0,"key":"SMITH"},{"data":"Noxious Fumes","floor":23.0,"key":"SMITH"},{"data":"Adrenaline","floor":27.0,"key":"SMITH"},{"floor":29.0,"key":"REST"},{"data":"Neutralize","floor":32.0,"key":"SMITH"},{"data":"Noxious Fumes","floor":40.0,"key":"SMITH"},{"floor":42,"key":"REST"},{"floor":44,"key":"DIG"},{"floor":49,"key":"DIG"}],"neow_cost":"NONE","seed_source_timestamp":1612260484772564,"circlet_count":0,"master_deck":["AscendersBane","Defend_G+1","Defend_G+1","Defend_G+1","Defend_G+1","Defend_G+1","Strike_G+1","Strike_G+1","Strike_G+1","Strike_G+1","Survivor","Neutralize+1","Deadly Poison","Footwork+1","Deadly Poison","Adrenaline+1","Dagger Spray","Cloak And Dagger+1","Well Laid Plans+1","Backflip+1","Bullet Time+1","Cloak And Dagger+1","Noxious Fumes+1","Panacea+1","Acrobatics+1","Blade Dance+1","Burst+1","Dodge and Roll+1","Adrenaline+1","Terror+1","Leg Sweep+1","Noxious Fumes+1","Backstab","Leg Sweep+1","Adrenaline+1","Noxious Fumes+1","Wraith Form v2+1","Bouncing Flask+1","Blur+1"],"special_seed":0,"relics":["Ring of the Serpent","NeowsBlessing","Happy Flower","Dream Catcher","MawBank","Toxic Egg 2","Anchor","Cursed Key","Singing Bowl","Bottled Lightning","Bird Faced Urn","Shovel","Frozen Egg 2","Omamori","Art of War","Mercury Hourglass"],"potions_floor_usage":[45,50],"damage_taken":[{"damage":0.0,"enemies":"Cultist","floor":1.0,"turns":1.0},{"damage":0.0,"enemies":"Jaw Worm","floor":4.0,"turns":1.0},{"damage":0.0,"enemies":"Lagavulin","floor":6.0,"turns":1.0},{"damage":3.0,"enemies":"Small Slimes","floor":7.0,"turns":3.0},{"damage":15.0,"enemies":"Gremlin Gang","floor":8.0,"turns":3.0},{"damage":35.0,"enemies":"Gremlin Nob","floor":11.0,"turns":6.0},{"damage":4.0,"enemies":"Lagavulin","floor":13.0,"turns":8.0},{"damage":19.0,"enemies":"Hexaghost","floor":16.0,"turns":11.0},{"damage":16.0,"enemies":"Spheric Guardian","floor":18.0,"turns":6.0},{"damage":4.0,"enemies":"Shell Parasite","floor":20.0,"turns":6.0},{"damage":1.0,"enemies":"Book of Stabbing","floor":24.0,"turns":6.0},{"damage":8.0,"enemies":"Slavers","floor":30.0,"turns":5.0},{"damage":0.0,"enemies":"Centurion and Healer","floor":31.0,"turns":5.0},{"damage":17.0,"enemies":"Automaton","floor":33.0,"turns":11.0},{"damage":0.0,"enemies":"Orb Walker","floor":35.0,"turns":3.0},{"damage":9.0,"enemies":"3 Shapes","floor":36.0,"turns":5.0},{"damage":32.0,"enemies":"Sphere and 2 Shapes","floor":38.0,"turns":4.0},{"damage":0.0,"enemies":"Mind Bloom Boss Battle","floor":39.0,"turns":7.0},{"damage":19,"enemies":"Jaw Worm Horde","floor":41,"turns":4},{"damage":5,"enemies":"Nemesis","floor":45,"turns":9},{"damage":3,"enemies":"Spire Growth","floor":48,"turns":5},{"damage":0,"enemies":"Donu and Deca","floor":50,"turns":10}],"seed_played":"510350245776548781","potions_obtained":[{"floor":4.0,"key":"SteroidPotion"},{"floor":8.0,"key":"SkillPotion"},{"floor":11.0,"key":"SneckoOil"},{"floor":30.0,"key":"LiquidBronze"},{"floor":31.0,"key":"GhostInAJar"},{"floor":48,"key":"SpeedPotion"}],"is_trial":false,"path_per_floor":["M","$","?","M","?","E","M","M","T","R","E","$","E","?","R","B",null,"M","?","M","?","$","R","E","?","T","R","?","R","E","M","R","B",null,"M","M","?","M","?","R","M","R","T","R","E","$","?","M","R","B",null],"character_chosen":"THE_SILENT","items_purchased":["Footwork","Toxic Egg 2","Well Laid Plans","Panacea+1","Acrobatics+1","Wraith Form v2+1","Bouncing Flask+1"],"campfire_rested":2,"item_purchase_floors":[2,12,12,22,22,46,46],"current_hp_per_floor":[59,59,59,59,59,59,56,41,41,41,6,6,2,24,24,5,51,35,76,72,72,72,72,71,71,71,71,49,75,67,73,73,62,78,83,76,76,50,58,58,45,69,69,69,72,72,72,81,81,83],"gold":41,"neow_bonus":"THREE_ENEMY_KILL","is_prod":false,"is_daily":false,"chose_seed":false,"campfire_upgraded":6,"win_rate":0,"timestamp":1556551932,"path_taken":["M","?","?","?","?","E","M","?","T","R","E","$","E","?","R","BOSS","M","?","?","?","?","R","E","?","T","R","?","R","E","M","R","BOSS","M","M","?","M","?","R","M","R","T","R","E","$","?","M","R","BOSS"],"build_version":"2019-01-23","purchased_purges":2,"victory":true,"max_hp_per_floor":[66,66,66,66,66,66,66,66,66,66,66,66,66,66,66,66,66,66,76,76,76,76,76,76,76,76,76,81,83,83,83,83,83,83,83,83,83,83,83,83,83,83,83,83,83,83,83,83,83,83],"card_choices":[{"not_picked":["Dodge and Roll","Eviscerate"],"picked":"Deadly Poison","floor":1.0},{"not_picked":["Caltrops","All Out Attack"],"picked":"Deadly Poison","floor":4.0},{"not_picked":["Underhanded Strike","Bane"],"picked":"Adrenaline","floor":6.0},{"not_picked":["Underhanded Strike","Deflect"],"picked":"Dagger Spray","floor":7.0},{"not_picked":["Deadly Poison","Riddle With Holes"],"picked":"Cloak And Dagger","floor":8.0},{"not_picked":["Bouncing Flask","Endless Agony"],"picked":"Bullet Time","floor":11.0},{"not_picked":["Calculated Gamble+1","Dagger Throw"],"picked":"Backflip+1","floor":13.0},{"not_picked":["Die Die Die","Unload"],"picked":"Bullet Time+1","floor":16.0},{"not_picked":["Deflect+1","Leg Sweep+1"],"picked":"Cloak And Dagger+1","floor":18.0},{"not_picked":["Slice","Bane"],"picked":"Noxious Fumes","floor":20.0},{"not_picked":["Flying Knee","Expertise+1"],"picked":"Blade Dance+1","floor":24.0},{"not_picked":["Underhanded Strike+1","Bane","Poisoned Stab"],"picked":"Singing Bowl","floor":29.0},{"not_picked":["Prepared+1","Accuracy"],"picked":"Burst+1","floor":30.0},{"not_picked":["Dash","Dagger Throw"],"picked":"Dodge and Roll+1","floor":31.0},{"not_picked":["Glass Knife","Doppelganger+1"],"picked":"Adrenaline+1","floor":33.0},{"not_picked":["Slice","Quick Slash"],"picked":"Terror+1","floor":35.0},{"not_picked":["Cloak And Dagger+1","Dagger Spray"],"picked":"Leg Sweep+1","floor":36.0},{"not_picked":["Blade Dance+1","Blur+1"],"picked":"Noxious Fumes","floor":38.0},{"not_picked":["Outmaneuver+1","Dodge and Roll+1"],"picked":"Backstab","floor":39.0},{"not_picked":["Quick Slash","Backflip+1"],"picked":"Leg Sweep+1","floor":41},{"not_picked":["Blade Dance+1","Deadly Poison+1"],"picked":"Adrenaline+1","floor":42},{"not_picked":["Acrobatics+1","Deadly Poison+1"],"picked":"Noxious Fumes+1","floor":45},{"not_picked":["Bane","Blade Dance+1"],"picked":"Blur+1","floor":48}],"player_experience":309976,"relics_obtained":[{"floor":6.0,"key":"Happy Flower"},{"floor":9.0,"key":"Dream Catcher"},{"floor":11.0,"key":"MawBank"},{"floor":13.0,"key":"Anchor"},{"floor":24.0,"key":"Singing Bowl"},{"floor":26.0,"key":"Bottled Lightning"},{"floor":30.0,"key":"Bird Faced Urn"},{"floor":39.0,"key":"Shovel"},{"floor":43,"key":"Frozen Egg 2"},{"floor":44,"key":"Omamori"},{"floor":45,"key":"Art of War"},{"floor":49,"key":"Mercury Hourglass"}],"event_choices":[{"damage_healed":0.0,"max_hp_gain":0.0,"max_hp_loss":0.0,"gold_gain":0.0,"event_name":"Upgrade Shrine","player_choice":"Upgraded","floor":3.0,"gold_loss":0.0,"damage_taken":0.0,"cards_upgraded":["Footwork"]},{"damage_healed":0.0,"max_hp_gain":0.0,"max_hp_loss":0.0,"gold_gain":275.0,"event_name":"Golden Shrine","player_choice":"Desecrate","floor":5.0,"gold_loss":0.0,"damage_taken":0.0,"cards_obtained":["Regret"]},{"damage_healed":22.0,"max_hp_gain":0.0,"max_hp_loss":0.0,"gold_gain":0.0,"event_name":"Big Fish","player_choice":"Banana","floor":14.0,"gold_loss":0.0,"damage_taken":0.0},{"cards_removed":["Bullet Time"],"damage_healed":31.0,"max_hp_gain":10.0,"max_hp_loss":0.0,"gold_gain":0.0,"event_name":"Bonfire Elementals","player_choice":"Offered Rare","floor":19.0,"gold_loss":0.0,"damage_taken":0.0},{"damage_healed":0.0,"max_hp_gain":0.0,"max_hp_loss":0.0,"gold_gain":0.0,"event_name":"Back to Basics","player_choice":"Simplicity","floor":21.0,"gold_loss":0.0,"damage_taken":0.0,"cards_upgraded":["Defend_G","Defend_G","Defend_G","Defend_G","Defend_G","Strike_G","Strike_G","Strike_G","Strike_G","Strike_G"]},{"damage_healed":0.0,"max_hp_gain":0.0,"max_hp_loss":0.0,"gold_gain":0.0,"event_name":"Ghosts","player_choice":"Ignored","floor":25.0,"gold_loss":0.0,"damage_taken":0.0},{"damage_healed":0.0,"max_hp_gain":5.0,"max_hp_loss":0.0,"gold_gain":0.0,"event_name":"Forgotten Altar","player_choice":"Shed Blood","floor":28.0,"gold_loss":0.0,"damage_taken":27.0},{"cards_removed":["Strike_G"],"damage_healed":0.0,"max_hp_gain":0.0,"max_hp_loss":0.0,"gold_gain":0.0,"event_name":"Falling","player_choice":"Removed Attack","floor":37.0,"gold_loss":0.0,"damage_taken":0.0},{"damage_healed":0.0,"max_hp_gain":0.0,"max_hp_loss":0.0,"gold_gain":0.0,"event_name":"MindBloom","player_choice":"Fight","floor":39.0,"gold_loss":0.0,"damage_taken":0.0},{"cards_removed":["Writhe"],"damage_healed":0,"gold_gain":0,"player_choice":"Removed Curses","damage_taken":0,"max_hp_gain":0,"max_hp_loss":0,"event_name":"Fountain of Cleansing","floor":47,"gold_loss":0}],"is_beta":false,"boss_relics":[{"not_picked":["Sozu","Tiny House"],"picked":"Cursed Key"},{"not_picked":["Runic Pyramid","Pandora\u0027s Box"],"picked":"Ring of the Serpent"}],"items_purged_floors":[12,46],"is_endless":false,"potions_floor_spawned":[4,8,11,30,31,36,48],"ascension_level":16}