{"gold_per_floor":[110,110,22,172,172,205,205,244,244,279,279,279],"floor_reached":12,"playtime":133,"items_purged":[],"score":284,"play_id":"4dbb13bb-7204-42ff-8c78-1f356d956386","local_time":"20190721193143","is_ascension_mode":true,"campfire_choices":[{"data":"Compile Driver","floor":7,"key":"SMITH"},{"floor":11,"key":"REST"}],"neow_cost":"NONE","seed_source_timestamp":698080937570080,"circlet_count":0,"master_deck":["AscendersBane","Strike_B","Strike_B","Strike_B","Strike_B","Defend_B","Defend_B","Defend_B","Defend_B","Zap","Dualcast","Heatsinks","Heatsinks","Doubt","Compile Driver+1","Defragment","Conserve Battery"],"relics":["Cracked Core","NeowsBlessing","Golden Idol","Centennial Puzzle","Blue Candle","Blood Vial","Mercury Hourglass","Happy Flower"],"potions_floor_usage":[10],"damage_taken":[{"damage":0,"enemies":"Cultist","floor":1,"turns":1},{"damage":0,"enemies":"Gremlin Nob","floor":6,"turns":1},{"damage":0,"enemies":"Lagavulin","floor":8,"turns":1},{"damage":33,"enemies":"Gremlin Nob","floor":10,"turns":4},{"damage":33,"enemies":"3 Sentries","floor":12,"turns":4}],"seed_played":"-9086352826102723965","potions_obtained":[{"floor":8,"key":"SteroidPotion"},{"floor":10,"key":"LiquidBronze"}],"is_trial":false,"path_per_floor":["M","?","$","?","?","E","R","E","T","E","R","E"],"character_chosen":"DEFECT","items_purchased":["Heatsinks"],"campfire_rested":1,"item_purchase_floors":[3],"current_hp_per_floor":[64,40,40,40,35,35,35,35,35,4,25,0],"gold":279,"neow_bonus":"THREE_ENEMY_KILL","is_prod":false,"is_daily":false,"chose_seed":false,"campfire_upgraded":1,"win_rate":0,"timestamp":1563751903,"path_taken":["M","?","$","?","?","E","R","E","T","E","R","E"],"build_version":"2019-07-17","purchased_purges":0,"victory":false,"max_hp_per_floor":[71,71,71,71,71,71,71,71,71,71,71,71],"card_choices":[{"not_picked":["Go for the Eyes","Rebound"],"picked":"Heatsinks","floor":1},{"not_picked":["Aggregate","BootSequence"],"picked":"Compile Driver","floor":6},{"not_picked":["Hologram","Sweeping Beam"],"picked":"Defragment","floor":8},{"not_picked":["Aggregate","Beam Cell"],"picked":"Conserve Battery","floor":10}],"player_experience":540659,"relics_obtained":[{"floor":6,"key":"Blue Candle"},{"floor":8,"key":"Blood Vial"},{"floor":9,"key":"Mercury Hourglass"},{"floor":10,"key":"Happy Flower"}],"event_choices":[{"damage_healed":0,"gold_gain":0,"player_choice":"Take Damage","damage_taken":24,"relics_obtained":["Golden Idol"],"max_hp_gain":0,"max_hp_loss":0,"event_name":"Golden Idol","floor":2,"gold_loss":0},{"damage_healed":0,"gold_gain":150,"player_choice":"AGREE","damage_taken":0,"max_hp_gain":0,"max_hp_loss":0,"event_name":"Liars Game","floor":4,"gold_loss":0,"cards_obtained":["Doubt"]},{"damage_healed":0,"gold_gain":0,"player_choice":"Success","damage_taken":5,"relics_obtained":["Centennial Puzzle"],"max_hp_gain":0,"max_hp_loss":0,"event_name":"Scrap Ooze","floor":5,"gold_loss":0}],"is_beta":false,"boss_relics":[],"items_purged_floors":[],"is_endless":false,"potions_floor_spawned":[8,10],"killed_by":"3 Sentries","ascension_level":20}