{"gold_per_floor":[119,119,119,45,60,60,92,92,92,92,92],"floor_reached":11,"playtime":237,"items_purged":[],"score":110,"play_id":"92db863c-c5ae-4ac2-96da-fc1176566c17","local_time":"20190323122112","is_ascension_mode":true,"campfire_choices":[{"data":"Barricade","floor":6,"key":"SMITH"},{"data":"Armaments","floor":8,"key":"SMITH"},{"data":"True Grit","floor":10,"key":"SMITH"}],"neow_cost":"NONE","seed_source_timestamp":844422394430810,"circlet_count":0,"master_deck":["AscendersBane","Strike_R","Strike_R","Strike_R","Strike_R","Strike_R","Defend_R","Defend_R","Defend_R","Defend_R","Bash","Barricade+1","True Grit+1","Decay","Flame Barrier","Shockwave","Armaments+1"],"relics":["Burning Blood","Bird Faced Urn","Self Forming Clay"],"potions_floor_usage":[11],"damage_taken":[{"damage":24,"enemies":"Small Slimes","floor":1,"turns":5},{"damage":8,"enemies":"Jaw Worm","floor":5,"turns":5},{"damage":50,"enemies":"Lagavulin","floor":7,"turns":13},{"damage":42,"enemies":"Gremlin Nob","floor":11,"turns":5}],"seed_played":"7752650694461289053","potions_obtained":[{"floor":1,"key":"Ancient Potion"},{"floor":7,"key":"Dexterity Potion"}],"is_trial":false,"path_per_floor":["M","?","?","$","M","R","E","R","T","R","E"],"character_chosen":"IRONCLAD","items_purchased":["Flame Barrier"],"campfire_rested":0,"item_purchase_floors":[4],"current_hp_per_floor":[54,80,80,80,78,78,34,34,34,34,0],"gold":92,"neow_bonus":"ONE_RANDOM_RARE_CARD","is_prod":false,"is_daily":false,"chose_seed":false,"campfire_upgraded":3,"win_rate":0,"timestamp":1553358072,"path_taken":["M","?","?","$","?","R","E","R","T","R","E"],"build_version":"2019-01-23","purchased_purges":0,"victory":false,"max_hp_per_floor":[80,80,80,80,80,80,80,80,80,80,80],"card_choices":[{"not_picked":["Reckless Charge","Bloodletting"],"picked":"True Grit","floor":1},{"not_picked":["Dropkick","Warcry"],"picked":"Shockwave","floor":5},{"not_picked":["Twin Strike","Warcry"],"picked":"Armaments","floor":7}],"player_experience":208065,"relics_obtained":[{"floor":7,"key":"Bird Faced Urn"},{"floor":9,"key":"Self Forming Clay"}],"event_choices":[{"damage_healed":26,"gold_gain":0,"player_choice":"Banana","damage_taken":0,"max_hp_gain":0,"max_hp_loss":0,"event_name":"Big Fish","floor":2,"gold_loss":0},{"damage_healed":0,"gold_gain":0,"player_choice":"Cursed","damage_taken":0,"max_hp_gain":0,"max_hp_loss":0,"event_name":"Wheel of Change","floor":3,"gold_loss":0,"cards_obtained":["Decay"]}],"is_beta":false,"boss_relics":[],"items_purged_floors":[],"is_endless":false,"potions_floor_spawned":[1,7],"killed_by":"Gremlin Nob","ascension_level":12}