{"gold_per_floor":[117,135,135,210,227,227,254,254,277,291,304,331,10,29,29,29],"floor_reached":16,"playtime":1065,"items_purged":[],"score":224,"play_id":"9db0eac3-f511-4935-ba59-616c61a24da5","local_time":"20181008021146","is_ascension_mode":true,"campfire_choices":[{"floor":6,"key":"REST"},{"floor":8,"key":"REST"},{"data":"Zap","floor":15,"key":"SMITH"}],"neow_cost":"","seed_source_timestamp":2115796625793292,"circlet_count":0,"master_deck":["Strike_B","Strike_B","Strike_B","Strike_B","Defend_B","Defend_B","Defend_B","Defend_B","Zap+1","Dualcast","AscendersBane","Leap","Sweeping Beam","Cold Snap","BootSequence","Beam Cell","Streamline","All For One","Coolheaded","Go for the Eyes+1"],"relics":["Cracked Core","Bag of Marbles","Blue Candle","Vajra","Mango","Molten Egg 2"],"potions_floor_usage":[12,16],"damage_taken":[{"damage":7,"enemies":"Jaw Worm","floor":1,"turns":4},{"damage":0,"enemies":"2 Louse","floor":2,"turns":3},{"damage":0,"enemies":"Cultist","floor":5,"turns":3},{"damage":37,"enemies":"3 Sentries","floor":7,"turns":14},{"damage":6,"enemies":"Large Slime","floor":10,"turns":6},{"damage":0,"enemies":"Red Slaver","floor":11,"turns":2},{"damage":15,"enemies":"Lagavulin","floor":12,"turns":4},{"damage":2,"enemies":"Blue Slaver","floor":14,"turns":3},{"damage":45,"enemies":"The Guardian","floor":16,"turns":7}],"seed_played":"3164847453314559224","potions_obtained":[{"floor":7,"key":"Block Potion"},{"floor":10,"key":"Ancient Potion"},{"floor":14,"key":"Swift Potion"}],"is_trial":false,"path_per_floor":["M","M","?","?","M","R","E","R","T","M","M","E","$","M","R"],"character_chosen":"DEFECT","items_purchased":["Molten Egg 2","Coolheaded"],"campfire_rested":2,"item_purchase_floors":[13,13],"current_hp_per_floor":[57,57,39,28,28,49,12,33,33,27,27,26,26,24,24,0],"gold":29,"neow_bonus":"","is_prod":false,"is_daily":false,"chose_seed":false,"campfire_upgraded":1,"win_rate":0,"timestamp":1538989906,"path_taken":["M","M","?","?","M","R","E","R","T","M","?","E","$","M","R","BOSS"],"build_version":"2018-10-04","purchased_purges":0,"victory":false,"max_hp_per_floor":[71,71,71,71,71,71,71,71,71,71,71,85,85,85,85,85],"card_choices":[{"not_picked":["Beam Cell","Turbo"],"picked":"Leap","floor":1},{"not_picked":["Steam","Barrage"],"picked":"Sweeping Beam","floor":2},{"not_picked":["Barrage","Rip and Tear"],"picked":"Cold Snap","floor":5},{"not_picked":["Compile Driver","Sunder"],"picked":"BootSequence","floor":7},{"not_picked":["Gash","Hologram"],"picked":"Beam Cell","floor":10},{"not_picked":["Go for the Eyes","Sweeping Beam"],"picked":"Streamline","floor":11},{"not_picked":["Steam Power","Meteor Strike"],"picked":"All For One","floor":12},{"not_picked":["Reinforced Body","Static Discharge"],"picked":"Go for the Eyes+1","floor":14}],"player_experience":2489652,"relics_obtained":[{"floor":7,"key":"Blue Candle"},{"floor":9,"key":"Vajra"},{"floor":12,"key":"Mango"}],"event_choices":[{"event_name":"Scrap Ooze","player_choice":"success","floor":3,"damage_taken":18},{"event_name":"World of Goop","player_choice":"Gather Gold","floor":4,"damage_taken":0}],"is_beta":true,"boss_relics":[],"items_purged_floors":[],"is_endless":false,"potions_floor_spawned":[7,10,14],"killed_by":"The Guardian","ascension_level":20}