{"gold_per_floor":[16,91,111,111,16,41,41,67,91,109,124,124,144,156,156,227,227,247,261,271,321,235,235,11,11,36,36,36,36,36,11,11,88,88,107,107,31,131,131,164,164,164,164,164,174,224,240,251,251,251],"floor_reached":50,"playtime":11421,"items_purged":[],"score":907,"play_id":"56748e7e-e07a-4e3f-843b-3dc9ef74f73d","local_time":"20190416124841","is_ascension_mode":true,"campfire_choices":[{"floor":7.0,"key":"REST"},{"floor":12.0,"key":"REST"},{"data":"Footwork","floor":15.0,"key":"SMITH"},{"floor":23.0,"key":"REST"},{"data":"Glass Knife","floor":25.0,"key":"SMITH"},{"data":"Footwork","floor":29.0,"key":"SMITH"},{"floor":32.0,"key":"REST"},{"floor":41,"key":"REST"},{"data":"A Thousand Cuts","floor":44,"key":"SMITH"},{"floor":49,"key":"REST"}],"neow_cost":"NO_GOLD","seed_source_timestamp":0,"circlet_count":0,"master_deck":["AscendersBane","Defend_G","Defend_G","Defend_G","Defend_G","Defend_G","Survivor","Neutralize","Glass Knife+1","Predator","Escape Plan","Bandage Up","Footwork+1","A Thousand Cuts+1","Crippling Poison","Infinite Blades","Dodge and Roll","Cloak And Dagger+1","Leg Sweep","Caltrops","Footwork+1","Tools of the Trade","Bite","Bite","Bite","Bite","Bite","Backflip","Dodge and Roll","Corpse Explosion","Deadly Poison","Chrysalis","Flechettes","Dash+1","Bouncing Flask+1","Backstab","Footwork","PiercingWail"],"special_seed":0,"relics":["Ring of the Snake","Omamori","Bottled Flame","Ninja Scroll","Dream Catcher","Philosopher\u0027s Stone","OrangePellets","Juzu Bracelet","Ancient Tea Set","Runic Pyramid","Du-Vu Doll","Regal Pillow","Mercury Hourglass","Lantern"],"potions_floor_usage":[50],"damage_taken":[{"damage":0.0,"enemies":"Jaw Worm","floor":1.0,"turns":3.0},{"damage":1.0,"enemies":"Cultist","floor":3.0,"turns":3.0},{"damage":17.0,"enemies":"Gremlin Nob","floor":6.0,"turns":4.0},{"damage":26.0,"enemies":"Lagavulin","floor":8.0,"turns":9.0},{"damage":0.0,"enemies":"Small Slimes","floor":10.0,"turns":3.0},{"damage":8.0,"enemies":"Looter","floor":11.0,"turns":2.0},{"damage":3.0,"enemies":"Blue Slaver","floor":13.0,"turns":4.0},{"damage":2.0,"enemies":"Large Slime","floor":14.0,"turns":5.0},{"damage":31.0,"enemies":"Hexaghost","floor":16.0,"turns":13.0},{"damage":16.0,"enemies":"Shell Parasite","floor":18.0,"turns":8.0},{"damage":12.0,"enemies":"2 Thieves","floor":19.0,"turns":3.0},{"damage":23.0,"enemies":"Centurion and Healer","floor":20.0,"turns":9.0},{"damage":55.0,"enemies":"Automaton","floor":33.0,"turns":19.0},{"damage":8.0,"enemies":"3 Shapes","floor":35.0,"turns":6.0},{"damage":1.0,"enemies":"Mind Bloom Boss Battle","floor":38.0,"turns":9.0},{"damage":43,"enemies":"Nemesis","floor":40,"turns":11},{"damage":0,"enemies":"Orb Walker","floor":45,"turns":2},{"damage":8,"enemies":"Sphere and 2 Shapes","floor":47,"turns":3},{"damage":17,"enemies":"3 Darklings","floor":48,"turns":3},{"damage":52,"enemies":"Time Eater","floor":50,"turns":4}],"seed_played":"-4809336305423632245","potions_obtained":[{"floor":1.0,"key":"SpeedPotion"},{"floor":8.0,"key":"Poison Potion"},{"floor":13.0,"key":"Energy Potion"},{"floor":18.0,"key":"Strength Potion"},{"floor":20.0,"key":"Dexterity Potion"},{"floor":40,"key":"SkillPotion"}],"is_trial":false,"path_per_floor":["M","?","M","?","$","E","R","E","T","M","M","R","M","M","R","B",null,"M","M","M","?","$","R","$","R","T","?","$","R","?","$","R","B",null,"M","?","$","?","?","E","R","?","T","R","M","T","M","M","R","B"],"character_chosen":"THE_SILENT","items_purchased":["Bandage Up","Footwork","OrangePellets","Backflip","Flechettes"],"campfire_rested":6,"item_purchase_floors":[5,22,24,31,37],"current_hp_per_floor":[59,48,47,29,29,16,35,13,13,17,13,32,33,35,35,8,52,40,32,13,13,13,32,32,32,32,32,32,32,32,32,45,18,39,43,43,43,46,46,17,45,45,45,45,46,46,40,33,46,0],"gold":251,"neow_bonus":"THREE_RARE_CARDS","is_prod":false,"is_daily":false,"chose_seed":false,"campfire_upgraded":4,"win_rate":0,"timestamp":1555433321,"path_taken":["M","?","M","?","?","E","R","E","T","?","M","R","M","M","R","BOSS","M","M","M","?","$","R","$","R","T","?","?","R","?","?","R","BOSS","M","?","$","?","?","E","R","?","T","R","M","?","M","M","R","BOSS"],"build_version":"2019-01-23","purchased_purges":0,"victory":false,"max_hp_per_floor":[66,66,66,66,66,66,66,66,66,66,66,66,66,66,66,66,66,66,66,66,66,66,66,66,66,66,66,66,66,46,46,46,46,46,46,46,46,46,46,46,46,46,46,46,46,46,46,46,46,46],"card_choices":[{"not_picked":["Tools of the Trade","Grand Finale"],"picked":"Glass Knife","floor":0.0},{"not_picked":["Slice","Tactician"],"picked":"Predator","floor":1.0},{"not_picked":["Dagger Throw","Tactician"],"picked":"Escape Plan","floor":3.0},{"not_picked":["Prepared","Accuracy","Dagger Throw"],"picked":"SKIP","floor":6.0},{"not_picked":["Noxious Fumes","Acrobatics"],"picked":"Footwork","floor":8.0},{"not_picked":["Blade Dance","Eviscerate"],"picked":"A Thousand Cuts","floor":10.0},{"not_picked":["Quick Slash","Flying Knee","Eviscerate"],"picked":"SKIP","floor":11.0},{"not_picked":["Catalyst","Flechettes"],"picked":"Crippling Poison","floor":12.0},{"not_picked":["Deflect","Dagger Throw"],"picked":"Infinite Blades","floor":13.0},{"not_picked":["Eviscerate","Blur"],"picked":"Dodge and Roll","floor":14.0},{"not_picked":["Storm of Steel","Wraith Form v2"],"picked":"Night Terror","floor":16.0},{"not_picked":["Slice","Deadly Poison"],"picked":"Cloak And Dagger+1","floor":18.0},{"not_picked":["Blade Dance","Quick Slash"],"picked":"Leg Sweep","floor":19.0},{"not_picked":["Prepared","Dagger Spray"],"picked":"Caltrops","floor":20.0},{"not_picked":["Dash","Poisoned Stab"],"picked":"Tools of the Trade","floor":23.0},{"not_picked":["Bane+1","Endless Agony"],"picked":"Dodge and Roll","floor":32.0},{"not_picked":["Envenom","Storm of Steel"],"picked":"Corpse Explosion","floor":33.0},{"not_picked":["Acrobatics","Sucker Punch"],"picked":"Deadly Poison","floor":35.0},{"not_picked":["The Bomb","Metamorphosis"],"picked":"Chrysalis","floor":36.0},{"not_picked":["Corpse Explosion","Sucker Punch"],"picked":"Dash+1","floor":40},{"not_picked":["Terror","Bane"],"picked":"Bouncing Flask+1","floor":41},{"not_picked":["Slice","Acrobatics"],"picked":"Backstab","floor":45},{"not_picked":["Calculated Gamble","Dodge and Roll"],"picked":"Footwork","floor":47},{"not_picked":["Predator","Terror","Deadly Poison"],"picked":"SKIP","floor":48},{"not_picked":["Sucker Punch+1","Masterful Stab"],"picked":"PiercingWail","floor":49}],"player_experience":287543,"relics_obtained":[{"floor":6.0,"key":"Bottled Flame"},{"floor":8.0,"key":"Ninja Scroll"},{"floor":9.0,"key":"Dream Catcher"},{"floor":26.0,"key":"Juzu Bracelet"},{"floor":38.0,"key":"Du-Vu Doll"},{"floor":40,"key":"Regal Pillow"},{"floor":43,"key":"Mercury Hourglass"},{"floor":46,"key":"Lantern"}],"event_choices":[{"damage_healed":0.0,"max_hp_gain":0.0,"max_hp_loss":0.0,"gold_gain":75.0,"event_name":"World of Goop","player_choice":"Gather Gold","floor":2.0,"gold_loss":0.0,"damage_taken":11.0},{"damage_healed":0.0,"max_hp_gain":0.0,"max_hp_loss":0.0,"gold_gain":0.0,"event_name":"Scrap Ooze","player_choice":"Success","floor":4.0,"gold_loss":0.0,"damage_taken":18.0,"relics_obtained":["Omamori"]},{"damage_healed":0.0,"max_hp_gain":0.0,"max_hp_loss":0.0,"gold_gain":50.0,"event_name":"Nest","player_choice":"Stole From Cult","floor":21.0,"gold_loss":0.0,"damage_taken":0.0},{"damage_healed":0.0,"max_hp_gain":0.0,"max_hp_loss":0.0,"gold_gain":0.0,"event_name":"The Mausoleum","player_choice":"Opened","floor":27.0,"gold_loss":0.0,"damage_taken":0.0,"relics_obtained":["Ancient Tea Set"],"cards_obtained":["Writhe"]},{"damage_healed":0.0,"max_hp_gain":0.0,"max_hp_loss":20.0,"gold_gain":0.0,"event_name":"Vampires","player_choice":"Became a vampire","floor":30.0,"gold_loss":0.0,"damage_taken":0.0,"cards_obtained":["Bite","Bite","Bite","Bite","Bite"]},{"damage_healed":0.0,"max_hp_gain":0.0,"max_hp_loss":0.0,"gold_gain":0.0,"event_name":"SensoryStone","player_choice":"Memory 1","floor":36.0,"gold_loss":0.0,"damage_taken":0.0},{"damage_healed":0.0,"max_hp_gain":0.0,"max_hp_loss":0.0,"gold_gain":0.0,"event_name":"MindBloom","player_choice":"Fight","floor":38.0,"gold_loss":0.0,"damage_taken":0.0},{"damage_healed":0,"gold_gain":0,"player_choice":"Ignored","damage_taken":0,"max_hp_gain":0,"max_hp_loss":0,"event_name":"Mysterious Sphere","floor":39,"gold_loss":0},{"cards_removed":["Night Terror"],"damage_healed":0,"gold_gain":0,"player_choice":"Removed Skill","damage_taken":0,"max_hp_gain":0,"max_hp_loss":0,"event_name":"Falling","floor":42,"gold_loss":0}],"is_beta":false,"boss_relics":[{"not_picked":["Ring of the Serpent","Runic Dome"],"picked":"Philosopher\u0027s Stone"},{"not_picked":["Sozu","Fusion Hammer"],"picked":"Runic Pyramid"}],"items_purged_floors":[],"is_endless":false,"potions_floor_spawned":[1,8,13,18,20,40],"killed_by":"Time Eater","ascension_level":16}