{"gold_per_floor":[110,110,129,94,104,104,114,147,147,64,95,113,113,113,113,211,211,236,236,252,252,23,64,64,98,122,143,167,167,187,221,221,221],"floor_reached":33,"playtime":1090,"items_purged":[],"score":634,"play_id":"d996b666-24bc-4cb9-b742-cba050cc1f61","local_time":"20190613140022","is_ascension_mode":true,"campfire_choices":[{"data":"Corpse Explosion","floor":6.0,"key":"SMITH"},{"data":"Noxious Fumes","floor":15.0,"key":"SMITH"},{"data":"Footwork","floor":24.0,"key":"SMITH"},{"data":"Footwork","floor":29,"key":"SMITH"},{"data":"Adrenaline","floor":32,"key":"SMITH"}],"neow_cost":"NONE","seed_source_timestamp":2918582635107944,"circlet_count":0,"master_deck":["AscendersBane","Survivor","Neutralize","Corpse Explosion+1","Backflip","Poisoned Stab","Skewer","Deadly Poison","Footwork+1","Footwork+1","Noxious Fumes+1","Dagger Spray","Adrenaline+1","Envenom","Dagger Spray","Dodge and Roll","Glass Knife","Leg Sweep","Eviscerate","Riddle With Holes","Blur","Glass Knife","Die Die Die","PiercingWail","Leg Sweep","PiercingWail+1","Backflip","Leg Sweep"],"special_seed":0,"relics":["Ring of the Snake","Vajra","Torii","Meat on the Bone","Gambling Chip","Golden Idol","Pandora\u0027s Box","Enchiridion","NlothsMask","Membership Card","Ornamental Fan","The Specimen","Smiling Mask"],"potions_floor_usage":[25,28,31,33],"damage_taken":[{"damage":9.0,"enemies":"2 Louse","floor":1.0,"turns":3.0},{"damage":0.0,"enemies":"Small Slimes","floor":3.0,"turns":3.0},{"damage":0.0,"enemies":"Cultist","floor":5.0,"turns":3.0},{"damage":0.0,"enemies":"Exordium Thugs","floor":7.0,"turns":3.0},{"damage":10.0,"enemies":"3 Sentries","floor":8.0,"turns":2.0},{"damage":11.0,"enemies":"Lagavulin","floor":11.0,"turns":7.0},{"damage":0.0,"enemies":"Blue Slaver","floor":12.0,"turns":4.0},{"damage":0.0,"enemies":"Gremlin Gang","floor":13.0,"turns":1.0},{"damage":17.0,"enemies":"Slime Boss","floor":16.0,"turns":12.0},{"damage":10.0,"enemies":"Spheric Guardian","floor":18.0,"turns":6.0},{"damage":0.0,"enemies":"2 Thieves","floor":20.0,"turns":3.0},{"damage":9.0,"enemies":"Slavers","floor":23.0,"turns":6.0},{"damage":4,"enemies":"Book of Stabbing","floor":25,"turns":6},{"damage":1,"enemies":"Centurion and Healer","floor":27,"turns":5},{"damage":11,"enemies":"Snecko","floor":28,"turns":5},{"damage":12,"enemies":"Chosen and Byrds","floor":30,"turns":5},{"damage":2,"enemies":"Slavers","floor":31,"turns":2},{"damage":42,"enemies":"Collector","floor":33,"turns":8}],"seed_played":"1828959594510535312","potions_obtained":[{"floor":5.0,"key":"Energy Potion"},{"floor":7.0,"key":"GhostInAJar"},{"floor":11.0,"key":"SmokeBomb"},{"floor":18.0,"key":"Fire Potion"},{"floor":20.0,"key":"SneckoOil"},{"floor":28,"key":"Energy Potion"},{"floor":30,"key":"Weak Potion"}],"is_trial":false,"path_per_floor":["M","?","M","?","M","R","M","E","T","$","E","M","M","?","R","B",null,"M","?","M","?","$","E","R","E","T","M","M","R","M","E","R","B"],"character_chosen":"THE_SILENT","items_purchased":["Footwork","Membership Card"],"campfire_rested":0,"item_purchase_floors":[10,22],"current_hp_per_floor":[50,39,39,55,55,55,55,45,45,45,34,34,34,34,34,29,52,42,21,33,33,33,36,36,32,32,31,32,32,32,42,42,0],"gold":221,"neow_bonus":"ONE_RANDOM_RARE_CARD","is_prod":false,"is_daily":false,"chose_seed":false,"campfire_upgraded":5,"win_rate":0,"timestamp":1560448822,"path_taken":["M","?","M","?","M","R","M","E","T","$","E","M","M","?","R","BOSS","M","?","M","?","$","E","R","E","T","?","M","R","M","E","R","BOSS"],"build_version":"2019-01-23","purchased_purges":0,"victory":false,"max_hp_per_floor":[66,66,66,66,66,66,66,66,66,66,66,66,66,60,60,60,60,60,60,60,60,60,60,60,60,60,60,60,60,60,60,60,60],"card_choices":[{"not_picked":["Slice","Calculated Gamble"],"picked":"Backflip","floor":1.0},{"not_picked":["Distraction","Dagger Throw"],"picked":"Poisoned Stab","floor":3.0},{"not_picked":["Poisoned Stab","Concentrate"],"picked":"Skewer","floor":5.0},{"not_picked":["Backflip","Slice","Deadly Poison"],"picked":"SKIP","floor":7.0},{"not_picked":["Backflip","Slice"],"picked":"Deadly Poison","floor":7.0},{"not_picked":["Cloak And Dagger","Malaise"],"picked":"Footwork","floor":8.0},{"not_picked":["Flying Knee","Caltrops"],"picked":"Noxious Fumes","floor":11.0},{"not_picked":["Bane","Calculated Gamble"],"picked":"Dagger Spray","floor":12.0},{"not_picked":["Glass Knife","Tools of the Trade"],"picked":"Adrenaline","floor":16.0},{"not_picked":["Deadly Poison+1","Calculated Gamble"],"picked":"PiercingWail","floor":18.0},{"not_picked":["Skewer","Flying Knee","Dagger Spray"],"picked":"SKIP","floor":20.0},{"not_picked":["Endless Agony","Dagger Throw"],"picked":"Leg Sweep","floor":23.0},{"not_picked":["Bane","Blade Dance","Quick Slash"],"picked":"SKIP","floor":25},{"not_picked":["Cloak And Dagger","Slice"],"picked":"PiercingWail+1","floor":27},{"not_picked":["Sucker Punch","Terror+1"],"picked":"Backflip","floor":28},{"not_picked":["Grand Finale","Underhanded Strike+1","Prepared"],"picked":"SKIP","floor":30},{"not_picked":["Quick Slash","Grand Finale"],"picked":"Leg Sweep","floor":31}],"player_experience":427533,"relics_obtained":[{"floor":8.0,"key":"Torii"},{"floor":9.0,"key":"Meat on the Bone"},{"floor":11.0,"key":"Gambling Chip"},{"floor":19.0,"key":"Enchiridion"},{"floor":23.0,"key":"Ornamental Fan"},{"floor":25,"key":"The Specimen"},{"floor":31,"key":"Smiling Mask"}],"event_choices":[{"damage_healed":0.0,"max_hp_gain":0.0,"max_hp_loss":0.0,"gold_gain":0.0,"event_name":"Scrap Ooze","player_choice":"Success","floor":2.0,"gold_loss":0.0,"damage_taken":11.0,"relics_obtained":["Vajra"]},{"damage_healed":16.0,"max_hp_gain":0.0,"max_hp_loss":0.0,"gold_gain":0.0,"event_name":"The Cleric","player_choice":"Healed","floor":4.0,"gold_loss":35.0,"damage_taken":0.0},{"damage_healed":0.0,"max_hp_gain":0.0,"max_hp_loss":6.0,"gold_gain":0.0,"event_name":"Golden Idol","player_choice":"Lose Max HP","floor":14.0,"gold_loss":0.0,"damage_taken":0.0,"relics_obtained":["Golden Idol"]},{"damage_healed":0.0,"max_hp_gain":0.0,"max_hp_loss":0.0,"gold_gain":0.0,"event_name":"Cursed Tome","player_choice":"Obtained Book","floor":19.0,"gold_loss":0.0,"damage_taken":21.0},{"damage_healed":0.0,"max_hp_gain":0.0,"max_hp_loss":0.0,"gold_gain":0.0,"event_name":"FaceTrader","player_choice":"Trade","floor":21.0,"gold_loss":0.0,"damage_taken":0.0,"relics_obtained":["NlothsMask"]}],"is_beta":false,"boss_relics":[{"not_picked":["Eternal Feather","WristBlade"],"picked":"Pandora\u0027s Box"}],"items_purged_floors":[],"is_endless":false,"potions_floor_spawned":[5,7,11,18,20,28,30],"killed_by":"Collector","ascension_level":20}