{"gold_per_floor":[110,31,50,50,66,77,96,96,96,96,123,123,142,153,153,224,254,270,270,195,211,211,211,211],"floor_reached":24,"playtime":953,"items_purged":[],"score":396,"play_id":"f14f3739-19ca-4148-97c4-6f3daae5ce2e","local_time":"20190204003659","is_ascension_mode":true,"campfire_choices":[{"data":"Capacitor","floor":8.0,"key":"SMITH"},{"data":"Cold Snap","floor":10.0,"key":"SMITH"},{"data":"Zap","floor":12.0,"key":"SMITH"},{"data":"Beam Cell","floor":15.0,"key":"SMITH"},{"data":"Dualcast","floor":23,"key":"SMITH"}],"neow_cost":"NONE","seed_source_timestamp":533064841232195,"circlet_count":0,"master_deck":["AscendersBane","Strike_B","Strike_B","Strike_B","Strike_B","Defend_B","Defend_B","Defend_B","Defend_B","Zap+1","Dualcast+1","Cold Snap+1","Capacitor+1","Cold Snap","Coolheaded","Ball Lightning","Coolheaded","Beam Cell+1","Hologram","All For One","Shame","Clumsy","Cold Snap","Ghostly","Ghostly","Ghostly","Ball Lightning","Electrodynamics"],"special_seed":0,"relics":["Cracked Core","Blood Vial","Symbiotic Virus","Unceasing Top","Calling Bell","Tiny Chest","Letter Opener","Thread and Needle"],"potions_floor_usage":[],"damage_taken":[{"damage":0.0,"enemies":"2 Louse","floor":1.0,"turns":3.0},{"damage":0.0,"enemies":"Small Slimes","floor":3.0,"turns":4.0},{"damage":0.0,"enemies":"Jaw Worm","floor":5.0,"turns":4.0},{"damage":3.0,"enemies":"Blue Slaver","floor":6.0,"turns":5.0},{"damage":5.0,"enemies":"Exordium Wildlife","floor":7.0,"turns":7.0},{"damage":10.0,"enemies":"Lagavulin","floor":11.0,"turns":6.0},{"damage":6.0,"enemies":"3 Louse","floor":13.0,"turns":2.0},{"damage":3.0,"enemies":"Gremlin Gang","floor":14.0,"turns":3.0},{"damage":22.0,"enemies":"Hexaghost","floor":16.0,"turns":7.0},{"damage":40.0,"enemies":"3 Byrds","floor":18.0,"turns":6.0},{"damage":6,"enemies":"Chosen","floor":21,"turns":4},{"damage":40,"enemies":"3 Cultists","floor":24,"turns":4}],"seed_played":"-1710891756721159747","potions_obtained":[{"floor":3.0,"key":"SteroidPotion"},{"floor":5.0,"key":"Block Potion"},{"floor":7.0,"key":"LiquidBronze"}],"is_trial":false,"path_per_floor":["M","$","M","?","M","M","M","R","T","R","E","R","M","M","R","B",null,"M","?","?","M","?","R","M"],"character_chosen":"DEFECT","items_purchased":["FocusPotion"],"campfire_rested":0,"item_purchase_floors":[2],"current_hp_per_floor":[66,66,68,73,75,73,70,70,70,70,62,62,58,57,57,37,66,28,28,28,24,24,24,0],"gold":211,"neow_bonus":"RANDOM_COMMON_RELIC","is_prod":false,"is_daily":false,"chose_seed":false,"campfire_upgraded":5,"win_rate":0,"timestamp":1549269419,"path_taken":["M","$","M","?","M","M","M","R","T","R","E","R","M","M","R","BOSS","M","?","?","?","?","R","M"],"build_version":"2019-01-23","purchased_purges":0,"victory":false,"max_hp_per_floor":[71,71,71,76,76,76,76,76,76,76,76,76,76,76,76,76,76,76,38,38,38,38,38,38],"card_choices":[{"not_picked":["Sweeping Beam","Hologram"],"picked":"Cold Snap","floor":1.0},{"not_picked":["Leap","Turbo"],"picked":"Capacitor","floor":3.0},{"not_picked":["Storm","Redo"],"picked":"Cold Snap","floor":5.0},{"not_picked":["Rebound","Doom and Gloom"],"picked":"Coolheaded","floor":6.0},{"not_picked":["Sweeping Beam","Barrage"],"picked":"Ball Lightning","floor":7.0},{"not_picked":["Storm","Hyperbeam"],"picked":"Coolheaded","floor":11.0},{"not_picked":["Redo","Rebound"],"picked":"Beam Cell","floor":13.0},{"not_picked":["Rebound","Go for the Eyes"],"picked":"Hologram","floor":14.0},{"not_picked":["Meteor Strike","Machine Learning"],"picked":"All For One","floor":16.0},{"not_picked":["Barrage","Sweeping Beam"],"picked":"Cold Snap","floor":18.0},{"not_picked":["Steam","Undo"],"picked":"Ball Lightning","floor":21}],"player_experience":2778716,"relics_obtained":[{"floor":9.0,"key":"Symbiotic Virus"},{"floor":11.0,"key":"Unceasing Top"},{"floor":17.0,"key":"Tiny Chest"},{"floor":17.0,"key":"Letter Opener"},{"floor":17.0,"key":"Thread and Needle"}],"event_choices":[{"damage_healed":0.0,"max_hp_gain":5.0,"max_hp_loss":0.0,"gold_gain":0.0,"event_name":"Big Fish","player_choice":"Donut","floor":4.0,"gold_loss":0.0,"damage_taken":0.0},{"damage_healed":0.0,"max_hp_gain":0.0,"max_hp_loss":38.0,"gold_gain":0.0,"event_name":"Ghosts","player_choice":"Became a Ghost","floor":19.0,"gold_loss":0.0,"damage_taken":0.0,"cards_obtained":["Ghostly","Ghostly","Ghostly"]},{"cards_removed":["Shame"],"damage_healed":0.0,"max_hp_gain":0.0,"max_hp_loss":0.0,"gold_gain":0.0,"event_name":"Beggar","player_choice":"Gave Gold","floor":20.0,"gold_loss":75.0,"damage_taken":0.0},{"damage_healed":0,"gold_gain":0,"player_choice":"Read","damage_taken":0,"max_hp_gain":0,"max_hp_loss":0,"event_name":"The Library","floor":22,"gold_loss":0,"cards_obtained":["Electrodynamics"]}],"is_beta":true,"boss_relics":[{"not_picked":["White Beast Statue","Coffee Dripper"],"picked":"Calling Bell"}],"items_purged_floors":[],"is_endless":false,"potions_floor_spawned":[3,5,7,14],"killed_by":"3 Cultists","ascension_level":20}