{"gold_per_floor":[114,114,264,264,277,277,303,303,327,341,341,266,296,81,81,160,160,178,203,203,203,183,183],"floor_reached":23,"playtime":595,"items_purged":["Strike_G"],"score":440,"play_id":"67c79913-f4fc-4888-9d17-36cd9d6a53f1","local_time":"20190705110350","is_ascension_mode":true,"campfire_choices":[{"data":"Neutralize","floor":6,"key":"SMITH"},{"data":"Flying Knee","floor":8,"key":"SMITH"},{"data":"Dagger Spray","floor":11,"key":"SMITH"},{"data":"Noxious Fumes","floor":15,"key":"SMITH"}],"neow_cost":"NONE","seed_source_timestamp":31668372913744,"circlet_count":0,"master_deck":["AscendersBane","Strike_G","Strike_G","Strike_G","Strike_G","Defend_G","Defend_G","Defend_G","Defend_G","Defend_G","Survivor","Neutralize+1","Cloak And Dagger+1","Flying Knee+1","Dagger Spray+1","Caltrops","Choke","Noxious Fumes+1","Cloak And Dagger","Adrenaline","Noxious Fumes","Backflip","Writhe","Blade Dance+1","Setup+1"],"relics":["Ring of the Snake","NeowsBlessing","Paper Crane","Prayer Wheel","Regal Pillow","Meat on the Bone","Coffee Dripper","Red Mask","Snake Skull"],"potions_floor_usage":[16,16,23],"damage_taken":[{"damage":0,"enemies":"Cultist","floor":1,"turns":1},{"damage":0,"enemies":"Small Slimes","floor":5,"turns":1},{"damage":0,"enemies":"Gremlin Nob","floor":7,"turns":1},{"damage":3,"enemies":"2 Louse","floor":10,"turns":3},{"damage":19,"enemies":"Lagavulin","floor":13,"turns":8},{"damage":38,"enemies":"Slime Boss","floor":16,"turns":11},{"damage":20,"enemies":"Spheric Guardian","floor":18,"turns":5},{"damage":44,"enemies":"Masked Bandits","floor":19,"turns":5},{"damage":7,"enemies":"2 Thieves","floor":22,"turns":4},{"damage":37,"enemies":"Book of Stabbing","floor":23,"turns":5}],"seed_played":"-7011911660518260718","potions_obtained":[{"floor":1,"key":"Swift Potion"},{"floor":5,"key":"Regen Potion"},{"floor":10,"key":"GhostInAJar"},{"floor":22,"key":"Energy Potion"}],"is_trial":false,"path_per_floor":["M","?","?","?","M","R","E","R","T","M","R","?","E","$","R","B",null,"M","?","?","?","M","E"],"character_chosen":"THE_SILENT","items_purchased":["Noxious Fumes","Cloak And Dagger"],"campfire_rested":0,"item_purchase_floors":[14,14],"current_hp_per_floor":[59,59,59,48,48,48,48,48,48,45,45,45,26,26,26,15,53,45,13,26,26,31,0],"gold":183,"neow_bonus":"THREE_ENEMY_KILL","is_prod":false,"is_daily":false,"chose_seed":false,"campfire_upgraded":4,"win_rate":0,"timestamp":1562339030,"path_taken":["M","?","?","?","M","R","E","R","T","M","R","?","E","?","R","BOSS","M","?","?","?","?","E"],"build_version":"2019-07-01","purchased_purges":1,"victory":false,"max_hp_per_floor":[66,66,66,66,66,66,66,66,66,66,66,66,66,66,66,66,66,66,66,66,66,66,66],"card_choices":[{"not_picked":["Finisher","Expertise"],"picked":"Cloak And Dagger","floor":1},{"not_picked":["Dagger Throw","Choke"],"picked":"Flying Knee","floor":5},{"not_picked":["Expertise","Acrobatics","Blade Dance"],"picked":"SKIP","floor":7},{"not_picked":["Poisoned Stab","Calculated Gamble"],"picked":"Dagger Spray","floor":10},{"not_picked":["Blade Dance","Storm of Steel"],"picked":"Caltrops","floor":10},{"not_picked":["Terror","Deadly Poison"],"picked":"Choke","floor":13},{"not_picked":["Venomology","Grand Finale"],"picked":"Adrenaline","floor":16},{"not_picked":["Poisoned Stab","Distraction"],"picked":"Noxious Fumes","floor":18},{"not_picked":["Bane","Slice","Underhanded Strike"],"picked":"SKIP","floor":18},{"not_picked":["Underhanded Strike","Bane"],"picked":"Backflip","floor":19},{"not_picked":["Terror","Envenom"],"picked":"Blade Dance+1","floor":22},{"not_picked":["Cloak And Dagger","Bouncing Flask"],"picked":"Setup+1","floor":22}],"player_experience":495581,"relics_obtained":[{"floor":7,"key":"Prayer Wheel"},{"floor":9,"key":"Regal Pillow"},{"floor":13,"key":"Meat on the Bone"},{"floor":19,"key":"Red Mask"}],"event_choices":[{"damage_healed":0,"gold_gain":0,"player_choice":"Grow","damage_taken":0,"max_hp_gain":0,"max_hp_loss":0,"event_name":"Living Wall","floor":2,"gold_loss":0,"cards_upgraded":["Cloak And Dagger"]},{"damage_healed":0,"gold_gain":150,"player_choice":"AGREE","damage_taken":0,"max_hp_gain":0,"max_hp_loss":0,"event_name":"Liars Game","floor":3,"gold_loss":0,"cards_obtained":["Doubt"]},{"damage_healed":0,"gold_gain":0,"player_choice":"Success","damage_taken":11,"relics_obtained":["Paper Crane"],"max_hp_gain":0,"max_hp_loss":0,"event_name":"Scrap Ooze","floor":4,"gold_loss":0},{"cards_removed":["Doubt"],"damage_healed":0,"gold_gain":0,"player_choice":"Card Removal","damage_taken":0,"max_hp_gain":0,"max_hp_loss":0,"event_name":"The Cleric","floor":12,"gold_loss":75},{"damage_healed":0,"gold_gain":0,"player_choice":"Fought Bandits","damage_taken":0,"max_hp_gain":0,"max_hp_loss":0,"event_name":"Masked Bandits","floor":19,"gold_loss":0},{"damage_healed":13,"gold_gain":0,"player_choice":"Heal","damage_taken":0,"max_hp_gain":0,"max_hp_loss":0,"event_name":"The Library","floor":20,"gold_loss":0},{"damage_healed":0,"gold_gain":0,"player_choice":"Opened","damage_taken":0,"relics_obtained":["Snake Skull"],"max_hp_gain":0,"max_hp_loss":0,"event_name":"The Mausoleum","floor":21,"gold_loss":0,"cards_obtained":["Writhe"]}],"is_beta":false,"boss_relics":[{"not_picked":["Velvet Choker","Black Star"],"picked":"Coffee Dripper"}],"items_purged_floors":[14],"is_endless":false,"potions_floor_spawned":[1,5,10,22],"killed_by":"Book of Stabbing","ascension_level":20}