{"gold_per_floor":[115,128,184,199,209,209,238,250,262,300,312,334,346,389,401,413],"floor_reached":16,"playtime":465,"items_purged":[],"score":290,"play_id":"7de7be06-cedb-4266-a8ce-6756985099ed","local_time":"20190830115447","is_ascension_mode":true,"campfire_choices":[{"data":"Biased Cognition","floor":6,"key":"SMITH"},{"data":"White Noise","floor":8,"key":"SMITH"},{"floor":13,"key":"REST"},{"data":"Consume","floor":15,"key":"SMITH"}],"neow_cost":"PERCENT_DAMAGE","seed_source_timestamp":1172656573468365,"circlet_count":0,"master_deck":["AscendersBane","Strike_B","Strike_B","Strike_B","Defend_B","Defend_B","Defend_B","Defend_B","Zap","Dualcast","Conserve Battery","White Noise+1","Self Repair","Biased Cognition+1","Rip and Tear","Gash","Consume+1"],"relics":["Cracked Core","FossilizedHelix","Tiny Chest","MawBank","Juzu Bracelet","Happy Flower","Shuriken"],"potions_floor_usage":[10,12],"damage_taken":[{"damage":0,"enemies":"Cultist","floor":1,"turns":3},{"damage":0,"enemies":"Jaw Worm","floor":2,"turns":4},{"damage":8,"enemies":"2 Louse","floor":4,"turns":4},{"damage":22,"enemies":"Exordium Wildlife","floor":5,"turns":6},{"damage":0,"enemies":"Lagavulin","floor":7,"turns":5},{"damage":20,"enemies":"3 Sentries","floor":10,"turns":5},{"damage":0,"enemies":"2 Fungi Beasts","floor":12,"turns":3},{"damage":8,"enemies":"Lagavulin","floor":14,"turns":5},{"damage":40,"enemies":"The Guardian","floor":16,"turns":11}],"seed_played":"734502367674777358","potions_obtained":[{"floor":4,"key":"Energy Potion"},{"floor":5,"key":"Explosive Potion"},{"floor":7,"key":"Block Potion"},{"floor":14,"key":"FocusPotion"}],"is_trial":false,"path_per_floor":["M","M","T","M","M","R","E","R","T","E","?","M","R","E","R","B"],"character_chosen":"DEFECT","items_purchased":[],"campfire_rested":1,"item_purchase_floors":[],"current_hp_per_floor":[46,46,46,38,23,23,30,30,30,17,10,17,38,37,37,0],"gold":413,"neow_bonus":"ONE_RARE_RELIC","is_prod":false,"is_daily":false,"chose_seed":false,"campfire_upgraded":3,"win_rate":0,"timestamp":1567180487,"path_taken":["M","M","?","?","M","R","E","R","T","E","?","M","R","E","R","BOSS"],"build_version":"2019-07-17","purchased_purges":0,"victory":false,"max_hp_per_floor":[71,71,71,71,71,71,71,71,71,71,71,71,71,71,71,71],"card_choices":[{"not_picked":["Rebound","Loop"],"picked":"Conserve Battery","floor":1},{"not_picked":["Steam","Beam Cell"],"picked":"White Noise","floor":2},{"not_picked":["Stack","Lockon"],"picked":"Self Repair","floor":4},{"not_picked":["Streamline","Sweeping Beam"],"picked":"Biased Cognition","floor":5},{"not_picked":["Turbo","Recycle","Scrape"],"picked":"SKIP","floor":7},{"not_picked":["Barrage","Rebound"],"picked":"Rip and Tear","floor":10},{"not_picked":["Loop","Stack"],"picked":"Gash","floor":12},{"not_picked":["Heatsinks","Reprogram"],"picked":"Consume","floor":14}],"player_experience":615723,"relics_obtained":[{"floor":3,"key":"Tiny Chest"},{"floor":7,"key":"MawBank"},{"floor":9,"key":"Juzu Bracelet"},{"floor":10,"key":"Happy Flower"},{"floor":14,"key":"Shuriken"}],"event_choices":[{"cards_removed":["Strike_B"],"damage_healed":0,"gold_gain":0,"player_choice":"Card Removal","damage_taken":7,"max_hp_gain":0,"max_hp_loss":0,"event_name":"Golden Wing","floor":11,"gold_loss":0}],"is_beta":false,"boss_relics":[],"items_purged_floors":[],"is_endless":false,"potions_floor_spawned":[4,5,7,14],"killed_by":"The Guardian","ascension_level":20}