{"gold_per_floor":[364,23,23,23,39,39,65,65,88,88,106,106,106,106,106,210,210,221,221,236,247,174,174,204,204,227,227,227,240,240,202,202,304,304,317,331,344,14,32,32,32],"floor_reached":41,"playtime":3225,"items_purged":["Injury"],"score":432,"play_id":"69d97383-add7-4878-a96a-67bdc44ba635","local_time":"20190830121103","is_ascension_mode":false,"campfire_choices":[{"data":"Dodge and Roll","floor":6,"key":"SMITH"},{"data":"Cloak And Dagger","floor":10,"key":"SMITH"},{"data":"Dodge and Roll","floor":12,"key":"SMITH"},{"floor":15,"key":"REST"},{"data":"Caltrops","floor":23,"key":"SMITH"},{"data":"Phantasmal Killer","floor":25,"key":"SMITH"},{"floor":30,"key":"REST"},{"floor":32,"key":"REST"},{"data":"Caltrops","floor":40,"key":"SMITH"}],"neow_cost":"CURSE","seed_source_timestamp":573790870698629,"circlet_count":0,"master_deck":["Strike_G+1","Strike_G+1","Strike_G+1","Strike_G+1","Strike_G+1","Defend_G+1","Defend_G+1","Defend_G+1","Defend_G+1","Defend_G+1","Survivor+1","Neutralize","Bane","Noxious Fumes+1","Cloak And Dagger+1","Dodge and Roll+1","Dodge and Roll+1","Phantasmal Killer+1","Flechettes","Dodge and Roll","Dodge and Roll+1","Caltrops+1","Catalyst","Reflex","Crippling Poison+1","Flechettes","Tools of the Trade","Bouncing Flask","Caltrops+1","Blade Dance+1"],"relics":["Ring of the Snake","Juzu Bracelet","Incense Burner","War Paint","Runic Pyramid","Ancient Tea Set","Blue Candle","Eternal Feather","Kunai"],"potions_floor_usage":[16,21,24,33,39],"damage_taken":[{"damage":2,"enemies":"Jaw Worm","floor":1,"turns":5},{"damage":0,"enemies":"Cultist","floor":5,"turns":3},{"damage":19,"enemies":"3 Sentries","floor":7,"turns":7},{"damage":0,"enemies":"2 Louse","floor":11,"turns":3},{"damage":14,"enemies":"Hexaghost","floor":16,"turns":13},{"damage":0,"enemies":"Shell Parasite","floor":18,"turns":7},{"damage":7,"enemies":"3 Byrds","floor":20,"turns":5},{"damage":11,"enemies":"Snake Plant","floor":21,"turns":6},{"damage":23,"enemies":"Slavers","floor":24,"turns":7},{"damage":11,"enemies":"Sentry and Sphere","floor":29,"turns":9},{"damage":46,"enemies":"Collector","floor":33,"turns":11},{"damage":5,"enemies":"3 Shapes","floor":35,"turns":8},{"damage":9,"enemies":"3 Darklings","floor":36,"turns":5},{"damage":18,"enemies":"Jaw Worm Horde","floor":37,"turns":5},{"damage":4,"enemies":"Writhing Mass","floor":39,"turns":7},{"damage":52,"enemies":"Giant Head","floor":41,"turns":7}],"seed_played":"5611149501998562409","potions_obtained":[{"floor":5,"key":"Block Potion"},{"floor":18,"key":"Swift Potion"},{"floor":21,"key":"Dexterity Potion"},{"floor":29,"key":"Strength Potion"},{"floor":37,"key":"GamblersBrew"}],"is_trial":false,"path_per_floor":["M","$","?","$","M","R","E","?","T","R","M","R","?","?","R","B",null,"M","?","M","M","$","R","E","R","T","?","?","M","R","$","R","B",null,"M","M","M","$","M","R","E"],"character_chosen":"THE_SILENT","items_purchased":["Juzu Bracelet","Noxious Fumes","Cloak And Dagger","Caltrops","Flechettes","Kunai","Caltrops"],"campfire_rested":3,"item_purchase_floors":[2,2,2,22,31,38,38],"current_hp_per_floor":[68,68,68,68,68,68,49,35,35,35,35,35,28,28,49,35,70,70,70,63,52,52,52,29,29,29,29,29,18,39,39,60,14,70,65,56,38,38,34,52,0],"gold":32,"neow_bonus":"TWO_FIFTY_GOLD","is_prod":false,"is_daily":false,"chose_seed":false,"campfire_upgraded":6,"win_rate":0,"timestamp":1567159863,"path_taken":["M","$","?","?","M","R","E","?","T","R","M","R","?","?","R","BOSS","M","?","M","M","$","R","E","R","T","?","?","M","R","$","R","BOSS","M","M","M","$","M","R","E"],"build_version":"2019-06-28","purchased_purges":1,"victory":false,"max_hp_per_floor":[70,70,70,70,70,70,70,70,70,70,70,70,70,70,70,70,70,70,70,70,70,70,70,70,70,70,70,70,70,70,70,70,70,70,70,70,70,70,70,70,70],"card_choices":[{"not_picked":["Blade Dance","Sucker Punch"],"picked":"Bane","floor":1},{"not_picked":["Outmaneuver","Dagger Spray"],"picked":"Dodge and Roll","floor":5},{"not_picked":["Flying Knee","Expertise"],"picked":"Dodge and Roll","floor":7},{"not_picked":["Distraction","Underhanded Strike"],"picked":"Accuracy","floor":11},{"not_picked":["Doppelganger","Tools of the Trade"],"picked":"Phantasmal Killer","floor":16},{"not_picked":["Blade Dance","Acrobatics"],"picked":"Flechettes","floor":18},{"not_picked":["Finisher","Deflect"],"picked":"Dodge and Roll","floor":20},{"not_picked":["PiercingWail","Leg Sweep"],"picked":"Dodge and Roll+1","floor":21},{"not_picked":["Riddle With Holes","Masterful Stab"],"picked":"Catalyst","floor":24},{"not_picked":["Concentrate","Flying Knee"],"picked":"Crippling Poison+1","floor":29},{"not_picked":["Burst","After Image"],"picked":"Tools of the Trade","floor":33},{"not_picked":["Acrobatics","Choke+1","Bane"],"picked":"SKIP","floor":35},{"not_picked":["Sucker Punch","Deflect","Eviscerate"],"picked":"SKIP","floor":36},{"not_picked":["Leg Sweep","Underhanded Strike"],"picked":"Bouncing Flask","floor":37},{"not_picked":["Poisoned Stab+1","Sucker Punch+1"],"picked":"Blade Dance+1","floor":39}],"player_experience":163693,"relics_obtained":[{"floor":7,"key":"Incense Burner"},{"floor":9,"key":"War Paint"},{"floor":24,"key":"Ancient Tea Set"}],"event_choices":[{"damage_healed":0,"gold_gain":0,"player_choice":"Forge","damage_taken":0,"max_hp_gain":0,"max_hp_loss":0,"event_name":"Accursed Blacksmith","floor":3,"gold_loss":0,"cards_upgraded":["Noxious Fumes"]},{"damage_healed":0,"gold_gain":0,"player_choice":"Entered Light","damage_taken":14,"max_hp_gain":0,"max_hp_loss":0,"event_name":"Shining Light","floor":8,"gold_loss":0,"cards_upgraded":["Survivor","Defend_G"]},{"damage_healed":0,"gold_gain":0,"player_choice":"Damaged","damage_taken":7,"max_hp_gain":0,"max_hp_loss":0,"event_name":"Wheel of Change","floor":13,"gold_loss":0},{"damage_healed":0,"gold_gain":0,"player_choice":"Ignored","damage_taken":0,"max_hp_gain":0,"max_hp_loss":0,"event_name":"NoteForYourself","floor":14,"gold_loss":0},{"damage_healed":0,"gold_gain":0,"player_choice":"Simplicity","damage_taken":0,"max_hp_gain":0,"max_hp_loss":0,"event_name":"Back to Basics","floor":19,"gold_loss":0,"cards_upgraded":["Strike_G","Strike_G","Strike_G","Strike_G","Strike_G","Defend_G","Defend_G"]},{"damage_healed":0,"gold_gain":0,"cards_transformed":["Accuracy"],"player_choice":"Transformed","damage_taken":0,"max_hp_gain":0,"max_hp_loss":0,"event_name":"Transmorgrifier","floor":27,"gold_loss":0,"cards_obtained":["Reflex"]},{"damage_healed":0,"gold_gain":0,"player_choice":"Opened","damage_taken":0,"relics_obtained":["Blue Candle"],"max_hp_gain":0,"max_hp_loss":0,"event_name":"The Mausoleum","floor":28,"gold_loss":0}],"is_beta":true,"boss_relics":[{"not_picked":["Fusion Hammer","Cursed Key"],"picked":"Runic Pyramid"},{"not_picked":["White Beast Statue","Pandora\u0027s Box"],"picked":"Eternal Feather"}],"items_purged_floors":[2],"is_endless":false,"potions_floor_spawned":[5,18,21,29,37],"killed_by":"Giant Head","ascension_level":0}