{"gold_per_floor":[111,61,61,77,92,119,119,119],"floor_reached":8,"playtime":325,"items_purged":[],"score":56,"play_id":"f4f853b2-09bd-42d3-928a-352139ad0d08","local_time":"20190810102436","is_ascension_mode":false,"campfire_choices":[{"data":"Evolve","floor":7,"key":"SMITH"}],"neow_cost":"CURSE","seed_source_timestamp":3552758045630,"circlet_count":0,"master_deck":["Strike_R","Strike_R","Strike_R","Strike_R","Defend_R","Defend_R","Defend_R","Defend_R","Bash","Evolve+1","Heavy Blade","Thunderclap","Hemokinesis","Feel No Pain"],"relics":["Burning Blood","Charon\u0027s Ashes","Matryoshka"],"potions_floor_usage":[6],"damage_taken":[{"damage":2,"enemies":"Small Slimes","floor":1,"turns":4},{"damage":6,"enemies":"Jaw Worm","floor":4,"turns":4},{"damage":1,"enemies":"Cultist","floor":5,"turns":4},{"damage":61,"enemies":"Gremlin Nob","floor":6,"turns":6},{"damage":21,"enemies":"Blue Slaver","floor":8,"turns":4}],"seed_played":"3078202341680263049","potions_obtained":[{"floor":1,"key":"Dexterity Potion"},{"floor":6,"key":"Energy Potion"}],"is_trial":false,"path_per_floor":["M","?","?","M","M","E","R","M"],"character_chosen":"IRONCLAD","items_purchased":[],"campfire_rested":0,"item_purchase_floors":[],"current_hp_per_floor":[80,80,80,80,80,25,25,4],"gold":119,"neow_bonus":"ONE_RARE_RELIC","is_prod":false,"is_daily":false,"chose_seed":false,"campfire_upgraded":1,"win_rate":0.0,"timestamp":1565400276,"path_taken":["M","?","?","M","?","E","R","M"],"build_version":"2019-07-17","purchased_purges":0,"victory":false,"max_hp_per_floor":[80,80,80,80,80,80,80,80],"card_choices":[{"not_picked":["Second Wind","Warcry"],"picked":"Evolve","floor":1},{"not_picked":["Carnage","Heavy Blade"],"picked":"Thunderclap","floor":4},{"not_picked":["Warcry","Sword Boomerang"],"picked":"Hemokinesis","floor":5},{"not_picked":["Blood for Blood","Dual Wield"],"picked":"Feel No Pain","floor":6}],"player_experience":22362,"relics_obtained":[{"floor":6,"key":"Matryoshka"}],"event_choices":[{"cards_removed":["Clumsy"],"damage_healed":0,"gold_gain":0,"player_choice":"Card Removal","damage_taken":0,"max_hp_gain":0,"max_hp_loss":0,"event_name":"The Cleric","floor":2,"gold_loss":50},{"damage_healed":0,"gold_gain":0,"cards_transformed":["Strike_R"],"player_choice":"Transformed","damage_taken":0,"max_hp_gain":0,"max_hp_loss":0,"event_name":"Transmorgrifier","floor":3,"gold_loss":0,"cards_obtained":["Heavy Blade"]}],"is_beta":false,"boss_relics":[],"items_purged_floors":[],"is_endless":false,"potions_floor_spawned":[1,6],"killed_by":"Blue Slaver","ascension_level":0}