{"gold_per_floor":[15,33,33,47,47,74,74,88,88,116,146,221,239,239,239,369,369,353,353,367,367,15,15,50,50,50,84,84,108,132,172,172,300,300,319,444,463,11,29,73,92,92,92,116,154,154,55,96,96,96],"floor_reached":51,"playtime":3208,"items_purged":["Strike_G","Strike_G","Strike_G"],"score":1264,"play_id":"f2b3d0c8-2962-46eb-9602-a9412c0fed2c","local_time":"20190226181624","is_ascension_mode":true,"campfire_choices":[{"data":"Cloak And Dagger","floor":7.0,"key":"SMITH"},{"data":"Footwork","floor":15.0,"key":"SMITH"},{"floor":23.0,"key":"REST"},{"floor":25.0,"key":"REST"},{"data":"Noxious Fumes","floor":28.0,"key":"SMITH"},{"floor":32.0,"key":"REST"},{"floor":42,"key":"REST"},{"floor":49,"key":"REST"}],"neow_cost":"NO_GOLD","seed_source_timestamp":0,"circlet_count":0,"master_deck":["Defend_G","Defend_G","Defend_G","Defend_G","Defend_G","Strike_G","Survivor","Neutralize","Poisoned Stab+1","Deflect","Choke","Backflip","Dash","Escape Plan","Cloak And Dagger+1","Crippling Poison","Deflect","PiercingWail","Footwork+1","Burst","Footwork+1","Deadly Poison","Deflect+1","Noxious Fumes+1","Cloak And Dagger","Well Laid Plans+1","After Image","Crippling Poison","Cloak And Dagger","Cloak And Dagger+1","Noxious Fumes","Tools of the Trade","Deadly Poison+1","Die Die Die","Cloak And Dagger+1","Poisoned Stab+1","Cloak And Dagger+1","Envenom","Reflex+1","Catalyst","Blade Dance+1"],"special_seed":0,"relics":["Ring of the Snake","Prayer Wheel","Kunai","Meat on the Bone","Mummified Hand","The Specimen","Golden Idol","WristBlade","Nilry\u0027s Codex","Bag of Marbles","Smiling Mask","Vajra","Juzu Bracelet","Dream Catcher","Busted Crown","Pocketwatch","DollysMirror","Bottled Flame","Question Card","Anchor","Sundial"],"potions_floor_usage":[40,50,50,50],"damage_taken":[{"damage":3.0,"enemies":"Cultist","floor":1.0,"turns":6.0},{"damage":0.0,"enemies":"Small Slimes","floor":2.0,"turns":4.0},{"damage":0.0,"enemies":"2 Louse","floor":4.0,"turns":2.0},{"damage":2.0,"enemies":"Lagavulin","floor":6.0,"turns":5.0},{"damage":0.0,"enemies":"2 Fungi Beasts","floor":8.0,"turns":3.0},{"damage":17.0,"enemies":"3 Sentries","floor":10.0,"turns":9.0},{"damage":3.0,"enemies":"Blue Slaver","floor":13.0,"turns":3.0},{"damage":22.0,"enemies":"Slime Boss","floor":16.0,"turns":11.0},{"damage":6.0,"enemies":"2 Thieves","floor":18.0,"turns":4.0},{"damage":21.0,"enemies":"Chosen","floor":20.0,"turns":6.0},{"damage":5.0,"enemies":"Slavers","floor":24.0,"turns":6.0},{"damage":4.0,"enemies":"Gremlin Leader","floor":27.0,"turns":6.0},{"damage":0.0,"enemies":"Shelled Parasite and Fungi","floor":29.0,"turns":5.0},{"damage":8.0,"enemies":"Snake Plant","floor":30.0,"turns":6.0},{"damage":9.0,"enemies":"Book of Stabbing","floor":31.0,"turns":8.0},{"damage":11.0,"enemies":"Collector","floor":33.0,"turns":7.0},{"damage":0,"enemies":"Orb Walker","floor":35,"turns":3},{"damage":15,"enemies":"Mind Bloom Boss Battle","floor":36,"turns":7},{"damage":0,"enemies":"3 Shapes","floor":37,"turns":4},{"damage":0,"enemies":"Transient","floor":39,"turns":5},{"damage":9,"enemies":"Giant Head","floor":40,"turns":8},{"damage":0,"enemies":"4 Shapes","floor":41,"turns":4},{"damage":7,"enemies":"Maw","floor":44,"turns":7},{"damage":15,"enemies":"Reptomancer","floor":45,"turns":5},{"damage":0,"enemies":"Nemesis","floor":48,"turns":7},{"damage":21,"enemies":"Donu and Deca","floor":50,"turns":7}],"seed_played":"-4211476700279750306","potions_obtained":[{"floor":1.0,"key":"PowerPotion"},{"floor":13.0,"key":"Fire Potion"},{"floor":18.0,"key":"PowerPotion"},{"floor":24.0,"key":"SkillPotion"},{"floor":30.0,"key":"Energy Potion"},{"floor":31.0,"key":"Regen Potion"},{"floor":33.0,"key":"SmokeBomb"},{"floor":40,"key":"Dexterity Potion"}],"is_trial":false,"path_per_floor":["M","M","?","M","?","E","R","M","T","E","?","?","M","?","R","B",null,"M","?","M","?","$","R","E","R","T","E","R","M","M","E","R","B",null,"M","?","M","$","M","E","M","R","T","M","E","?","$","E","R","B",null],"character_chosen":"THE_SILENT","items_purchased":["Noxious Fumes","Bag of Marbles","Cloak And Dagger","DollysMirror","Envenom","Swift Potion","Swift Potion"],"campfire_rested":5,"item_purchase_floors":[22,22,22,38,38,38,47],"current_hp_per_floor":[60,60,53,53,53,51,51,51,51,46,46,35,44,44,44,34,57,51,51,42,26,26,45,40,59,59,55,55,55,47,38,57,46,60,60,45,45,45,45,36,36,55,55,48,33,33,33,33,52,43],"gold":96,"neow_bonus":"ONE_RARE_RELIC","is_prod":false,"is_daily":false,"chose_seed":false,"campfire_upgraded":3,"win_rate":0,"timestamp":1551222984,"path_taken":["M","M","?","M","?","E","R","M","T","E","?","?","M","?","R","BOSS","M","?","M","?","$","R","E","R","T","E","R","M","M","E","R","BOSS","M","?","M","$","M","E","M","R","T","M","E","?","$","E","R","BOSS"],"build_version":"2019-01-23","purchased_purges":3,"victory":true,"max_hp_per_floor":[70,70,70,70,70,70,70,70,70,70,70,70,70,65,65,65,65,65,65,65,65,65,65,65,65,65,65,65,65,65,65,65,65,65,65,65,65,65,65,65,65,65,65,65,65,65,65,65,65,65],"card_choices":[{"not_picked":["Distraction","Backflip"],"picked":"Poisoned Stab","floor":1.0},{"not_picked":["Slice","Dodge and Roll"],"picked":"Deflect","floor":1.0},{"not_picked":["Prepared","Distraction"],"picked":"Choke","floor":2.0},{"not_picked":["Bane","Underhanded Strike"],"picked":"Backflip","floor":2.0},{"not_picked":["Doppelganger","PiercingWail"],"picked":"Dash","floor":4.0},{"not_picked":["Bane","Setup"],"picked":"Escape Plan","floor":4.0},{"not_picked":["Concentrate","Underhanded Strike"],"picked":"Cloak And Dagger","floor":6.0},{"not_picked":["Deflect","Dagger Throw"],"picked":"Crippling Poison","floor":8.0},{"not_picked":["Skewer","Underhanded Strike"],"picked":"Deflect","floor":8.0},{"not_picked":["Sucker Punch","Deflect"],"picked":"PiercingWail","floor":10.0},{"not_picked":["Dodge and Roll","Dagger Spray"],"picked":"Footwork","floor":13.0},{"not_picked":["Finisher","Quick Slash","Deflect"],"picked":"SKIP","floor":13.0},{"not_picked":["Phantasmal Killer","Wraith Form v2"],"picked":"Burst","floor":16.0},{"not_picked":["Dash","Catalyst+1"],"picked":"Footwork+1","floor":18.0},{"not_picked":["Underhanded Strike","Flying Knee+1"],"picked":"Deadly Poison","floor":18.0},{"not_picked":["Riddle With Holes+1","Setup"],"picked":"Deflect+1","floor":20.0},{"not_picked":["Bane","Flying Knee","Concentrate"],"picked":"SKIP","floor":20.0},{"not_picked":["Quick Slash","Acrobatics"],"picked":"Well Laid Plans+1","floor":24.0},{"not_picked":["All Out Attack","Slice+1"],"picked":"After Image","floor":27.0},{"not_picked":["Prepared","Flying Knee"],"picked":"Crippling Poison","floor":29.0},{"not_picked":["Underhanded Strike+1","Poisoned Stab+1"],"picked":"Cloak And Dagger","floor":29.0},{"not_picked":["Calculated Gamble+1","Dodge and Roll"],"picked":"Cloak And Dagger+1","floor":30.0},{"not_picked":["Phantasmal Killer","Skewer"],"picked":"Noxious Fumes","floor":30.0},{"not_picked":["Bane","Escape Plan"],"picked":"Tools of the Trade","floor":31.0},{"not_picked":["Underhanded Strike","Deflect"],"picked":"Deadly Poison+1","floor":32.0},{"not_picked":["Venomology","Phantasmal Killer"],"picked":"Die Die Die","floor":33.0},{"not_picked":[],"picked":"Cloak And Dagger+1","floor":35},{"not_picked":[],"picked":"Poisoned Stab+1","floor":35},{"not_picked":["Dagger Throw+1"],"picked":"SKIP","floor":37},{"not_picked":["Outmaneuver"],"picked":"SKIP","floor":37},{"not_picked":["Poisoned Stab"],"picked":"SKIP","floor":39},{"not_picked":["Slice+1"],"picked":"SKIP","floor":39},{"not_picked":["Underhanded Strike+1"],"picked":"SKIP","floor":40},{"not_picked":["Setup"],"picked":"SKIP","floor":41},{"not_picked":["Setup"],"picked":"SKIP","floor":41},{"not_picked":["Prepared+1"],"picked":"Reflex+1","floor":44},{"not_picked":["Outmaneuver"],"picked":"Catalyst","floor":44},{"not_picked":["Malaise"],"picked":"Blade Dance+1","floor":45},{"not_picked":["Deadly Poison+1","Reflex+1"],"picked":"SKIP","floor":48}],"player_experience":142218,"relics_obtained":[{"floor":6.0,"key":"Kunai"},{"floor":9.0,"key":"Meat on the Bone"},{"floor":10.0,"key":"Mummified Hand"},{"floor":21.0,"key":"Nilry\u0027s Codex"},{"floor":24.0,"key":"Smiling Mask"},{"floor":26.0,"key":"Vajra"},{"floor":27.0,"key":"Juzu Bracelet"},{"floor":31.0,"key":"Dream Catcher"},{"floor":36,"key":"Pocketwatch"},{"floor":40,"key":"Bottled Flame"},{"floor":43,"key":"Question Card"},{"floor":45,"key":"Anchor"},{"floor":48,"key":"Sundial"}],"event_choices":[{"cards_removed":["Strike_G"],"damage_healed":0.0,"max_hp_gain":0.0,"max_hp_loss":0.0,"gold_gain":0.0,"event_name":"Golden Wing","player_choice":"Card Removal","floor":3.0,"gold_loss":0.0,"damage_taken":7.0},{"damage_healed":0.0,"max_hp_gain":0.0,"max_hp_loss":0.0,"gold_gain":0.0,"event_name":"Living Wall","player_choice":"Grow","floor":5.0,"gold_loss":0.0,"damage_taken":0.0,"cards_upgraded":["Poisoned Stab"]},{"damage_healed":0.0,"max_hp_gain":0.0,"max_hp_loss":0.0,"gold_gain":30.0,"event_name":"Dead Adventurer","player_choice":"Searched \u00272\u0027 times","floor":11.0,"gold_loss":0.0,"damage_taken":0.0,"relics_obtained":["The Specimen"]},{"damage_healed":0.0,"max_hp_gain":0.0,"max_hp_loss":0.0,"gold_gain":75.0,"event_name":"World of Goop","player_choice":"Gather Gold","floor":12.0,"gold_loss":0.0,"damage_taken":11.0},{"damage_healed":0.0,"max_hp_gain":0.0,"max_hp_loss":5.0,"gold_gain":0.0,"event_name":"Golden Idol","player_choice":"Lose Max HP","floor":14.0,"gold_loss":0.0,"damage_taken":0.0,"relics_obtained":["Golden Idol"]},{"damage_healed":0.0,"max_hp_gain":0.0,"max_hp_loss":0.0,"gold_gain":0.0,"event_name":"Vampires","player_choice":"Ignored","floor":19.0,"gold_loss":0.0,"damage_taken":0.0},{"damage_healed":0.0,"max_hp_gain":0.0,"max_hp_loss":0.0,"gold_gain":0.0,"event_name":"Cursed Tome","player_choice":"Obtained Book","floor":21.0,"gold_loss":0.0,"damage_taken":16.0},{"damage_healed":0,"gold_gain":0,"player_choice":"Fight","damage_taken":0,"max_hp_gain":0,"max_hp_loss":0,"event_name":"MindBloom","floor":36,"gold_loss":0},{"damage_healed":0,"gold_gain":0,"player_choice":"Memory 1","damage_taken":0,"max_hp_gain":0,"max_hp_loss":0,"event_name":"SensoryStone","floor":46,"gold_loss":0}],"is_beta":false,"boss_relics":[{"not_picked":["Calling Bell","White Beast Statue"],"picked":"WristBlade"},{"not_picked":["Tiny House","Philosopher\u0027s Stone"],"picked":"Busted Crown"}],"items_purged_floors":[22,38,47],"is_endless":false,"potions_floor_spawned":[1,13,18,24,30,31,33,40,41],"ascension_level":9}