{"gold_per_floor":[112,112,124,143,158,158,17,17,17,17,50,50,77,91,91,168,168,179,179,97,97,112,112,112,130,178,178,178,178],"floor_reached":29,"playtime":925,"items_purged":[],"score":462,"play_id":"7a8a9cb4-e396-48da-8354-a2aba35cacec","local_time":"20181016160359","is_ascension_mode":true,"campfire_choices":[{"data":"Streamline","floor":6.0,"key":"SMITH"},{"floor":10.0,"key":"REST"},{"floor":12.0,"key":"REST"},{"data":"Loop","floor":15.0,"key":"SMITH"},{"floor":23.0,"key":"REST"}],"neow_cost":"NONE","seed_source_timestamp":516590599938469,"circlet_count":0,"master_deck":["Strike_B","Strike_B","Strike_B","Defend_B","Defend_B","Defend_B","Defend_B","Zap","Dualcast","AscendersBane","Streamline+1","Go for the Eyes","Steam","Rebound","Coolheaded","Loop+1","Electrodynamics","Go for the Eyes","Rebound","Seek","Sunder","Conserve Battery","Cold Snap","Static Discharge+1","Conserve Battery","Decay"],"special_seed":0,"relics":["Cracked Core","Blood Vial","Dodecahedron","Meat on the Bone","Runic Pyramid","Nilry\u0027s Codex","Art of War"],"potions_floor_usage":[],"damage_taken":[{"damage":3.0,"enemies":"2 Louse","floor":1.0,"turns":3.0},{"damage":2.0,"enemies":"Jaw Worm","floor":3.0,"turns":3.0},{"damage":4.0,"enemies":"Small Slimes","floor":4.0,"turns":3.0},{"damage":28.0,"enemies":"Exordium Thugs","floor":5.0,"turns":5.0},{"damage":38.0,"enemies":"Gremlin Nob","floor":11.0,"turns":4.0},{"damage":24.0,"enemies":"Lagavulin","floor":13.0,"turns":6.0},{"damage":7.0,"enemies":"Exordium Wildlife","floor":14.0,"turns":2.0},{"damage":21.0,"enemies":"Slime Boss","floor":16.0,"turns":7.0},{"damage":18.0,"enemies":"3 Byrds","floor":18.0,"turns":4.0},{"damage":38.0,"enemies":"Shell Parasite","floor":22.0,"turns":5.0},{"damage":34,"enemies":"Chosen and Byrds","floor":25,"turns":5},{"damage":26,"enemies":"Snake Plant","floor":29,"turns":2}],"seed_played":"-3209205582867141920","potions_obtained":[{"floor":3.0,"key":"EssenceOfSteel"},{"floor":4.0,"key":"Strength Potion"},{"floor":11.0,"key":"Poison Potion"},{"floor":14.0,"key":"SneckoOil"},{"floor":25,"key":"SneckoOil"}],"is_trial":false,"path_per_floor":["M","?","M","M","M","R","$","?","T","R","E","R","E","M","R","B",null,"M","?","$","?","M","R","?","M","T","?","$"],"character_chosen":"DEFECT","items_purchased":["Coolheaded","Loop","Conserve Battery","Cold Snap"],"campfire_rested":3,"item_purchase_floors":[7,7,20,20],"current_hp_per_floor":[61,66,64,60,32,32,32,32,32,54,18,40,18,25,25,18,62,46,61,61,40,16,38,38,18,18,18,18,0],"gold":178,"neow_bonus":"REMOVE_CARD","is_prod":false,"is_daily":false,"chose_seed":false,"campfire_upgraded":2,"win_rate":0,"timestamp":1539731039,"path_taken":["M","?","M","M","M","R","$","?","T","R","E","R","E","M","R","BOSS","M","?","$","?","M","R","?","?","T","?","?","M"],"build_version":"2018-10-15v2","purchased_purges":0,"victory":false,"max_hp_per_floor":[71,76,76,76,76,76,76,76,76,76,76,76,76,76,76,76,76,76,76,76,76,76,76,76,76,76,76,76,76],"card_choices":[{"not_picked":["Stack","Static Discharge"],"picked":"Streamline","floor":1.0},{"not_picked":["Static Discharge","Recycle"],"picked":"Go for the Eyes","floor":3.0},{"not_picked":["Turbo","Redo"],"picked":"Steam","floor":4.0},{"not_picked":["Storm","Doom and Gloom"],"picked":"Rebound","floor":5.0},{"not_picked":["Hologram","Barrage"],"picked":"Electrodynamics","floor":11.0},{"not_picked":["Reprogram","Chaos"],"picked":"Go for the Eyes","floor":13.0},{"not_picked":["Tempest","Redo"],"picked":"Rebound","floor":14.0},{"not_picked":["Core Surge","All For One"],"picked":"Seek","floor":16.0},{"not_picked":["Turbo","Redo"],"picked":"Sunder","floor":18.0},{"not_picked":["Lockon","Recycle"],"picked":"Static Discharge+1","floor":22.0},{"not_picked":["Stack","Streamline"],"picked":"Conserve Battery","floor":25}],"player_experience":2559895,"relics_obtained":[{"floor":9.0,"key":"Blood Vial"},{"floor":11.0,"key":"Dodecahedron"},{"floor":13.0,"key":"Meat on the Bone"},{"floor":21.0,"key":"Nilry\u0027s Codex"},{"floor":26,"key":"Art of War"}],"event_choices":[{"event_name":"Big Fish","player_choice":"Donut","floor":2.0,"damage_taken":0.0},{"event_name":"The Cleric","player_choice":"Leave","floor":8.0,"damage_taken":0.0},{"event_name":"The Library","player_choice":"Heal","floor":19.0,"damage_taken":0.0},{"event_name":"Cursed Tome","player_choice":"Obtained Book","floor":21.0,"damage_taken":0.0},{"event_name":"FaceTrader","player_choice":"Leave","floor":24,"damage_taken":0},{"event_name":"Forgotten Altar","player_choice":"Smashed Altar","floor":27,"damage_taken":0}],"is_beta":true,"boss_relics":[{"not_picked":["Pandora\u0027s Box","Coffee Dripper"],"picked":"Runic Pyramid"}],"items_purged_floors":[],"is_endless":false,"potions_floor_spawned":[3,4,11,14,25],"killed_by":"Snake Plant","ascension_level":20}