{"gold_per_floor":[112,112,112,126,76,76,120,120,120,154,229,404,404,425,425,550,550,571,571,142,102,116,116],"floor_reached":23,"playtime":1037,"items_purged":["Strike_R"],"score":264,"play_id":"de0d7158-46f6-40dc-9dd0-5d5f56cd73a2","local_time":"20190818180541","is_ascension_mode":true,"campfire_choices":[{"data":"True Grit","floor":6,"key":"SMITH"},{"data":"Ghostly Armor","floor":8,"key":"SMITH"},{"floor":15,"key":"REST"}],"neow_cost":"NONE","seed_source_timestamp":27290173724810,"circlet_count":0,"master_deck":["Strike_R","Strike_R","Strike_R","Defend_R","Defend_R","Defend_R","Defend_R","Bash+1","Sentinel","True Grit+1","Ghostly Armor+1","Barricade","Spot Weakness","Juggernaut","Havoc","Headbutt","Feed","Apotheosis"],"relics":["Burning Blood","NeowsBlessing","Golden Idol","Turnip","Omamori","Darkstone Periapt","Shuriken","Orrery","Frozen Eye"],"potions_floor_usage":[10,22,23],"damage_taken":[{"damage":0,"enemies":"Jaw Worm","floor":1,"turns":1},{"damage":0,"enemies":"2 Louse","floor":4,"turns":1},{"damage":0,"enemies":"Gremlin Nob","floor":7,"turns":1},{"damage":51,"enemies":"Lagavulin","floor":10,"turns":11},{"damage":0,"enemies":"Small Slimes","floor":14,"turns":4},{"damage":17,"enemies":"The Guardian","floor":16,"turns":20},{"damage":79,"enemies":"3 Byrds","floor":18,"turns":7},{"damage":15,"enemies":"Shell Parasite","floor":22,"turns":11},{"damage":7,"enemies":"Slavers","floor":23,"turns":2}],"seed_played":"-2068323278685274711","potions_obtained":[{"floor":1,"key":"Swift Potion"},{"floor":21,"key":"FairyPotion"},{"floor":21,"key":"Fruit Juice"},{"floor":21,"key":"Swift Potion"}],"is_trial":false,"path_per_floor":["M","?","?","M","?","R","E","R","T","E","?","?","T","M","R","B",null,"M","?","$","?","M","E"],"character_chosen":"IRONCLAD","items_purchased":["Frozen Eye","Apotheosis"],"campfire_rested":1,"item_purchase_floors":[20,20],"current_hp_per_floor":[80,60,60,66,66,66,72,72,72,27,16,16,16,22,46,35,80,7,7,7,7,18,11],"gold":116,"neow_bonus":"THREE_ENEMY_KILL","is_prod":false,"is_daily":false,"chose_seed":false,"campfire_upgraded":2,"win_rate":0,"timestamp":1566119141,"path_taken":["M","?","?","M","?","R","E","R","T","E","?","?","?","?","R","BOSS","M","?","$","?","?","E"],"build_version":"2019-07-17","purchased_purges":1,"victory":false,"max_hp_per_floor":[80,80,80,80,80,80,80,80,80,80,80,80,80,80,80,80,80,80,80,80,80,89,89],"card_choices":[{"not_picked":["Thunderclap","Headbutt"],"picked":"Sentinel","floor":1},{"not_picked":["Flex","Clothesline"],"picked":"True Grit","floor":4},{"not_picked":["Pommel Strike","Armaments"],"picked":"Ghostly Armor","floor":7},{"not_picked":["Sword Boomerang","Anger"],"picked":"Barricade","floor":10},{"not_picked":["Twin Strike","Pommel Strike"],"picked":"Spot Weakness","floor":14},{"not_picked":["Reaper","Demon Form"],"picked":"Juggernaut","floor":16},{"not_picked":["Clothesline","Twin Strike"],"picked":"Havoc","floor":17},{"not_picked":["Pommel Strike","Intimidate"],"picked":"Headbutt","floor":17},{"not_picked":["Ghostly Armor","Warcry"],"picked":"Feed","floor":18},{"not_picked":["Perfected Strike+1","Sentinel","Clash"],"picked":"SKIP","floor":22}],"player_experience":182847,"relics_obtained":[{"floor":7,"key":"Turnip"},{"floor":9,"key":"Omamori"},{"floor":10,"key":"Darkstone Periapt"},{"floor":13,"key":"Shuriken"}],"event_choices":[{"damage_healed":0,"gold_gain":0,"player_choice":"Take Damage","damage_taken":20,"relics_obtained":["Golden Idol"],"max_hp_gain":0,"max_hp_loss":0,"event_name":"Golden Idol","floor":2,"gold_loss":0},{"damage_healed":0,"gold_gain":0,"player_choice":"Grow","damage_taken":0,"max_hp_gain":0,"max_hp_loss":0,"event_name":"Living Wall","floor":3,"gold_loss":0,"cards_upgraded":["Bash"]},{"cards_removed":["Strike_R"],"damage_healed":0,"gold_gain":0,"player_choice":"Card Removal","damage_taken":0,"max_hp_gain":0,"max_hp_loss":0,"event_name":"The Cleric","floor":5,"gold_loss":50},{"damage_healed":0,"gold_gain":75,"player_choice":"Gather Gold","damage_taken":11,"max_hp_gain":0,"max_hp_loss":0,"event_name":"World of Goop","floor":11,"gold_loss":0},{"damage_healed":0,"gold_gain":175,"player_choice":"AGREE","damage_taken":0,"max_hp_gain":0,"max_hp_loss":0,"event_name":"Liars Game","floor":12,"gold_loss":0,"cards_obtained":["Doubt"]},{"damage_healed":0,"gold_gain":0,"player_choice":"Ignored","damage_taken":0,"max_hp_gain":0,"max_hp_loss":0,"event_name":"Vampires","floor":19,"gold_loss":0},{"damage_healed":0,"gold_gain":0,"player_choice":"Bought 3 Potions","damage_taken":0,"max_hp_gain":0,"max_hp_loss":0,"event_name":"The Woman in Blue","floor":21,"gold_loss":0}],"is_beta":false,"boss_relics":[{"not_picked":["Pandora\u0027s Box","Runic Dome"],"picked":"Orrery"}],"items_purged_floors":[20],"is_endless":false,"potions_floor_spawned":[1],"killed_by":"Slavers","ascension_level":4}