{"gold_per_floor":[119,5,5,5,24,55,55,86,112,112,112,132,19,50,50,147,147,167,167,12,12,0,0,13,46,100,100,100],"floor_reached":28,"playtime":765,"items_purged":["Strike_R"],"score":426,"play_id":"7d46de72-d028-4402-bf8e-361016fa799b","local_time":"20190304163353","is_ascension_mode":true,"campfire_choices":[{"data":"Disarm","floor":10,"key":"SMITH"},{"data":"Uppercut","floor":15,"key":"SMITH"},{"data":"Barricade","floor":23,"key":"SMITH"}],"neow_cost":"NONE","seed_source_timestamp":1167569735810651,"circlet_count":0,"master_deck":["AscendersBane","Bash","Spot Weakness","Disarm+1","Twin Strike","Ghostly Armor","Disarm","Body Slam","Uppercut+1","Evolve","Shrug It Off","Barricade+1","Offering","Entrench","Feel No Pain","Clothesline","Entrench","Sever Soul","Sword Boomerang","Anger","Power Through","Iron Wave"],"relics":["Burning Blood","NeowsBlessing","War Paint","Ancient Tea Set","Boot","Gambling Chip","Potion Belt","Pandora\u0027s Box","Anchor","Shuriken","Happy Flower","Omamori"],"potions_floor_usage":[8,12,18,25,28],"damage_taken":[{"damage":0,"enemies":"Jaw Worm","floor":1,"turns":1},{"damage":0,"enemies":"Small Slimes","floor":5,"turns":1},{"damage":0,"enemies":"3 Sentries","floor":6,"turns":2},{"damage":37,"enemies":"Gremlin Nob","floor":8,"turns":5},{"damage":0,"enemies":"2 Louse","floor":12,"turns":3},{"damage":20,"enemies":"3 Sentries","floor":14,"turns":10},{"damage":15,"enemies":"Hexaghost","floor":16,"turns":11},{"damage":21,"enemies":"Shell Parasite","floor":18,"turns":10},{"damage":6,"enemies":"Spheric Guardian","floor":24,"turns":7},{"damage":46,"enemies":"Slavers","floor":25,"turns":9},{"damage":17,"enemies":"3 Cultists","floor":28,"turns":5}],"seed_played":"-1240789878317928099","potions_obtained":[{"floor":1,"key":"Energy Potion"},{"floor":8,"key":"BloodPotion"},{"floor":16,"key":"SkillPotion"},{"floor":18,"key":"Strength Potion"},{"floor":24,"key":"PowerPotion"}],"is_trial":false,"path_per_floor":["M","$","?","?","M","E","?","E","T","R","?","M","$","E","R","B",null,"M","?","$","?","?","R","M","E","T","?","M"],"character_chosen":"IRONCLAD","items_purchased":["Disarm","Uppercut","Evolve","Anchor"],"campfire_rested":0,"item_purchase_floors":[2,13,13,20],"current_hp_per_floor":[78,78,62,67,73,79,79,48,48,48,41,55,55,41,41,32,72,57,57,57,57,57,57,57,17,17,17,0],"gold":100,"neow_bonus":"THREE_ENEMY_KILL","is_prod":false,"is_daily":false,"chose_seed":false,"campfire_upgraded":3,"win_rate":0,"timestamp":1551735233,"path_taken":["M","$","?","?","M","E","?","E","T","R","?","M","$","E","R","BOSS","M","?","$","?","?","R","M","E","T","?","?"],"build_version":"2019-01-23","purchased_purges":1,"victory":false,"max_hp_per_floor":[80,80,80,85,85,85,85,85,85,85,85,85,85,85,85,85,85,85,85,85,85,85,85,85,85,85,85,85],"card_choices":[{"not_picked":["Pommel Strike","Entrench"],"picked":"Spot Weakness","floor":1},{"not_picked":["Sever Soul","Warcry"],"picked":"Twin Strike","floor":5},{"not_picked":["Dark Embrace","Perfected Strike"],"picked":"Ghostly Armor","floor":6},{"not_picked":["Sever Soul","Armaments"],"picked":"Disarm","floor":8},{"not_picked":["Warcry","Perfected Strike"],"picked":"Body Slam","floor":12},{"not_picked":["Hemokinesis","Anger"],"picked":"Shrug It Off","floor":14},{"not_picked":["Juggernaut","Feed"],"picked":"Barricade","floor":16},{"not_picked":["Fire Breathing+1","Sword Boomerang","Hemokinesis"],"picked":"SKIP","floor":18},{"not_picked":["Fire Breathing+1","Hemokinesis"],"picked":"Sword Boomerang","floor":18},{"not_picked":["Havoc","Headbutt","Clothesline"],"picked":"SKIP","floor":24},{"not_picked":["Blood for Blood","Cleave"],"picked":"Iron Wave","floor":25}],"player_experience":172404,"relics_obtained":[{"floor":6,"key":"War Paint"},{"floor":8,"key":"Ancient Tea Set"},{"floor":9,"key":"Boot"},{"floor":14,"key":"Potion Belt"},{"floor":25,"key":"Happy Flower"},{"floor":26,"key":"Omamori"}],"event_choices":[{"damage_healed":0,"gold_gain":0,"player_choice":"Entered Light","damage_taken":16,"max_hp_gain":0,"max_hp_loss":0,"event_name":"Shining Light","floor":3,"gold_loss":0,"cards_upgraded":["Strike_R","Defend_R"]},{"damage_healed":0,"gold_gain":0,"player_choice":"Donut","damage_taken":0,"max_hp_gain":5,"max_hp_loss":0,"event_name":"Big Fish","floor":4,"gold_loss":0},{"damage_healed":0,"gold_gain":0,"player_choice":"Ignored","damage_taken":0,"max_hp_gain":0,"max_hp_loss":0,"event_name":"Liars Game","floor":7,"gold_loss":0},{"damage_healed":0,"gold_gain":0,"player_choice":"Success","damage_taken":7,"relics_obtained":["Gambling Chip"],"max_hp_gain":0,"max_hp_loss":0,"event_name":"Scrap Ooze","floor":11,"gold_loss":0},{"damage_healed":0,"gold_gain":0,"cards_transformed":["Bloodletting","Reckless Charge"],"player_choice":"Became Test Subject","damage_taken":0,"max_hp_gain":0,"max_hp_loss":0,"event_name":"Drug Dealer","floor":19,"gold_loss":0,"cards_obtained":["Anger","Power Through"]},{"damage_healed":0,"gold_gain":0,"player_choice":"Stole Relic","damage_taken":0,"relics_obtained":["Shuriken"],"max_hp_gain":0,"max_hp_loss":0,"event_name":"Addict","floor":21,"gold_loss":0,"cards_obtained":["Shame"]},{"damage_healed":0,"gold_gain":0,"player_choice":"Paid Fearfully","damage_taken":0,"max_hp_gain":0,"max_hp_loss":0,"event_name":"Masked Bandits","floor":22,"gold_loss":12},{"cards_removed":["Shame"],"damage_healed":0,"gold_gain":0,"player_choice":"Purged","damage_taken":0,"max_hp_gain":0,"max_hp_loss":0,"event_name":"Purifier","floor":27,"gold_loss":0}],"is_beta":false,"boss_relics":[{"not_picked":["Astrolabe","Runic Cube"],"picked":"Pandora\u0027s Box"}],"items_purged_floors":[2],"is_endless":false,"potions_floor_spawned":[1,8,16,18,24],"killed_by":"3 Cultists","ascension_level":11}