{"gold_per_floor":[19,19,32,52,65,96,96,111,111,111,124,124,124,157,157,232,232,250,264,278,278,278,278],"floor_reached":23,"playtime":1199,"items_purged":[],"score":396,"play_id":"a30c0f9f-42a7-44f2-b43f-f1f692e0e647","local_time":"20190515223331","is_ascension_mode":true,"campfire_choices":[{"data":"Cloak And Dagger","floor":7,"key":"SMITH"},{"data":"Footwork","floor":10,"key":"SMITH"},{"data":"Infinite Blades","floor":13,"key":"SMITH"},{"data":"Crippling Poison","floor":15,"key":"SMITH"}],"neow_cost":"NO_GOLD","seed_source_timestamp":443459060814773,"circlet_count":0,"master_deck":["AscendersBane","Defend_G+1","Defend_G+1","Defend_G+1","Defend_G+1","Defend_G+1","Survivor","Neutralize","Poisoned Stab","Heel Hook","Infinite Blades+1","Cloak And Dagger+1","Dagger Spray","Calculated Gamble","Footwork+1","PiercingWail","Crippling Poison+1","Burst","Tactician+1","Tools of the Trade+1","Poisoned Stab+1","Backflip","Flying Knee","Dodge and Roll"],"relics":["Ring of the Snake","Dead Branch","Dream Catcher","Bag of Marbles","Bottled Lightning","Astrolabe"],"potions_floor_usage":[14,23],"damage_taken":[{"damage":2,"enemies":"Jaw Worm","floor":1,"turns":6},{"damage":2,"enemies":"Cultist","floor":3,"turns":4},{"damage":1,"enemies":"Small Slimes","floor":4,"turns":4},{"damage":1,"enemies":"3 Louse","floor":5,"turns":5},{"damage":21,"enemies":"Lagavulin","floor":6,"turns":8},{"damage":0,"enemies":"Exordium Wildlife","floor":8,"turns":2},{"damage":0,"enemies":"Looter","floor":11,"turns":3},{"damage":7,"enemies":"3 Sentries","floor":14,"turns":8},{"damage":28,"enemies":"Slime Boss","floor":16,"turns":10},{"damage":17,"enemies":"Shell Parasite","floor":18,"turns":4},{"damage":16,"enemies":"2 Thieves","floor":19,"turns":3},{"damage":4,"enemies":"Snecko","floor":20,"turns":4},{"damage":19,"enemies":"Book of Stabbing","floor":23,"turns":5}],"seed_played":"1469766710342448229","potions_obtained":[{"floor":1,"key":"Ancient Potion"},{"floor":6,"key":"SkillPotion"},{"floor":8,"key":"SteroidPotion"},{"floor":11,"key":"Regen Potion"},{"floor":14,"key":"GhostInAJar"}],"is_trial":false,"path_per_floor":["M","?","M","M","M","E","R","M","T","R","M","?","R","E","R","B",null,"M","M","M","?","?","E"],"character_chosen":"THE_SILENT","items_purchased":[],"campfire_rested":0,"item_purchase_floors":[],"current_hp_per_floor":[57,57,55,54,53,32,32,32,32,32,32,32,32,40,40,12,53,36,20,16,16,16,0],"gold":278,"neow_bonus":"TRANSFORM_TWO_CARDS","is_prod":false,"is_daily":false,"chose_seed":false,"campfire_upgraded":4,"win_rate":0,"timestamp":1557974011,"path_taken":["M","?","M","?","M","E","R","M","T","R","M","?","R","E","R","BOSS","M","M","M","?","?","E"],"build_version":"2019-01-23","purchased_purges":0,"victory":false,"max_hp_per_floor":[66,66,66,66,66,66,66,66,66,66,66,66,66,66,66,66,66,66,66,66,66,66,66],"card_choices":[{"not_picked":["Concentrate","Dagger Throw"],"picked":"Caltrops","floor":1},{"not_picked":["Expertise","PiercingWail"],"picked":"Infinite Blades","floor":3},{"not_picked":["Deflect","Outmaneuver"],"picked":"Cloak And Dagger","floor":4},{"not_picked":["Eviscerate","Expertise"],"picked":"Dagger Spray","floor":5},{"not_picked":["Flying Knee","Blade Dance"],"picked":"Calculated Gamble","floor":6},{"not_picked":["Bullet Time","Bane"],"picked":"Footwork","floor":8},{"not_picked":["Cloak And Dagger","Quick Slash"],"picked":"PiercingWail","floor":11},{"not_picked":["Quick Slash","Reflex"],"picked":"Crippling Poison","floor":14},{"not_picked":["Venomology","Unload"],"picked":"Burst","floor":16},{"not_picked":["Dagger Spray","PiercingWail"],"picked":"Backflip","floor":18},{"not_picked":["Poisoned Stab","Skewer"],"picked":"Flying Knee","floor":19},{"not_picked":["Flying Knee","Poisoned Stab"],"picked":"Dodge and Roll","floor":20}],"player_experience":370398,"relics_obtained":[{"floor":6,"key":"Dream Catcher"},{"floor":9,"key":"Bag of Marbles"},{"floor":14,"key":"Bottled Lightning"}],"event_choices":[{"cards_removed":["Caltrops"],"damage_healed":0,"gold_gain":0,"player_choice":"Gave Card","damage_taken":0,"relics_obtained":["Dead Branch"],"max_hp_gain":0,"max_hp_loss":0,"event_name":"WeMeetAgain","floor":2,"gold_loss":0},{"damage_healed":0,"gold_gain":0,"player_choice":"Ignored","damage_taken":0,"max_hp_gain":0,"max_hp_loss":0,"event_name":"Liars Game","floor":12,"gold_loss":0},{"damage_healed":0,"gold_gain":0,"player_choice":"Simplicity","damage_taken":0,"max_hp_gain":0,"max_hp_loss":0,"event_name":"Back to Basics","floor":21,"gold_loss":0,"cards_upgraded":["Defend_G","Defend_G","Defend_G","Defend_G","Defend_G"]},{"damage_healed":0,"gold_gain":0,"player_choice":"Ignored","damage_taken":0,"max_hp_gain":0,"max_hp_loss":0,"event_name":"Vampires","floor":22,"gold_loss":0}],"is_beta":false,"boss_relics":[{"not_picked":["Snecko Eye","Runic Pyramid"],"picked":"Astrolabe"}],"items_purged_floors":[],"is_endless":false,"potions_floor_spawned":[1,6,8,11,14,19],"killed_by":"Book of Stabbing","ascension_level":19}