{"gold_per_floor":[112,37,49,49,69,69,98,98,144,144,144,170,170,170,170,245,245,245,245,209,209,209,209,209,209,209,209,209,209,209,209,209,209,209,209,209,209,209,209,209,209,209,209,209,209,209,209,126,126,126],"floor_reached":51,"playtime":4943,"items_purged":["Pain"],"score":1227,"play_id":"79b91131-9be8-4e61-acbf-363c2e33ea6d","local_time":"20190821233008","is_ascension_mode":true,"campfire_choices":[{"data":"Dagger Spray","floor":6.0,"key":"SMITH"},{"data":"Noxious Fumes","floor":8.0,"key":"SMITH"},{"floor":15.0,"key":"REST"},{"data":"Infinite Blades","floor":24.0,"key":"SMITH"},{"floor":32.0,"key":"REST"},{"floor":40.0,"key":"REST"},{"data":"A Thousand Cuts","floor":42.0,"key":"SMITH"},{"floor":44.0,"key":"REST"},{"floor":49.0,"key":"REST"}],"neow_cost":"CURSE","seed_source_timestamp":504056126761600,"circlet_count":0,"master_deck":["AscendersBane","Defend_G","Defend_G","Defend_G","Defend_G","Defend_G","Survivor","Neutralize+1","Blade Dance+1","Dagger Spray+1","Noxious Fumes+1","Corpse Explosion","Caltrops","Venomology","Blade Dance","Infinite Blades+1","Well Laid Plans","Noxious Fumes+1","Acrobatics+1","Backstab","Backflip","Leg Sweep","A Thousand Cuts+1","Catalyst+1","Phantasmal Killer+1","Terror+1","Good Instincts","Adrenaline","Footwork"],"special_seed":0,"relics":["Ring of the Snake","Dead Branch","Juzu Bracelet","Oddly Smooth Stone","Bag of Preparation","Mercury Hourglass","Ectoplasm","Bottled Lightning","Question Card","Astrolabe","StoneCalendar","Anchor","Centennial Puzzle"],"potions_floor_usage":[50,50],"damage_taken":[{"damage":5.0,"enemies":"2 Louse","floor":1.0,"turns":3.0},{"damage":0.0,"enemies":"Cultist","floor":3.0,"turns":5.0},{"damage":3.0,"enemies":"Jaw Worm","floor":5.0,"turns":5.0},{"damage":20.0,"enemies":"3 Sentries","floor":7.0,"turns":6.0},{"damage":25.0,"enemies":"Lagavulin","floor":12.0,"turns":7.0},{"damage":17.0,"enemies":"The Guardian","floor":16.0,"turns":10.0},{"damage":0.0,"enemies":"3 Byrds","floor":18.0,"turns":2.0},{"damage":0.0,"enemies":"Chosen","floor":19.0,"turns":3.0},{"damage":9.0,"enemies":"Slavers","floor":23.0,"turns":3.0},{"damage":3.0,"enemies":"Centurion and Healer","floor":25.0,"turns":3.0},{"damage":0.0,"enemies":"3 Cultists","floor":31.0,"turns":2.0},{"damage":16.0,"enemies":"Automaton","floor":33.0,"turns":9.0},{"damage":37.0,"enemies":"3 Darklings","floor":35.0,"turns":3.0},{"damage":34.0,"enemies":"2 Orb Walkers","floor":38.0,"turns":3.0},{"damage":30.0,"enemies":"Reptomancer","floor":46.0,"turns":6.0},{"damage":0.0,"enemies":"3 Shapes","floor":47.0,"turns":4.0},{"damage":46,"enemies":"Donu and Deca","floor":50,"turns":7}],"seed_played":"-2216769880733944253","potions_obtained":[{"floor":7.0,"key":"SpeedPotion"},{"floor":12.0,"key":"Dexterity Potion"},{"floor":23.0,"key":"Energy Potion"},{"floor":46.0,"key":"FairyPotion"}],"is_trial":false,"path_per_floor":["M","$","M","?","M","R","E","R","T","?","?","E","?","?","R","B",null,"M","M","$","?","?","E","R","M","T","T","?","?","?","M","R","B",null,"M","?","?","?","?","R","?","R","T","R","?","E","M","$","R","B",null],"character_chosen":"THE_SILENT","items_purchased":["Well Laid Plans","Footwork"],"campfire_rested":5,"item_purchase_floors":[20,48],"current_hp_per_floor":[54,54,54,54,51,51,31,31,31,31,31,6,6,6,25,8,52,52,52,52,46,46,37,37,34,34,34,34,34,34,34,53,37,59,22,54,51,17,17,33,33,33,33,49,49,19,19,19,35,5],"gold":126,"neow_bonus":"ONE_RARE_RELIC","is_prod":false,"is_daily":false,"chose_seed":false,"campfire_upgraded":4,"win_rate":0,"timestamp":1566455408,"path_taken":["M","$","M","?","M","R","E","R","T","?","?","E","?","?","R","BOSS","M","M","$","?","?","E","R","M","T","?","?","?","?","M","R","BOSS","M","?","?","?","?","R","?","R","T","R","?","E","M","$","R","BOSS"],"build_version":"2019-07-17","purchased_purges":1,"victory":true,"max_hp_per_floor":[66,66,66,66,66,66,66,66,66,66,66,66,66,66,66,66,66,66,66,66,66,66,66,66,66,66,66,66,66,66,66,66,66,66,66,54,54,54,54,54,54,54,54,54,54,54,54,54,54,54],"card_choices":[{"not_picked":["Eviscerate","Finisher"],"picked":"PiercingWail","floor":1.0},{"not_picked":["Masterful Stab","Skewer"],"picked":"Blade Dance","floor":3.0},{"not_picked":["Poisoned Stab","Eviscerate"],"picked":"Dagger Spray","floor":5.0},{"not_picked":["Quick Slash","Flying Knee"],"picked":"Noxious Fumes","floor":7.0},{"not_picked":["Calculated Gamble","Flying Knee"],"picked":"Corpse Explosion","floor":12.0},{"not_picked":["Phantasmal Killer","Die Die Die"],"picked":"Venomology","floor":16.0},{"not_picked":["Dagger Spray","Bane"],"picked":"Blade Dance","floor":18.0},{"not_picked":["Acrobatics","Reflex"],"picked":"Infinite Blades","floor":19.0},{"not_picked":["Bane","Deadly Poison"],"picked":"Noxious Fumes+1","floor":23.0},{"not_picked":["Riddle With Holes","Dagger Throw"],"picked":"Acrobatics+1","floor":25.0},{"not_picked":["Quick Slash","Dodge and Roll","Eviscerate"],"picked":"Leg Sweep","floor":31.0},{"not_picked":["Storm of Steel","Adrenaline","Wraith Form v2"],"picked":"A Thousand Cuts","floor":33.0},{"not_picked":["Backflip","Sucker Punch","Blade Dance","Quick Slash"],"picked":"SKIP","floor":35.0},{"not_picked":["Trip","Enlightenment","PanicButton"],"picked":"Good Instincts","floor":41.0},{"not_picked":["Outmaneuver+1","Calculated Gamble+1","Quick Slash"],"picked":"Adrenaline","floor":46.0},{"not_picked":["Sucker Punch+1","Backflip","Poisoned Stab","Reflex+1"],"picked":"SKIP","floor":47.0}],"player_experience":631778,"relics_obtained":[{"floor":7.0,"key":"Oddly Smooth Stone"},{"floor":9.0,"key":"Bag of Preparation"},{"floor":12.0,"key":"Mercury Hourglass"},{"floor":23.0,"key":"Bottled Lightning"},{"floor":27.0,"key":"Question Card"},{"floor":38.0,"key":"StoneCalendar"},{"floor":43.0,"key":"Anchor"},{"floor":46.0,"key":"Centennial Puzzle"}],"event_choices":[{"cards_removed":["PiercingWail"],"damage_healed":0.0,"max_hp_gain":0.0,"max_hp_loss":0.0,"gold_gain":0.0,"event_name":"WeMeetAgain","player_choice":"Gave Card","floor":4.0,"gold_loss":0.0,"damage_taken":0.0,"relics_obtained":["Juzu Bracelet"]},{"damage_healed":0.0,"max_hp_gain":0.0,"max_hp_loss":0.0,"gold_gain":0.0,"event_name":"Upgrade Shrine","player_choice":"Upgraded","floor":10.0,"gold_loss":0.0,"damage_taken":0.0,"cards_upgraded":["Blade Dance"]},{"damage_healed":0.0,"max_hp_gain":0.0,"max_hp_loss":0.0,"gold_gain":0.0,"event_name":"Scrap Ooze","player_choice":"Fled","floor":11.0,"gold_loss":0.0,"damage_taken":0.0},{"damage_healed":0.0,"max_hp_gain":0.0,"max_hp_loss":0.0,"gold_gain":0.0,"event_name":"Accursed Blacksmith","player_choice":"Forge","floor":13.0,"gold_loss":0.0,"damage_taken":0.0,"cards_upgraded":["Neutralize"]},{"damage_healed":0.0,"max_hp_gain":0.0,"max_hp_loss":0.0,"gold_gain":0.0,"cards_transformed":["Strike_G"],"event_name":"Living Wall","player_choice":"Change","floor":14.0,"gold_loss":0.0,"damage_taken":0.0,"cards_obtained":["Caltrops"]},{"damage_healed":0.0,"max_hp_gain":0.0,"max_hp_loss":0.0,"gold_gain":0.0,"event_name":"Knowing Skull","player_choice":"","floor":21.0,"potions_obtained":[],"gold_loss":0.0,"damage_taken":6.0,"cards_obtained":[]},{"damage_healed":0.0,"max_hp_gain":0.0,"max_hp_loss":0.0,"gold_gain":50.0,"event_name":"Golden Shrine","player_choice":"Pray","floor":22.0,"gold_loss":0.0,"damage_taken":0.0},{"damage_healed":0.0,"max_hp_gain":0.0,"max_hp_loss":0.0,"gold_gain":0.0,"cards_transformed":["Strike_G","Strike_G"],"event_name":"Drug Dealer","player_choice":"Became Test Subject","floor":28.0,"gold_loss":0.0,"damage_taken":0.0,"cards_obtained":["Eviscerate","Well Laid Plans"]},{"damage_healed":0.0,"max_hp_gain":0.0,"max_hp_loss":0.0,"gold_gain":0.0,"event_name":"Lab","player_choice":"Got Potions","floor":29.0,"gold_loss":0.0,"damage_taken":0.0},{"damage_healed":0.0,"max_hp_gain":0.0,"max_hp_loss":0.0,"gold_gain":0.0,"event_name":"Match and Keep!","player_choice":"2 cards matched","floor":30.0,"gold_loss":0.0,"damage_taken":0.0,"cards_obtained":["Backstab","Backflip"]},{"damage_healed":54.0,"max_hp_gain":0.0,"max_hp_loss":12.0,"gold_gain":0.0,"event_name":"The Moai Head","player_choice":"Heal","floor":36.0,"gold_loss":0.0,"damage_taken":0.0},{"damage_healed":0.0,"max_hp_gain":0.0,"max_hp_loss":0.0,"gold_gain":0.0,"event_name":"The Woman in Blue","player_choice":"Bought 0 Potions","floor":37.0,"gold_loss":0.0,"damage_taken":0.0},{"damage_healed":0.0,"max_hp_gain":0.0,"max_hp_loss":0.0,"gold_gain":0.0,"event_name":"Mysterious Sphere","player_choice":"Fight","floor":38.0,"gold_loss":0.0,"damage_taken":0.0},{"damage_healed":0.0,"max_hp_gain":0.0,"max_hp_loss":0.0,"gold_gain":0.0,"event_name":"Tomb of Lord Red Mask","player_choice":"Ignored","floor":39.0,"gold_loss":0.0,"damage_taken":0.0},{"damage_healed":0.0,"max_hp_gain":0.0,"max_hp_loss":0.0,"gold_gain":0.0,"event_name":"SensoryStone","player_choice":"Memory 1","floor":41.0,"gold_loss":0.0,"damage_taken":0.0},{"cards_removed":["Well Laid Plans"],"damage_healed":0.0,"max_hp_gain":0.0,"max_hp_loss":0.0,"gold_gain":0.0,"event_name":"Purifier","player_choice":"Purged","floor":45.0,"gold_loss":0.0,"damage_taken":0.0}],"is_beta":false,"boss_relics":[{"not_picked":["Sozu","Empty Cage"],"picked":"Ectoplasm"},{"not_picked":["Runic Dome","Orrery"],"picked":"Astrolabe"}],"items_purged_floors":[2],"is_endless":false,"potions_floor_spawned":[7,12,19,23,25,46,47],"ascension_level":16}