{"gold_per_floor":[116,116,18,28,78,108,108,120,147,147,181,197,197,197,197,197],"floor_reached":16,"playtime":511,"items_purged":["Pain"],"score":140,"play_id":"bba33414-a953-4908-817b-c9c8c68418d8","local_time":"20190215155611","is_ascension_mode":true,"campfire_choices":[{"data":"Malaise","floor":7,"key":"SMITH"},{"data":"Cloak And Dagger","floor":10,"key":"SMITH"},{"data":"Crippling Poison","floor":13,"key":"SMITH"},{"floor":15,"key":"REST"}],"neow_cost":"CURSE","seed_source_timestamp":780653072982249,"circlet_count":0,"master_deck":["Defend_G","Defend_G","Defend_G","Defend_G","Defend_G","Strike_G","Strike_G","Strike_G","Strike_G","Strike_G","Survivor","Neutralize+1","Malaise+1","Crippling Poison+1","Poisoned Stab","Cloak And Dagger+1"],"relics":["Ring of the Snake","Bag of Preparation","Shuriken","Blood Vial","Kunai"],"potions_floor_usage":[6],"damage_taken":[{"damage":5,"enemies":"Cultist","floor":1,"turns":5},{"damage":0,"enemies":"Jaw Worm","floor":4,"turns":5},{"damage":24,"enemies":"Lagavulin","floor":6,"turns":9},{"damage":0,"enemies":"2 Louse","floor":8,"turns":3},{"damage":26,"enemies":"3 Sentries","floor":11,"turns":10},{"damage":3,"enemies":"Looter","floor":12,"turns":4},{"damage":43,"enemies":"Slime Boss","floor":16,"turns":11}],"seed_played":"6586656765285278086","potions_obtained":[{"floor":1,"key":"SteroidPotion"}],"is_trial":false,"path_per_floor":["M","?","$","M","T","E","R","M","T","R","E","M","R","?","R","B"],"character_chosen":"THE_SILENT","items_purchased":["Poisoned Stab"],"campfire_rested":1,"item_purchase_floors":[3],"current_hp_per_floor":[58,63,63,63,63,39,39,39,39,39,15,14,14,14,36,0],"gold":197,"neow_bonus":"THREE_RARE_CARDS","is_prod":false,"is_daily":false,"chose_seed":false,"campfire_upgraded":3,"win_rate":0,"timestamp":1550264171,"path_taken":["M","?","$","M","?","E","R","?","T","R","E","?","R","?","R","BOSS"],"build_version":"2019-01-23","purchased_purges":1,"victory":false,"max_hp_per_floor":[70,75,75,75,75,75,75,75,75,75,75,75,75,75,75,75],"card_choices":[{"not_picked":["Bullet Time","Doppelganger"],"picked":"Malaise","floor":0},{"not_picked":["Dodge and Roll","Bane"],"picked":"Crippling Poison","floor":1},{"not_picked":["Prepared","Bouncing Flask"],"picked":"Cloak And Dagger","floor":4},{"not_picked":["Outmaneuver","Night Terror","Sucker Punch"],"picked":"SKIP","floor":6},{"not_picked":["Setup","Deflect","Slice"],"picked":"SKIP","floor":8},{"not_picked":["Crippling Poison","Distraction","Bouncing Flask"],"picked":"SKIP","floor":11},{"not_picked":["Dash","Distraction","Flying Knee"],"picked":"SKIP","floor":12}],"player_experience":80569,"relics_obtained":[{"floor":5,"key":"Bag of Preparation"},{"floor":6,"key":"Shuriken"},{"floor":9,"key":"Blood Vial"},{"floor":11,"key":"Kunai"}],"event_choices":[{"damage_healed":0,"gold_gain":0,"player_choice":"Donut","damage_taken":0,"max_hp_gain":5,"max_hp_loss":0,"event_name":"Big Fish","floor":2,"gold_loss":0},{"damage_healed":0,"gold_gain":0,"player_choice":"Forge","damage_taken":0,"max_hp_gain":0,"max_hp_loss":0,"event_name":"Accursed Blacksmith","floor":14,"gold_loss":0,"cards_upgraded":["Neutralize"]}],"is_beta":false,"boss_relics":[],"items_purged_floors":[3],"is_endless":false,"potions_floor_spawned":[1],"killed_by":"Slime Boss","ascension_level":6}