{"gold_per_floor":[117,117,28,28,43,71,83,110,136,61,61,73,73,85,85,186,186,176,176,17,17,27,27,37,37,37,63,162,87,87,99,99,99],"floor_reached":33,"playtime":691,"items_purged":["Strike_R"],"score":462,"play_id":"9b837d0f-f4bc-4504-a6aa-6947d85268a2","local_time":"20190305134722","is_ascension_mode":true,"campfire_choices":[{"data":"Searing Blow+1","floor":11,"key":"SMITH"},{"data":"Searing Blow+2","floor":13,"key":"SMITH"},{"data":"Searing Blow+3","floor":15,"key":"SMITH"},{"data":"Demon Form","floor":23,"key":"SMITH"},{"floor":25,"key":"REST"},{"floor":30,"key":"REST"},{"floor":32,"key":"REST"}],"neow_cost":"NONE","seed_source_timestamp":1244057330757787,"circlet_count":0,"master_deck":["AscendersBane","Strike_R","Strike_R","Defend_R","Defend_R","Defend_R","Defend_R","Bash","Searing Blow+4","Warcry","Inflame","Rampage","Dual Wield","Demon Form+1","Dual Wield+1","Limit Break","Feel No Pain+1","Clothesline"],"relics":["Burning Blood","NeowsBlessing","Juzu Bracelet","Oddly Smooth Stone","Boot","Snecko Eye","Ornamental Fan","Charon\u0027s Ashes"],"potions_floor_usage":[12,16,22,24,27],"damage_taken":[{"damage":0,"enemies":"Cultist","floor":1,"turns":1},{"damage":0,"enemies":"Jaw Worm","floor":5,"turns":1},{"damage":0,"enemies":"3 Sentries","floor":6,"turns":2},{"damage":15,"enemies":"Small Slimes","floor":7,"turns":3},{"damage":42,"enemies":"Gremlin Nob","floor":8,"turns":5},{"damage":8,"enemies":"Blue Slaver","floor":12,"turns":4},{"damage":10,"enemies":"Red Slaver","floor":14,"turns":4},{"damage":46,"enemies":"The Guardian","floor":16,"turns":12},{"damage":20,"enemies":"2 Thieves","floor":18,"turns":4},{"damage":42,"enemies":"3 Byrds","floor":22,"turns":6},{"damage":36,"enemies":"Shelled Parasite and Fungi","floor":24,"turns":4},{"damage":30,"enemies":"Gremlin Leader","floor":27,"turns":5},{"damage":26,"enemies":"Centurion and Healer","floor":31,"turns":4},{"damage":51,"enemies":"Collector","floor":33,"turns":3}],"seed_played":"1177219053645270373","potions_obtained":[{"floor":1,"key":"EssenceOfSteel"},{"floor":5,"key":"SteroidPotion"},{"floor":7,"key":"Block Potion"},{"floor":14,"key":"FearPotion"},{"floor":18,"key":"GamblersBrew"},{"floor":24,"key":"AttackPotion"}],"is_trial":false,"path_per_floor":["M","?","$","?","M","E","M","E","T","$","R","M","R","M","R","B",null,"M","?","$","?","M","R","M","R","T","E","?","?","R","M","R","B"],"character_chosen":"IRONCLAD","items_purchased":["Bandage Up","Limit Break"],"campfire_rested":3,"item_purchase_floors":[3,20],"current_hp_per_floor":[78,78,78,78,80,80,75,43,43,43,43,45,45,45,45,9,62,52,52,52,80,44,44,14,38,38,14,14,14,38,18,42,0],"gold":99,"neow_bonus":"THREE_ENEMY_KILL","is_prod":false,"is_daily":false,"chose_seed":false,"campfire_upgraded":4,"win_rate":0,"timestamp":1551811642,"path_taken":["M","?","$","?","?","E","M","E","T","?","R","M","R","M","R","BOSS","M","?","$","?","M","R","M","R","T","E","?","?","R","M","R","BOSS"],"build_version":"2019-01-23","purchased_purges":1,"victory":false,"max_hp_per_floor":[80,80,80,80,80,80,80,80,80,80,80,80,80,80,80,80,80,80,80,80,80,80,80,80,80,80,80,80,80,80,80,80,80],"card_choices":[{"not_picked":["Bloodletting","Anger"],"picked":"Searing Blow","floor":1},{"not_picked":["Iron Wave","Pommel Strike","Cleave"],"picked":"SKIP","floor":5},{"not_picked":["Searing Blow","Sword Boomerang","Flex"],"picked":"SKIP","floor":6},{"not_picked":["Wild Strike","Clothesline"],"picked":"Inflame","floor":7},{"not_picked":["Clothesline","Ghostly Armor"],"picked":"Rampage","floor":8},{"not_picked":["Corruption","Sentinel","Sword Boomerang"],"picked":"SKIP","floor":12},{"not_picked":["Thunderclap","Sentinel"],"picked":"Dual Wield","floor":14},{"not_picked":["Barricade","Feed"],"picked":"Demon Form","floor":16},{"not_picked":["Warcry","Anger"],"picked":"Dual Wield+1","floor":18},{"not_picked":["Fire Breathing+1","Dropkick"],"picked":"Feel No Pain+1","floor":22},{"not_picked":["Havoc","Rampage","Second Wind+1"],"picked":"SKIP","floor":24},{"not_picked":["Wild Strike","Sever Soul","Burning Pact"],"picked":"SKIP","floor":27},{"not_picked":["Havoc","Wild Strike"],"picked":"Clothesline","floor":31}],"player_experience":176096,"relics_obtained":[{"floor":6,"key":"Juzu Bracelet"},{"floor":8,"key":"Oddly Smooth Stone"},{"floor":9,"key":"Boot"},{"floor":26,"key":"Ornamental Fan"},{"floor":27,"key":"Charon\u0027s Ashes"}],"event_choices":[{"damage_healed":0,"gold_gain":0,"player_choice":"Grow","damage_taken":0,"max_hp_gain":0,"max_hp_loss":0,"event_name":"Living Wall","floor":2,"gold_loss":0,"cards_upgraded":["Searing Blow"]},{"damage_healed":0,"gold_gain":0,"cards_transformed":["Strike_R"],"player_choice":"Transformed","damage_taken":0,"max_hp_gain":0,"max_hp_loss":0,"event_name":"Transmorgrifier","floor":4,"gold_loss":0,"cards_obtained":["Warcry"]},{"damage_healed":0,"gold_gain":0,"player_choice":"Ignored","damage_taken":0,"max_hp_gain":0,"max_hp_loss":0,"event_name":"Ghosts","floor":19,"gold_loss":0},{"cards_removed":["Bandage Up"],"damage_healed":28,"gold_gain":0,"player_choice":"Offered Uncommon","damage_taken":0,"max_hp_gain":0,"max_hp_loss":0,"event_name":"Bonfire Elementals","floor":21,"gold_loss":0},{"damage_healed":0,"gold_gain":99,"player_choice":"Stole From Cult","damage_taken":0,"max_hp_gain":0,"max_hp_loss":0,"event_name":"Nest","floor":28,"gold_loss":0},{"cards_removed":["Strike_R"],"damage_healed":0,"gold_gain":0,"player_choice":"Gave Gold","damage_taken":0,"max_hp_gain":0,"max_hp_loss":0,"event_name":"Beggar","floor":29,"gold_loss":75}],"is_beta":false,"boss_relics":[{"not_picked":["Empty Cage","Sozu"],"picked":"Snecko Eye"}],"items_purged_floors":[10],"is_endless":false,"potions_floor_spawned":[1,5,7,14,18,24],"killed_by":"Collector","ascension_level":11}