{"gold_per_floor":[18,18,18,93,93,93,126,126,126,161,180,199,216,234,234,308,308,327,340,14,14,14,14,29,29,52,71,71,91,105,116,116,192,192,212,1211,1211,378,378,378,397,397,397,397,407,407,407],"floor_reached":47,"playtime":4310,"items_purged":["Strike_B","Normality"],"score":1120,"play_id":"cd0aa21e-ecf9-4d44-bf2e-c26b18f7368f","local_time":"20180913033320","is_ascension_mode":true,"campfire_choices":[{"data":"Zap","floor":6.0,"key":"SMITH"},{"data":"Cold Snap","floor":8.0,"key":"SMITH"},{"floor":15,"key":"REST"},{"data":"Buffer","floor":23,"key":"SMITH"},{"data":"Defragment","floor":32,"key":"SMITH"},{"data":"Biased Cognition","floor":40,"key":"SMITH"},{"data":"Recycle","floor":44,"key":"SMITH"},{"floor":46,"key":"REST"}],"neow_cost":"NO_GOLD","seed_source_timestamp":905731547335415,"circlet_count":0,"master_deck":["Strike_B","Strike_B","Defend_B","Defend_B","Defend_B","Zap+1","Dualcast","AscendersBane","Cold Snap+1","Ball Lightning","Sunder","FTL","Biased Cognition+1","Coolheaded","Buffer+1","Cold Snap","Defragment+1","Core Surge","Self Repair","Shame","Recycle+1","Conserve Battery","Cold Snap","Ball Lightning","Amplify","Normality","Turbo","Magnetism","Flash of Steel","Madness","Madness","Go for the Eyes+1","Steam+1"],"special_seed":0,"relics":["Cracked Core","Smiling Mask","Kunai","Bronze Scales","Runic Pyramid","Meat on the Bone","Lantern","Inserter","Matryoshka","Cables","Shovel"],"potions_floor_usage":[16,18,35,41,47,47],"damage_taken":[{"damage":7.0,"enemies":"Small Slimes","floor":1.0,"turns":4.0},{"damage":29.0,"enemies":"Lagavulin","floor":7.0,"turns":8.0},{"damage":22.0,"enemies":"Gremlin Nob","floor":10.0,"turns":4.0},{"damage":2.0,"enemies":"2 Louse","floor":11.0,"turns":2.0},{"damage":1.0,"enemies":"Cultist","floor":12.0,"turns":3.0},{"damage":0,"enemies":"2 Fungi Beasts","floor":13,"turns":3},{"damage":5,"enemies":"3 Louse","floor":14,"turns":3},{"damage":0,"enemies":"Slime Boss","floor":16,"turns":7},{"damage":0,"enemies":"3 Byrds","floor":18,"turns":2},{"damage":28,"enemies":"2 Thieves","floor":19,"turns":3},{"damage":25,"enemies":"Colosseum Slavers","floor":22,"turns":3},{"damage":13,"enemies":"Snecko","floor":24,"turns":5},{"damage":12,"enemies":"Sentry and Sphere","floor":27,"turns":6},{"damage":8,"enemies":"3 Cultists","floor":29,"turns":7},{"damage":0,"enemies":"Snecko","floor":30,"turns":8},{"damage":4,"enemies":"Centurion and Healer","floor":31,"turns":7},{"damage":0,"enemies":"Champ","floor":33,"turns":12},{"damage":16,"enemies":"3 Shapes","floor":35,"turns":6},{"damage":0,"enemies":"Orb Walker","floor":41,"turns":4},{"damage":42,"enemies":"3 Darklings","floor":45,"turns":5},{"damage":97,"enemies":"2 Orb Walkers","floor":47,"turns":4}],"seed_played":"-5292789556740396350","potions_obtained":[{"floor":1.0,"key":"LiquidBronze"},{"floor":3.0,"key":"Block Potion"},{"floor":7.0,"key":"Regen Potion"},{"floor":11.0,"key":"LiquidBronze"},{"floor":12.0,"key":"FocusPotion"},{"floor":19,"key":"Swift Potion"},{"floor":27,"key":"Weak Potion"},{"floor":41,"key":"FocusPotion"}],"is_trial":false,"path_per_floor":["M","?","?","?","?","R","E","R","T","E","M","M","M","M","R","B",null,"M","M","$","?","?","R","M","?","T","M","?","M","M","M","R","B",null,"M","?","?","$","?","R","M","?","T","R","M","R"],"character_chosen":"DEFECT","items_purchased":["Core Surge","Self Repair","FocusPotion","Turbo","Magnetism","Flash of Steel","Matryoshka"],"campfire_rested":2,"item_purchase_floors":[20,20,38,38,38,38,38],"current_hp_per_floor":[71,64,64,53,53,53,24,24,24,14,12,11,11,6,31,31,72,72,44,44,44,38,38,44,44,44,51,51,50,57,60,60,67,81,72,72,72,72,57,57,71,71,71,71,55,80,0],"gold":407,"neow_bonus":"TWENTY_PERCENT_HP_BONUS","is_prod":false,"is_daily":false,"chose_seed":false,"campfire_upgraded":6,"win_rate":0,"timestamp":1536834800,"path_taken":["M","?","?","?","?","R","E","R","T","E","?","M","M","M","R","BOSS","M","M","$","?","?","R","M","?","T","M","?","M","?","M","R","BOSS","M","?","?","$","?","R","?","?","T","R","M","R","E"],"build_version":"2018-09-12","purchased_purges":2,"victory":false,"max_hp_per_floor":[85,85,85,85,85,85,85,85,85,85,85,85,85,85,85,85,85,85,85,85,85,85,85,85,85,85,85,85,85,85,85,85,85,85,85,85,85,85,85,85,85,85,85,85,85,85,85],"card_choices":[{"not_picked":["Self Repair","Stack"],"picked":"Coolheaded","floor":1.0},{"not_picked":["Beam Cell","White Noise"],"picked":"Cold Snap","floor":7.0},{"not_picked":["Beam Cell","Sweeping Beam"],"picked":"Ball Lightning","floor":10.0},{"not_picked":["Stack","Rebound"],"picked":"Sunder","floor":11.0},{"not_picked":["Beam Cell","Barrage"],"picked":"FTL","floor":12.0},{"not_picked":["Blizzard","Force Field"],"picked":"Biased Cognition","floor":13},{"not_picked":["Heatsinks","Storm"],"picked":"Coolheaded","floor":14},{"not_picked":["Rainbow","Amplify"],"picked":"Buffer","floor":16},{"not_picked":["Coolheaded","Beam Cell"],"picked":"Cold Snap","floor":18},{"not_picked":["Gash","Coolheaded"],"picked":"Defragment","floor":19},{"not_picked":["Leap","Rebound"],"picked":"Recycle","floor":24},{"not_picked":["Ball Lightning","Gash"],"picked":"Cold Snap","floor":27},{"not_picked":["Leap","Darkness","Barrage+1"],"picked":"SKIP","floor":29},{"not_picked":["Barrage","Scrape","Skim"],"picked":"SKIP","floor":30},{"not_picked":["Recycle","Melter"],"picked":"Ball Lightning","floor":31},{"not_picked":["Creative AI","Meteor Strike"],"picked":"Amplify","floor":33},{"not_picked":["Coolheaded","Gash+1","Sweeping Beam"],"picked":"SKIP","floor":35},{"not_picked":["Turbo+1","Reprogram"],"picked":"Go for the Eyes+1","floor":41},{"not_picked":["Turbo","Conserve Battery"],"picked":"Steam+1","floor":45}],"player_experience":2330328,"relics_obtained":[{"floor":7.0,"key":"Smiling Mask"},{"floor":9.0,"key":"Kunai"},{"floor":10.0,"key":"Bronze Scales"},{"floor":26,"key":"Lantern"},{"floor":43,"key":"Cables"},{"floor":43,"key":"Shovel"}],"event_choices":[{"event_name":"Golden Wing","player_choice":"Card Removal","floor":2.0,"damage_taken":0.0},{"event_name":"The Lab","player_choice":"Got Potions","floor":3.0,"damage_taken":0.0},{"event_name":"World of Goop","player_choice":"Gather Gold","floor":4.0,"damage_taken":0.0},{"event_name":"Purifier","player_choice":"One Purge","floor":5.0,"damage_taken":0.0},{"event_name":"Addict","player_choice":"Stole Relic","floor":21,"damage_taken":0},{"event_name":"Colosseum","player_choice":"Fight","floor":22,"damage_taken":0},{"event_name":"Colosseum","player_choice":"Fled From Nobs","floor":22,"damage_taken":0},{"event_name":"Match and Keep!","player_choice":"1 cards matched","floor":25,"damage_taken":0},{"event_name":"Beggar","player_choice":"Ignored","floor":28,"damage_taken":0},{"event_name":"MindBloom","player_choice":"Gold","floor":36,"damage_taken":0},{"event_name":"Mysterious Sphere","player_choice":"Ignore","floor":37,"damage_taken":0},{"event_name":"Winding Halls","player_choice":"Embrace Madness","floor":39,"damage_taken":0},{"event_name":"Falling","player_choice":"Removed Skill","floor":42,"damage_taken":0}],"is_beta":true,"boss_relics":[{"not_picked":["Calling Bell","Philosopher\u0027s Stone"],"picked":"Runic Pyramid"},{"not_picked":["Runic Dome","Empty Cage"],"picked":"Inserter"}],"items_purged_floors":[20,38],"is_endless":false,"potions_floor_spawned":[1,7,11,12,14,19,27,31,41],"killed_by":"2 Orb Walkers","ascension_level":20}