{"gold_per_floor":[114,6,81,93,93,93,118,118,418,418],"floor_reached":10,"playtime":155,"items_purged":[],"score":178,"play_id":"e01549e4-b3b8-4e53-a1af-b96b8f57509a","local_time":"20190802171114","is_ascension_mode":true,"campfire_choices":[{"data":"Crippling Poison","floor":6,"key":"SMITH"},{"floor":8,"key":"REST"}],"neow_cost":"NONE","seed_source_timestamp":187821056883,"circlet_count":0,"master_deck":["AscendersBane","Strike_G","Strike_G","Strike_G","Strike_G","Strike_G","Defend_G","Defend_G","Defend_G","Defend_G+1","Defend_G","Survivor","Neutralize","Bouncing Flask","Noxious Fumes+1","Sucker Punch","Crippling Poison+1"],"relics":["Ring of the Snake","NeowsBlessing","Singing Bowl","Old Coin"],"potions_floor_usage":[10],"damage_taken":[{"damage":0,"enemies":"Small Slimes","floor":1,"turns":1},{"damage":0,"enemies":"2 Louse","floor":4,"turns":1},{"damage":0,"enemies":"3 Sentries","floor":7,"turns":2},{"damage":50,"enemies":"Gremlin Nob","floor":10,"turns":4}],"seed_played":"-8524402996981674291","potions_obtained":[{"floor":1,"key":"Swift Potion"}],"is_trial":false,"path_per_floor":["M","$","?","M","?","R","E","R","T","E"],"character_chosen":"THE_SILENT","items_purchased":["Noxious Fumes","Sucker Punch"],"campfire_rested":1,"item_purchase_floors":[2,2],"current_hp_per_floor":[59,59,48,48,28,28,30,50,50,0],"gold":418,"neow_bonus":"THREE_ENEMY_KILL","is_prod":false,"is_daily":false,"chose_seed":false,"campfire_upgraded":1,"win_rate":0,"timestamp":1564780274,"path_taken":["M","$","?","M","?","R","E","R","T","E"],"build_version":"2019-07-17","purchased_purges":0,"victory":false,"max_hp_per_floor":[66,66,66,66,66,66,68,68,68,68],"card_choices":[{"not_picked":["Catalyst","Slice"],"picked":"Bouncing Flask","floor":1},{"not_picked":["Bane","Prepared"],"picked":"Crippling Poison","floor":4},{"not_picked":["Bane","Backflip","All Out Attack"],"picked":"Singing Bowl","floor":7}],"player_experience":541555,"relics_obtained":[{"floor":7,"key":"Singing Bowl"},{"floor":9,"key":"Old Coin"}],"event_choices":[{"damage_healed":0,"gold_gain":75,"player_choice":"Gather Gold","damage_taken":11,"max_hp_gain":0,"max_hp_loss":0,"event_name":"World of Goop","floor":3,"gold_loss":0},{"damage_healed":0,"gold_gain":0,"player_choice":"Entered Light","damage_taken":20,"max_hp_gain":0,"max_hp_loss":0,"event_name":"Shining Light","floor":5,"gold_loss":0,"cards_upgraded":["Noxious Fumes","Defend_G"]}],"is_beta":false,"boss_relics":[],"items_purged_floors":[],"is_endless":false,"potions_floor_spawned":[1],"killed_by":"Gremlin Nob","ascension_level":20}