{"gold_per_floor":[115,115,129,39,50,75,75,75,151,25,25,25,51,51,51,130,130,145,41,56,56,66,66,101,101,101,111,121,121,134,151,151,151],"floor_reached":33,"playtime":877,"items_purged":["Parasite"],"score":570,"play_id":"2d16b0bd-6133-44f5-853d-d252f12db3f4","local_time":"20190510205147","is_ascension_mode":true,"campfire_choices":[{"data":"Buffer","floor":7,"key":"SMITH"},{"data":"Darkness","floor":12,"key":"SMITH"},{"data":"Hologram","floor":15,"key":"SMITH"},{"data":"Redo","floor":23,"key":"SMITH"},{"floor":25,"key":"REST"},{"floor":29,"key":"REST"},{"floor":32,"key":"REST"}],"neow_cost":"NONE","seed_source_timestamp":5679636213863,"circlet_count":0,"master_deck":["AscendersBane","Strike_B","Strike_B","Strike_B","Strike_B","Defend_B","Defend_B","Defend_B","Defend_B","Zap+1","Dualcast","Ball Lightning","Hologram+1","Sunder","Buffer+1","Darkness+1","Doom and Gloom","Hologram","Seek","Redo+1","Conserve Battery","Self Repair","Self Repair","Coolheaded","Electrodynamics"],"relics":["Cracked Core","Potion Belt","Oddly Smooth Stone","Symbiotic Virus","Dodecahedron","Sundial","Velvet Choker","Torii","Boot","Ornamental Fan"],"potions_floor_usage":[16,20,33,33,33,33],"damage_taken":[{"damage":5,"enemies":"Small Slimes","floor":1,"turns":3},{"damage":0,"enemies":"2 Louse","floor":3,"turns":3},{"damage":2,"enemies":"Jaw Worm","floor":5,"turns":3},{"damage":27,"enemies":"3 Sentries","floor":6,"turns":4},{"damage":0,"enemies":"Lagavulin","floor":13,"turns":6},{"damage":22,"enemies":"Hexaghost","floor":16,"turns":8},{"damage":0,"enemies":"Spheric Guardian","floor":18,"turns":4},{"damage":25,"enemies":"Chosen","floor":20,"turns":4},{"damage":0,"enemies":"Snecko","floor":22,"turns":4},{"damage":29,"enemies":"Gremlin Leader","floor":24,"turns":6},{"damage":20,"enemies":"Shelled Parasite and Fungi","floor":27,"turns":6},{"damage":11,"enemies":"Sentry and Sphere","floor":28,"turns":4},{"damage":17,"enemies":"Snake Plant","floor":30,"turns":3},{"damage":16,"enemies":"Cultist and Chosen","floor":31,"turns":5},{"damage":64,"enemies":"Collector","floor":33,"turns":8}],"seed_played":"-2240071425904755098","potions_obtained":[{"floor":6,"key":"FocusPotion"},{"floor":13,"key":"Fire Potion"},{"floor":16,"key":"Ancient Potion"},{"floor":24,"key":"FearPotion"},{"floor":27,"key":"Energy Potion"},{"floor":31,"key":"Weak Potion"}],"is_trial":false,"path_per_floor":["M","?","M","$","M","E","R","?","T","$","?","R","E","?","R","B",null,"M","$","M","T","M","R","E","R","T","M","M","R","M","M","R","B"],"character_chosen":"DEFECT","items_purchased":["Sunder","Darkness","Doom and Gloom","Conserve Battery"],"campfire_rested":3,"item_purchase_floors":[4,10,10,19],"current_hp_per_floor":[59,59,59,59,57,30,30,30,30,30,47,47,47,47,47,25,60,60,60,35,35,42,42,20,40,40,27,23,43,40,38,58,0],"gold":151,"neow_bonus":"RANDOM_COMMON_RELIC","is_prod":false,"is_daily":false,"chose_seed":false,"campfire_upgraded":4,"win_rate":0,"timestamp":1557535907,"path_taken":["M","?","M","$","M","E","R","?","T","$","?","R","E","?","R","BOSS","M","$","M","?","M","R","E","R","T","M","M","R","M","M","R","BOSS"],"build_version":"2019-01-23","purchased_purges":1,"victory":false,"max_hp_per_floor":[71,71,71,71,71,71,71,71,71,71,71,71,71,71,71,71,71,71,68,68,68,68,68,68,68,68,68,68,68,68,68,68,68],"card_choices":[{"not_picked":["Beam Cell","Cold Snap"],"picked":"Ball Lightning","floor":1},{"not_picked":["Turbo","Auto Shields"],"picked":"Hologram","floor":3},{"not_picked":["Steam","Redo"],"picked":"Doom and Gloom","floor":5},{"not_picked":["Leap","Beam Cell"],"picked":"Buffer","floor":6},{"not_picked":["Ball Lightning","Blizzard"],"picked":"Hologram","floor":13},{"not_picked":["Rainbow","Creative AI"],"picked":"Seek","floor":16},{"not_picked":["Streamline","Barrage"],"picked":"Redo","floor":18},{"not_picked":["Barrage","Hologram"],"picked":"Self Repair","floor":20},{"not_picked":["Doom and Gloom","Beam Cell","Heatsinks"],"picked":"SKIP","floor":22},{"not_picked":["Barrage+1","Fusion","Tempest"],"picked":"SKIP","floor":24},{"not_picked":["Steam","Storm"],"picked":"Self Repair","floor":27},{"not_picked":["Gash","Cold Snap","Barrage"],"picked":"SKIP","floor":28},{"not_picked":["Darkness","Consume"],"picked":"Coolheaded","floor":30},{"not_picked":["FTL","Compile Driver"],"picked":"Electrodynamics","floor":31}],"player_experience":351188,"relics_obtained":[{"floor":6,"key":"Oddly Smooth Stone"},{"floor":9,"key":"Symbiotic Virus"},{"floor":13,"key":"Dodecahedron"},{"floor":21,"key":"Torii"},{"floor":24,"key":"Boot"},{"floor":26,"key":"Ornamental Fan"}],"event_choices":[{"damage_healed":0,"gold_gain":0,"player_choice":"Grow","damage_taken":0,"max_hp_gain":0,"max_hp_loss":0,"event_name":"Living Wall","floor":2,"gold_loss":0,"cards_upgraded":["Zap"]},{"damage_healed":0,"gold_gain":0,"player_choice":"Ignored","damage_taken":0,"max_hp_gain":0,"max_hp_loss":0,"event_name":"Liars Game","floor":8,"gold_loss":0},{"damage_healed":17,"gold_gain":0,"player_choice":"Healed and dodged fight","damage_taken":0,"max_hp_gain":0,"max_hp_loss":0,"event_name":"Mushrooms","floor":11,"gold_loss":0,"cards_obtained":["Parasite"]},{"cards_removed":["Doom and Gloom"],"damage_healed":0,"gold_gain":0,"player_choice":"Gave Card","damage_taken":0,"relics_obtained":["Sundial"],"max_hp_gain":0,"max_hp_loss":0,"event_name":"WeMeetAgain","floor":14,"gold_loss":0}],"is_beta":false,"boss_relics":[{"not_picked":["Philosopher\u0027s Stone","Eternal Feather"],"picked":"Velvet Choker"}],"items_purged_floors":[19],"is_endless":false,"potions_floor_spawned":[6,13,16,24,27,31],"killed_by":"Collector","ascension_level":18}