{"gold_per_floor":[219,231,231,249,263,263,276,304,328,41,41,51,51,1,1,96,96,114,114,134,134,150,150,166,6,53,53,63,76,76,76,76,172,172,182,53,53,65,85,85,98,117,117,137,137,137,150,166,166,166],"floor_reached":51,"playtime":1557,"items_purged":["Strike_B","Strike_B","Strike_B"],"score":680,"play_id":"dec29773-1e39-46f8-8cba-e6c3134f27ff","local_time":"20180916181859","is_ascension_mode":false,"campfire_choices":[{"data":"Streamline","floor":6,"key":"SMITH"},{"data":"Beam Cell","floor":13,"key":"SMITH"},{"data":"Dualcast","floor":15,"key":"SMITH"},{"floor":23,"key":"REST"},{"floor":32,"key":"REST"},{"floor":46,"key":"REST"},{"floor":49,"key":"REST"}],"neow_cost":"NONE","seed_source_timestamp":0,"circlet_count":0,"master_deck":["Strike_B","Defend_B","Defend_B","Defend_B","Zap+1","Dualcast+1","Gash","Ball Lightning","Echo Form","Streamline+1","Beam Cell+1","All For One","Defragment+1","Coolheaded","Electrodynamics+1","Self Repair+1","Gash","Loop+1","Loop+1","Force Field","Reinforced Body","Steam+1","Ball Lightning","Chill","Madness","Cold Snap+1"],"relics":["Cracked Core","Boot","Smiling Mask","Frozen Egg 2","Busted Crown","Pen Nib","Bag of Marbles","Fusion Hammer","Bird Faced Urn","Bottled Flame"],"potions_floor_usage":[16,22,28,33,42,50,50],"damage_taken":[{"damage":1,"enemies":"Cultist","floor":1,"turns":3},{"damage":0,"enemies":"Small Slimes","floor":2,"turns":2},{"damage":1,"enemies":"Jaw Worm","floor":4,"turns":2},{"damage":33,"enemies":"Exordium Thugs","floor":5,"turns":5},{"damage":11,"enemies":"Lots of Slimes","floor":7,"turns":3},{"damage":8,"enemies":"Lagavulin","floor":8,"turns":4},{"damage":0,"enemies":"Looter","floor":12,"turns":1},{"damage":14,"enemies":"The Guardian","floor":16,"turns":8},{"damage":25,"enemies":"2 Thieves","floor":18,"turns":3},{"damage":20,"enemies":"Colosseum Slavers","floor":19,"turns":2},{"damage":5,"enemies":"3 Byrds","floor":20,"turns":2},{"damage":28,"enemies":"Shelled Parasite and Fungi","floor":22,"turns":6},{"damage":12,"enemies":"Centurion and Healer","floor":24,"turns":4},{"damage":0,"enemies":"3 Cultists","floor":28,"turns":4},{"damage":23,"enemies":"Snake Plant","floor":29,"turns":3},{"damage":31,"enemies":"Champ","floor":33,"turns":7},{"damage":29,"enemies":"3 Darklings","floor":35,"turns":4},{"damage":11,"enemies":"3 Shapes","floor":38,"turns":5},{"damage":41,"enemies":"Jaw Worm Horde","floor":39,"turns":4},{"damage":0,"enemies":"Mind Bloom Boss Battle","floor":40,"turns":7},{"damage":23,"enemies":"4 Shapes","floor":41,"turns":3},{"damage":5,"enemies":"Reptomancer","floor":42,"turns":6},{"damage":28,"enemies":"Jaw Worm Horde","floor":44,"turns":3},{"damage":0,"enemies":"4 Shapes","floor":47,"turns":2},{"damage":13,"enemies":"Spire Growth","floor":48,"turns":4},{"damage":63,"enemies":"Awakened One","floor":50,"turns":12}],"seed_played":"274325099965","potions_obtained":[{"floor":1,"key":"Weak Potion"},{"floor":3,"key":"Dexterity Potion"},{"floor":3,"key":"SteroidPotion"},{"floor":4,"key":"FocusPotion"},{"floor":16,"key":"Regen Potion"},{"floor":24,"key":"AttackPotion"},{"floor":28,"key":"EssenceOfSteel"},{"floor":33,"key":"FairyPotion"},{"floor":35,"key":"Swift Potion"},{"floor":44,"key":"SpeedPotion"}],"is_trial":false,"path_per_floor":["M","M","?","M","M","R","M","E","T","$","?","M","R","$","R","B",null,"M","?","M","?","M","R","M","$","T","$","M","M","?","?","R","B",null,"M","$","?","M","M","?","M","M","T","M","?","R","M","M","R","B"],"character_chosen":"DEFECT","items_purchased":["Frozen Egg 2","Defragment+1","Loop+1","Force Field","Chill"],"campfire_rested":4,"item_purchase_floors":[10,10,25,25,36],"current_hp_per_floor":[74,74,74,73,40,40,29,21,21,21,21,21,21,21,21,7,75,50,30,25,25,22,44,52,52,52,52,62,39,39,39,61,40,75,56,56,56,65,34,44,31,60,60,52,52,74,75,75,75,22],"gold":166,"neow_bonus":"HUNDRED_GOLD","is_prod":false,"is_daily":false,"chose_seed":true,"campfire_upgraded":3,"win_rate":0,"timestamp":1537147139,"path_taken":["M","M","?","M","?","R","?","E","T","?","?","?","R","$","R","BOSS","M","?","M","?","?","R","M","$","T","?","M","M","?","?","R","BOSS","M","$","?","M","M","?","?","M","T","M","?","R","M","M","R","BOSS"],"build_version":"2018-09-12","purchased_purges":3,"victory":true,"max_hp_per_floor":[75,75,75,75,75,75,75,75,75,75,75,75,75,75,75,75,75,75,75,75,75,75,75,75,75,75,75,75,75,75,75,75,75,75,75,75,75,75,75,75,75,75,75,75,75,75,75,75,75,75],"card_choices":[{"not_picked":["Skim","Stack"],"picked":"Gash","floor":1},{"not_picked":["Storm","Consume"],"picked":"Ball Lightning","floor":2},{"not_picked":["Turbo","Double Energy"],"picked":"Echo Form","floor":4},{"not_picked":["FTL","Barrage"],"picked":"Streamline","floor":5},{"not_picked":["Heatsinks","Melter"],"picked":"Beam Cell","floor":7},{"not_picked":["Leap","Redo"],"picked":"All For One","floor":8},{"not_picked":["Barrage","Steam"],"picked":"Coolheaded","floor":12},{"not_picked":["Buffer+1","Thunder Strike"],"picked":"Electrodynamics+1","floor":16},{"not_picked":["Lockon"],"picked":"SKIP","floor":18},{"not_picked":[],"picked":"Self Repair+1","floor":20},{"not_picked":[],"picked":"Gash","floor":22},{"not_picked":[],"picked":"Loop+1","floor":24},{"not_picked":[],"picked":"Reinforced Body","floor":28},{"not_picked":[],"picked":"Steam+1","floor":29},{"not_picked":[],"picked":"Ball Lightning","floor":35},{"not_picked":[],"picked":"Madness","floor":37},{"not_picked":["Conserve Battery"],"picked":"SKIP","floor":38},{"not_picked":[],"picked":"Cold Snap+1","floor":39},{"not_picked":["Sweeping Beam"],"picked":"SKIP","floor":41},{"not_picked":["Fusion"],"picked":"SKIP","floor":42},{"not_picked":["Capacitor+1"],"picked":"SKIP","floor":44},{"not_picked":["Coolheaded"],"picked":"SKIP","floor":47},{"not_picked":["Thunder Strike"],"picked":"SKIP","floor":48}],"player_experience":2349559,"relics_obtained":[{"floor":8,"key":"Boot"},{"floor":9,"key":"Smiling Mask"},{"floor":26,"key":"Pen Nib"},{"floor":40,"key":"Bird Faced Urn"},{"floor":43,"key":"Bottled Flame"}],"event_choices":[{"event_name":"The Lab","player_choice":"Got Potions","floor":3,"damage_taken":0},{"event_name":"Living Wall","player_choice":"Grow","floor":11,"damage_taken":0},{"event_name":"Colosseum","player_choice":"Fight","floor":19,"damage_taken":0},{"event_name":"Colosseum","player_choice":"Fled From Nobs","floor":19,"damage_taken":0},{"event_name":"Cursed Tome","player_choice":"Ignored","floor":21,"damage_taken":0},{"event_name":"NoteForYourself","player_choice":"Ignored","floor":30,"damage_taken":0},{"event_name":"The Mausoleum","player_choice":"Yes","floor":31,"damage_taken":0},{"event_name":"SensoryStone","player_choice":"Memory 1","floor":37,"damage_taken":0},{"event_name":"MindBloom","player_choice":"Fight","floor":40,"damage_taken":0},{"event_name":"Falling","player_choice":"Removed Skill","floor":45,"damage_taken":0}],"is_beta":true,"boss_relics":[{"not_picked":["Runic Pyramid","White Beast Statue"],"picked":"Busted Crown"},{"not_picked":["Empty Cage","Philosopher\u0027s Stone"],"picked":"Fusion Hammer"}],"items_purged_floors":[14,25,36],"is_endless":false,"potions_floor_spawned":[1,4,7,16,24,28,33,35,41,44,47],"ascension_level":0}