{"gold_per_floor":[117,117,136,152,3,38,54,87,87,99,99,99,99,115,115,194,194,212,230,230,39,89,123,23,23,95,43,73,73,99,119,119,196,196,206,206,220,320,320,320,337,337],"floor_reached":42,"playtime":1487,"items_purged":["Strike_B","Strike_B"],"score":812,"play_id":"ecbc6b84-6180-4d44-a388-d431a9df69e6","local_time":"20190411193731","is_ascension_mode":true,"campfire_choices":[{"data":"Defragment","floor":13,"key":"SMITH"},{"data":"Defragment","floor":15,"key":"SMITH"},{"data":"Amplify","floor":25,"key":"SMITH"},{"floor":32,"key":"REST"},{"floor":40,"key":"REST"}],"neow_cost":"NONE","seed_source_timestamp":91564374210809,"circlet_count":0,"master_deck":["AscendersBane","Strike_B","Strike_B+1","Defend_B","Defend_B","Defend_B","Defend_B","Zap+1","Dualcast","Coolheaded","Glacier","Coolheaded","Self Repair","Compile Driver+1","Capacitor","Ball Lightning","Defragment+1","Defragment+1","Amplify+1","Chill","Swift Strike","Conserve Battery","Blizzard","Fusion+1","Rip and Tear","Rainbow+1","Capacitor","Flash of Steel","Glacier+1","Ball Lightning","Redo+1"],"relics":["Cracked Core","Ancient Tea Set","Calipers","Girya","FaceOfCleric","Sozu","ClockworkSouvenir","WingedGreaves","Sundial","Whetstone","Toxic Egg 2","Busted Crown","Nunchaku","Mummified Hand"],"potions_floor_usage":[8,23],"damage_taken":[{"damage":14,"enemies":"Jaw Worm","floor":1,"turns":4},{"damage":2,"enemies":"2 Louse","floor":3,"turns":4},{"damage":0,"enemies":"Cultist","floor":4,"turns":3},{"damage":20,"enemies":"3 Sentries","floor":6,"turns":13},{"damage":3,"enemies":"Exordium Thugs","floor":7,"turns":7},{"damage":3,"enemies":"Lagavulin","floor":8,"turns":8},{"damage":0,"enemies":"Blue Slaver","floor":10,"turns":3},{"damage":0,"enemies":"2 Fungi Beasts","floor":14,"turns":4},{"damage":19,"enemies":"The Guardian","floor":16,"turns":8},{"damage":22,"enemies":"3 Byrds","floor":18,"turns":5},{"damage":0,"enemies":"Spheric Guardian","floor":19,"turns":6},{"damage":28,"enemies":"Slavers","floor":23,"turns":10},{"damage":19,"enemies":"Book of Stabbing","floor":28,"turns":10},{"damage":23,"enemies":"Slavers","floor":30,"turns":7},{"damage":5,"enemies":"Snake Plant","floor":31,"turns":5},{"damage":28,"enemies":"Automaton","floor":33,"turns":14},{"damage":17,"enemies":"3 Shapes","floor":35,"turns":5},{"damage":16,"enemies":"Orb Walker","floor":37,"turns":5},{"damage":24,"enemies":"Mind Bloom Boss Battle","floor":38,"turns":6},{"damage":13,"enemies":"Maw","floor":41,"turns":9},{"damage":49,"enemies":"Reptomancer","floor":42,"turns":4}],"seed_played":"-6116356672605026478","potions_obtained":[{"floor":4,"key":"SpeedPotion"},{"floor":7,"key":"FocusPotion"},{"floor":10,"key":"Strength Potion"}],"is_trial":false,"path_per_floor":["M","?","M","M","$","E","M","E","T","M","?","$","R","M","R","B",null,"M","M","?","$","?","E","$","R","T","$","E","$","E","M","R","B",null,"M","?","M","?","T","R","M","E"],"character_chosen":"DEFECT","items_purchased":["Self Repair","ClockworkSouvenir","Conserve Battery"],"campfire_rested":2,"item_purchase_floors":[5,21,27],"current_hp_per_floor":[50,50,48,48,48,35,39,43,43,43,43,43,43,51,51,40,65,58,73,73,73,73,53,53,53,53,53,49,49,27,30,53,33,68,52,52,44,21,21,45,40,0],"gold":337,"neow_bonus":"RANDOM_COLORLESS","is_prod":false,"is_daily":false,"chose_seed":false,"campfire_upgraded":3,"win_rate":0,"timestamp":1555025851,"path_taken":["M","?","M","M","$","E","M","E","T","M","?","$","R","M","R","BOSS","M","M","?","?","?","E","$","R","T","$","E","$","E","M","R","BOSS","M","?","M","?","?","R","M","E"],"build_version":"2019-01-23","purchased_purges":2,"victory":false,"max_hp_per_floor":[71,71,71,71,71,71,71,71,71,71,71,71,71,72,72,73,73,74,75,75,75,75,76,76,76,76,76,77,77,78,79,79,80,80,81,81,82,83,83,83,84,84],"card_choices":[{"not_picked":["Stack","Sweeping Beam"],"picked":"Coolheaded","floor":1},{"not_picked":["Scrape","Reprogram"],"picked":"Glacier","floor":3},{"not_picked":["Turbo","Go for the Eyes"],"picked":"Coolheaded","floor":4},{"not_picked":["Barrage","Stack"],"picked":"Compile Driver","floor":6},{"not_picked":["Conserve Battery","Auto Shields"],"picked":"Capacitor","floor":7},{"not_picked":["Beam Cell","Rebound"],"picked":"Ball Lightning","floor":8},{"not_picked":["Rebound","Blizzard"],"picked":"Defragment","floor":10},{"not_picked":["Capacitor","Static Discharge"],"picked":"Defragment","floor":14},{"not_picked":["Fission","Hyperbeam"],"picked":"Amplify","floor":16},{"not_picked":["Go for the Eyes","Streamline"],"picked":"Chill","floor":18},{"not_picked":["Sweeping Beam","Steam Power","Sunder"],"picked":"SKIP","floor":19},{"not_picked":["Gash","Compile Driver","Steam"],"picked":"SKIP","floor":23},{"not_picked":["Heatsinks","Sunder+1"],"picked":"Blizzard","floor":28},{"not_picked":["Rebound","Undo"],"picked":"Fusion","floor":30},{"not_picked":["Rebound","Go for the Eyes"],"picked":"Rip and Tear","floor":31},{"not_picked":["Hyperbeam","Reboot+1"],"picked":"Rainbow+1","floor":33},{"not_picked":[],"picked":"Capacitor","floor":35},{"not_picked":[],"picked":"Flash of Steel","floor":36},{"not_picked":[],"picked":"Glacier+1","floor":37},{"not_picked":[],"picked":"Ball Lightning","floor":38},{"not_picked":[],"picked":"Redo+1","floor":41}],"player_experience":276965,"relics_obtained":[{"floor":6,"key":"Ancient Tea Set"},{"floor":8,"key":"Calipers"},{"floor":9,"key":"Girya"},{"floor":23,"key":"WingedGreaves"},{"floor":26,"key":"Sundial"},{"floor":28,"key":"Whetstone"},{"floor":30,"key":"Toxic Egg 2"},{"floor":38,"key":"Nunchaku"},{"floor":39,"key":"Mummified Hand"}],"event_choices":[{"damage_healed":0,"gold_gain":0,"player_choice":"Grow","damage_taken":0,"max_hp_gain":0,"max_hp_loss":0,"event_name":"Living Wall","floor":2,"gold_loss":0,"cards_upgraded":["Zap"]},{"damage_healed":0,"gold_gain":0,"player_choice":"Trade","damage_taken":0,"relics_obtained":["FaceOfCleric"],"max_hp_gain":0,"max_hp_loss":0,"event_name":"FaceTrader","floor":11,"gold_loss":0},{"damage_healed":0,"gold_gain":0,"cards_transformed":["Deep Breath"],"player_choice":"Transformed","damage_taken":0,"max_hp_gain":0,"max_hp_loss":0,"event_name":"Transmorgrifier","floor":20,"gold_loss":0,"cards_obtained":["Swift Strike"]},{"damage_healed":0,"gold_gain":50,"player_choice":"Stole From Cult","damage_taken":0,"max_hp_gain":0,"max_hp_loss":0,"event_name":"Nest","floor":22,"gold_loss":0},{"damage_healed":0,"gold_gain":0,"player_choice":"Memory 1","damage_taken":0,"max_hp_gain":0,"max_hp_loss":0,"event_name":"SensoryStone","floor":36,"gold_loss":0},{"damage_healed":0,"gold_gain":0,"player_choice":"Fight","damage_taken":0,"max_hp_gain":0,"max_hp_loss":0,"event_name":"MindBloom","floor":38,"gold_loss":0}],"is_beta":false,"boss_relics":[{"not_picked":["Pandora\u0027s Box","Ectoplasm"],"picked":"Sozu"},{"not_picked":["Astrolabe","White Beast Statue"],"picked":"Busted Crown"}],"items_purged_floors":[5,24],"is_endless":false,"potions_floor_spawned":[4,7,10,14,23,28,30,35,37],"killed_by":"Reptomancer","ascension_level":15}