{"gold_per_floor":[111,122,142,142,89,89,54,86,135,148,148,148,179,192,192,270,270,289,214,30,0,0,33,45,45,45,45,45,63,113,131,131,131],"floor_reached":33,"playtime":2918,"items_purged":[],"score":546,"play_id":"1180e21a-8b28-4b97-aca3-93377a05828c","local_time":"20190827225145","is_ascension_mode":true,"campfire_choices":[{"data":"Cloak And Dagger","floor":6.0,"key":"SMITH"},{"floor":12.0,"key":"REST"},{"data":"Neutralize","floor":15.0,"key":"SMITH"},{"data":"Noxious Fumes","floor":25.0,"key":"SMITH"},{"floor":32,"key":"REST"}],"neow_cost":"TEN_PERCENT_HP_LOSS","seed_source_timestamp":481845777538200,"circlet_count":0,"master_deck":["AscendersBane","Strike_G","Strike_G","Strike_G","Strike_G","Defend_G","Defend_G","Defend_G","Defend_G","Defend_G","Survivor","Neutralize+1","Flying Knee","Cloak And Dagger+1","Dagger Throw","Slice","Finisher","Decay","PiercingWail","Terror","Glass Knife","Catalyst+1","Noxious Fumes+1","Bandage Up","PiercingWail","Deadly Poison","Writhe","Dodge and Roll+1"],"special_seed":0,"relics":["Ring of the Snake","Turnip","Bronze Scales","Anchor","Bag of Preparation","Runic Pyramid","Orichalcum","Dream Catcher","Pen Nib"],"potions_floor_usage":[33,33,33],"damage_taken":[{"damage":7.0,"enemies":"Jaw Worm","floor":1.0,"turns":4.0},{"damage":8.0,"enemies":"Small Slimes","floor":2.0,"turns":4.0},{"damage":0.0,"enemies":"Cultist","floor":3.0,"turns":5.0},{"damage":30.0,"enemies":"Lagavulin","floor":8.0,"turns":8.0},{"damage":0.0,"enemies":"Looter","floor":10.0,"turns":2.0},{"damage":3.0,"enemies":"Gremlin Nob","floor":13.0,"turns":3.0},{"damage":0.0,"enemies":"Exordium Wildlife","floor":14.0,"turns":3.0},{"damage":24.0,"enemies":"Hexaghost","floor":16.0,"turns":9.0},{"damage":10.0,"enemies":"Spheric Guardian","floor":18.0,"turns":4.0},{"damage":8.0,"enemies":"Book of Stabbing","floor":23.0,"turns":4.0},{"damage":2.0,"enemies":"3 Byrds","floor":24.0,"turns":3.0},{"damage":21.0,"enemies":"Snecko","floor":29.0,"turns":6.0},{"damage":8,"enemies":"Chosen and Byrds","floor":31,"turns":5},{"damage":51,"enemies":"Champ","floor":33,"turns":14}],"seed_played":"-4470371708328613105","potions_obtained":[{"floor":1.0,"key":"Explosive Potion"},{"floor":8.0,"key":"Block Potion"},{"floor":13.0,"key":"AttackPotion"},{"floor":16.0,"key":"EssenceOfSteel"},{"floor":18.0,"key":"LiquidBronze"},{"floor":31,"key":"EntropicBrew"}],"is_trial":false,"path_per_floor":["M","M","M","?","$","R","?","E","T","M","?","R","E","M","R","B",null,"M","?","$","?","?","E","M","R","T","?","$","M","?","M","R","B"],"character_chosen":"THE_SILENT","items_purchased":["SteroidPotion","Noxious Fumes","Bandage Up"],"campfire_rested":2,"item_purchase_floors":[5,20,20],"current_hp_per_floor":[52,44,44,44,44,44,59,29,29,29,29,47,44,44,44,20,50,40,40,40,40,40,36,38,38,38,38,38,17,17,13,31,0],"gold":131,"neow_bonus":"ONE_RARE_RELIC","is_prod":false,"is_daily":false,"chose_seed":false,"campfire_upgraded":3,"win_rate":0,"timestamp":1566971505,"path_taken":["M","M","M","?","$","R","?","E","T","M","?","R","E","M","R","BOSS","M","?","$","?","?","E","?","R","T","?","?","?","?","M","R","BOSS"],"build_version":"2019-07-17","purchased_purges":0,"victory":false,"max_hp_per_floor":[60,60,60,60,60,60,60,60,60,60,60,60,60,60,60,60,60,60,60,60,60,60,60,60,60,60,60,60,60,60,60,60,60],"card_choices":[{"not_picked":["Leg Sweep","Blur"],"picked":"Flying Knee","floor":1.0},{"not_picked":["Prepared","Caltrops"],"picked":"Cloak And Dagger","floor":2.0},{"not_picked":["Underhanded Strike","Dodge and Roll"],"picked":"Dagger Throw","floor":3.0},{"not_picked":["Heel Hook","Backflip"],"picked":"Slice","floor":8.0},{"not_picked":["Distraction","Deflect"],"picked":"Finisher","floor":10.0},{"not_picked":["Crippling Poison","Infinite Blades"],"picked":"PiercingWail","floor":13.0},{"not_picked":["Expertise","Slice"],"picked":"Terror","floor":14.0},{"not_picked":["Bullet Time","Doppelganger"],"picked":"Glass Knife","floor":16.0},{"not_picked":["Quick Slash","Cloak And Dagger"],"picked":"Catalyst+1","floor":18.0},{"not_picked":["Sucker Punch","Underhanded Strike"],"picked":"PiercingWail","floor":23.0},{"not_picked":["Concentrate","Outmaneuver","Deadly Poison"],"picked":"SKIP","floor":24.0},{"not_picked":["Concentrate","Outmaneuver"],"picked":"Deadly Poison","floor":24.0},{"not_picked":["Riddle With Holes","Sucker Punch","Outmaneuver"],"picked":"SKIP","floor":29.0},{"not_picked":["Doppelganger","Choke","Dagger Throw"],"picked":"SKIP","floor":31},{"not_picked":["Crippling Poison","Underhanded Strike"],"picked":"Dodge and Roll+1","floor":32}],"player_experience":697624,"relics_obtained":[{"floor":8.0,"key":"Bronze Scales"},{"floor":9.0,"key":"Anchor"},{"floor":13.0,"key":"Bag of Preparation"},{"floor":23.0,"key":"Orichalcum"},{"floor":26.0,"key":"Dream Catcher"}],"event_choices":[{"damage_healed":0.0,"max_hp_gain":0.0,"max_hp_loss":0.0,"gold_gain":0.0,"event_name":"Scrap Ooze","player_choice":"Fled","floor":4.0,"gold_loss":0.0,"damage_taken":0.0},{"damage_healed":15.0,"max_hp_gain":0.0,"max_hp_loss":0.0,"gold_gain":0.0,"event_name":"The Cleric","player_choice":"Healed","floor":7.0,"gold_loss":35.0,"damage_taken":0.0},{"damage_healed":0.0,"max_hp_gain":0.0,"max_hp_loss":0.0,"gold_gain":0.0,"event_name":"Wheel of Change","player_choice":"Cursed","floor":11.0,"gold_loss":0.0,"damage_taken":0.0,"cards_obtained":["Decay"]},{"cards_removed":["Strike_G"],"damage_healed":0.0,"max_hp_gain":0.0,"max_hp_loss":0.0,"gold_gain":0.0,"event_name":"Beggar","player_choice":"Gave Gold","floor":19.0,"gold_loss":75.0,"damage_taken":0.0},{"damage_healed":0.0,"max_hp_gain":0.0,"max_hp_loss":0.0,"gold_gain":0.0,"event_name":"Masked Bandits","player_choice":"Paid Fearfully","floor":21.0,"gold_loss":30.0,"damage_taken":0.0},{"damage_healed":0.0,"max_hp_gain":0.0,"max_hp_loss":0.0,"gold_gain":0.0,"event_name":"Cursed Tome","player_choice":"Ignored","floor":22.0,"gold_loss":0.0,"damage_taken":0.0},{"damage_healed":0.0,"max_hp_gain":0.0,"max_hp_loss":0.0,"gold_gain":0.0,"event_name":"The Mausoleum","player_choice":"Opened","floor":27.0,"gold_loss":0.0,"damage_taken":0.0,"relics_obtained":["Pen Nib"],"cards_obtained":["Writhe"]},{"damage_healed":0.0,"max_hp_gain":0.0,"max_hp_loss":0.0,"gold_gain":50.0,"event_name":"Nest","player_choice":"Stole From Cult","floor":30.0,"gold_loss":0.0,"damage_taken":0.0}],"is_beta":false,"boss_relics":[{"not_picked":["Ring of the Serpent","WristBlade"],"picked":"Runic Pyramid"}],"items_purged_floors":[],"is_endless":false,"potions_floor_spawned":[1,8,13,16,18,31],"killed_by":"Champ","ascension_level":20}