{"gold_per_floor":[219,236,255,180,191,191,202,216,216,216,232,232,232,300,300,378,378,396,55,55,66,66,66,66,66,148,161,161,54,70,86,86,163,163,176,187,22,22,33,33,33,50,123,136,136,148,148,148],"floor_reached":48,"playtime":2688,"items_purged":["Strike_B"],"score":877,"play_id":"3e245df4-a273-43a5-b12a-ea37987a265c","local_time":"20190814050356","is_ascension_mode":true,"campfire_choices":[{"data":"Zap","floor":6.0,"key":"SMITH"},{"data":"Hologram","floor":10.0,"key":"SMITH"},{"data":"Blizzard","floor":12.0,"key":"SMITH"},{"data":"Seek","floor":15.0,"key":"SMITH"},{"floor":23.0,"key":"REST"},{"floor":25.0,"key":"REST"},{"data":"Rainbow","floor":28.0,"key":"SMITH"},{"floor":32.0,"key":"REST"},{"floor":40.0,"key":"REST"},{"floor":45,"key":"REST"},{"floor":47,"key":"REST"}],"neow_cost":"NONE","seed_source_timestamp":1038507915881068,"circlet_count":0,"master_deck":["AscendersBane","Strike_B","Defend_B","Defend_B","Defend_B","Defend_B","Zap+1","Dualcast","Hologram+1","Echo Form","Ball Lightning","Melter","Cold Snap","Blizzard+1","Gash","Seek+1","All For One","Go for the Eyes+1","Cold Snap","Chill","Capacitor","Writhe","Rainbow+1","Dark Shackles","Turbo","Go for the Eyes","Fission","BootSequence","Ball Lightning+1","Bandage Up","Jack Of All Trades","Panacea","Capacitor+1","Madness","Madness","Consume","Consume+1","Capacitor"],"special_seed":0,"relics":["Cracked Core","Shuriken","Nuclear Battery","Blood Vial","Du-Vu Doll","Enchiridion","Mercury Hourglass","Fusion Hammer","Strawberry","Pantograph"],"potions_floor_usage":[42,44],"damage_taken":[{"damage":2.0,"enemies":"Jaw Worm","floor":1.0,"turns":3.0},{"damage":2.0,"enemies":"2 Louse","floor":2.0,"turns":3.0},{"damage":0.0,"enemies":"Small Slimes","floor":3.0,"turns":3.0},{"damage":10.0,"enemies":"3 Louse","floor":5.0,"turns":3.0},{"damage":7.0,"enemies":"Looter","floor":7.0,"turns":3.0},{"damage":2.0,"enemies":"Exordium Wildlife","floor":8.0,"turns":3.0},{"damage":11.0,"enemies":"Blue Slaver","floor":11.0,"turns":3.0},{"damage":10.0,"enemies":"Hexaghost","floor":16.0,"turns":8.0},{"damage":27.0,"enemies":"3 Byrds","floor":18.0,"turns":4.0},{"damage":0.0,"enemies":"Spheric Guardian","floor":21.0,"turns":3.0},{"damage":0.0,"enemies":"Chosen and Byrds","floor":27.0,"turns":3.0},{"damage":7.0,"enemies":"Snecko","floor":30.0,"turns":5.0},{"damage":11.0,"enemies":"Centurion and Healer","floor":31.0,"turns":4.0},{"damage":33.0,"enemies":"Champ","floor":33.0,"turns":10.0},{"damage":9.0,"enemies":"Orb Walker","floor":35.0,"turns":3.0},{"damage":0.0,"enemies":"3 Shapes","floor":36.0,"turns":4.0},{"damage":25.0,"enemies":"Sphere and 2 Shapes","floor":39.0,"turns":5.0},{"damage":0,"enemies":"Jaw Worm Horde","floor":42,"turns":3},{"damage":14,"enemies":"4 Shapes","floor":44,"turns":5},{"damage":20,"enemies":"Transient","floor":46,"turns":6},{"damage":88,"enemies":"Reptomancer","floor":48,"turns":2}],"seed_played":"-4571728161787013342","potions_obtained":[{"floor":2.0,"key":"AttackPotion"},{"floor":7.0,"key":"Explosive Potion"},{"floor":16.0,"key":"EssenceOfSteel"},{"floor":18.0,"key":"GamblersBrew"},{"floor":35.0,"key":"Energy Potion"},{"floor":39.0,"key":"GamblersBrew"},{"floor":42,"key":"Explosive Potion"}],"is_trial":false,"path_per_floor":["M","M","M","?","M","R","M","M","T","R","M","R","?","T","R","B",null,"M","$","?","M","?","R","?","R","T","M","R","$","M","M","R","B",null,"M","M","$","?","M","R","?","M","T","M","R","M","R","E"],"character_chosen":"DEFECT","items_purchased":["Blood Vial","Cold Snap","Chill","Dark Shackles","Strawberry"],"campfire_rested":6,"item_purchase_floors":[19,19,19,29,37],"current_hp_per_floor":[62,60,60,60,50,50,43,41,41,41,30,30,30,30,30,20,58,31,31,11,13,13,35,14,36,36,38,38,38,33,24,46,15,61,54,56,63,53,30,54,39,45,45,37,61,51,75,0],"gold":148,"neow_bonus":"HUNDRED_GOLD","is_prod":false,"is_daily":false,"chose_seed":false,"campfire_upgraded":5,"win_rate":0,"timestamp":1565784236,"path_taken":["M","M","M","?","M","R","M","M","T","R","M","R","?","?","R","BOSS","M","$","?","M","?","R","?","R","T","M","R","$","M","?","R","BOSS","M","M","$","?","M","R","?","M","T","M","R","M","R","E"],"build_version":"2019-07-18","purchased_purges":1,"victory":false,"max_hp_per_floor":[71,71,71,71,71,71,71,71,71,71,71,71,71,71,71,71,71,71,71,76,76,76,76,76,76,76,76,76,76,76,76,76,76,76,76,76,83,83,83,83,83,83,83,83,83,83,83,83],"card_choices":[{"not_picked":["Storm","Redo"],"picked":"Hologram","floor":1.0},{"not_picked":["Turbo","Redo"],"picked":"Echo Form","floor":2.0},{"not_picked":["Go for the Eyes","FTL"],"picked":"Ball Lightning","floor":3.0},{"not_picked":["Darkness","Turbo"],"picked":"Melter","floor":5.0},{"not_picked":["Gash","Genetic Algorithm"],"picked":"Cold Snap","floor":7.0},{"not_picked":["Reinforced Body","Static Discharge"],"picked":"Blizzard","floor":8.0},{"not_picked":["Consume","Doom and Gloom"],"picked":"Gash","floor":11.0},{"not_picked":["Core Surge","Rainbow"],"picked":"All For One","floor":16.0},{"not_picked":["Conserve Battery","Steam"],"picked":"Go for the Eyes+1","floor":18.0},{"not_picked":["Turbo","Coolheaded"],"picked":"Capacitor","floor":21.0},{"not_picked":["Genetic Algorithm+1","Lockon"],"picked":"Rainbow","floor":27.0},{"not_picked":["Barrage","Leap"],"picked":"Turbo","floor":30.0},{"not_picked":["Rip and Tear","Lockon"],"picked":"Go for the Eyes","floor":31.0},{"not_picked":["Thunder Strike","Meteor Strike"],"picked":"Fission","floor":33.0},{"not_picked":["Lockon","Chaos"],"picked":"BootSequence","floor":35.0},{"not_picked":["Beam Cell","Melter+1"],"picked":"Ball Lightning+1","floor":36.0},{"not_picked":["Panacea","Blind"],"picked":"Bandage Up","floor":38.0},{"not_picked":["Enlightenment","Madness"],"picked":"Jack Of All Trades","floor":38.0},{"not_picked":["Transmutation","Flash of Steel"],"picked":"Panacea","floor":38.0},{"not_picked":["Doom and Gloom","Chaos"],"picked":"Capacitor+1","floor":39.0},{"not_picked":["Conserve Battery","Chaos"],"picked":"Consume","floor":42},{"not_picked":["Chaos","Coolheaded"],"picked":"Consume+1","floor":44},{"not_picked":["White Noise","Rebound"],"picked":"Capacitor","floor":46}],"player_experience":2927949,"relics_obtained":[{"floor":9.0,"key":"Shuriken"},{"floor":24.0,"key":"Enchiridion"},{"floor":26.0,"key":"Mercury Hourglass"},{"floor":43,"key":"Pantograph"}],"event_choices":[{"cards_removed":["Strike_B"],"damage_healed":0.0,"max_hp_gain":0.0,"max_hp_loss":0.0,"gold_gain":0.0,"event_name":"The Cleric","player_choice":"Card Removal","floor":4.0,"gold_loss":75.0,"damage_taken":0.0},{"damage_healed":0.0,"max_hp_gain":0.0,"max_hp_loss":0.0,"gold_gain":0.0,"cards_transformed":["Strike_B"],"event_name":"Living Wall","player_choice":"Change","floor":13.0,"gold_loss":0.0,"damage_taken":0.0,"cards_obtained":["Seek"]},{"damage_healed":0.0,"max_hp_gain":5.0,"max_hp_loss":0.0,"gold_gain":0.0,"event_name":"Forgotten Altar","player_choice":"Shed Blood","floor":20.0,"gold_loss":0.0,"damage_taken":25.0},{"damage_healed":0.0,"max_hp_gain":0.0,"max_hp_loss":0.0,"gold_gain":0.0,"event_name":"The Mausoleum","player_choice":"Opened","floor":22.0,"gold_loss":0.0,"damage_taken":0.0,"relics_obtained":["Du-Vu Doll"],"cards_obtained":["Writhe"]},{"damage_healed":0.0,"max_hp_gain":0.0,"max_hp_loss":0.0,"gold_gain":0.0,"event_name":"Cursed Tome","player_choice":"Obtained Book","floor":24.0,"gold_loss":0.0,"damage_taken":21.0},{"damage_healed":0.0,"max_hp_gain":0.0,"max_hp_loss":0.0,"gold_gain":0.0,"event_name":"SensoryStone","player_choice":"Memory 3","floor":38.0,"gold_loss":0.0,"damage_taken":10.0},{"damage_healed":0.0,"max_hp_gain":0.0,"max_hp_loss":0.0,"gold_gain":0.0,"event_name":"Winding Halls","player_choice":"Embrace Madness","floor":41.0,"gold_loss":0.0,"damage_taken":15.0,"cards_obtained":["Madness","Madness"]}],"is_beta":true,"boss_relics":[{"not_picked":["FrozenCore","Snecko Eye"],"picked":"Nuclear Battery"},{"not_picked":["Coffee Dripper","Sozu"],"picked":"Fusion Hammer"}],"items_purged_floors":[19],"is_endless":false,"potions_floor_spawned":[2,7,11,16,18,35,39,42],"killed_by":"Reptomancer","ascension_level":20}