{"gold_per_floor":[210,210,235,235,235,235,248,248,248,248,284,297,318,387,387,387],"floor_reached":16,"playtime":637,"items_purged":[],"score":200,"play_id":"ef5a9f2b-7133-4d87-aca9-58e1b32953e8","local_time":"20190117024514","is_ascension_mode":true,"campfire_choices":[{"floor":6,"key":"REST"},{"data":"Fusion","floor":8,"key":"SMITH"},{"data":"Zap","floor":10,"key":"SMITH"},{"data":"Streamline","floor":15,"key":"SMITH"}],"neow_cost":"NONE","seed_source_timestamp":642501704458667,"circlet_count":0,"master_deck":["AscendersBane","Strike_B","Strike_B","Strike_B","Defend_B","Defend_B","Defend_B","Defend_B","Zap+1","Dualcast","Conserve Battery","Chill","Fusion+1","Beam Cell","Streamline+1","Go for the Eyes"],"relics":["Cracked Core","Golden Idol","PreservedInsect","Kunai","Darkstone Periapt"],"potions_floor_usage":[11,13],"damage_taken":[{"damage":7,"enemies":"Jaw Worm","floor":1,"turns":3},{"damage":0,"enemies":"2 Louse","floor":3,"turns":3},{"damage":1,"enemies":"Small Slimes","floor":7,"turns":6},{"damage":13,"enemies":"Lagavulin","floor":11,"turns":6},{"damage":4,"enemies":"Looter","floor":12,"turns":4},{"damage":7,"enemies":"Exordium Thugs","floor":13,"turns":4},{"damage":21,"enemies":"Hexaghost","floor":16,"turns":9}],"seed_played":"4298748508428811263","potions_obtained":[{"floor":7,"key":"Poison Potion"},{"floor":11,"key":"Fire Potion"},{"floor":12,"key":"Weak Potion"}],"is_trial":false,"path_per_floor":["M","?","M","?","?","R","M","R","T","R","E","M","M","T","R","B"],"character_chosen":"DEFECT","items_purchased":[],"campfire_rested":1,"item_purchase_floors":[],"current_hp_per_floor":[57,33,33,26,21,42,41,41,41,41,28,24,17,17,17,0],"gold":387,"neow_bonus":"HUNDRED_GOLD","is_prod":false,"is_daily":false,"chose_seed":false,"campfire_upgraded":3,"win_rate":0,"timestamp":1547721914,"path_taken":["M","?","M","?","?","R","M","R","T","R","E","M","M","?","R","BOSS"],"build_version":"2019-01-16","purchased_purges":0,"victory":false,"max_hp_per_floor":[71,71,71,71,71,71,71,71,71,71,71,71,71,71,71,71],"card_choices":[{"not_picked":["Steam","Beam Cell"],"picked":"Conserve Battery","floor":1},{"not_picked":["Steam","Stack"],"picked":"Chill","floor":3},{"not_picked":["Redo","Lockon"],"picked":"Fusion","floor":7},{"not_picked":["Tempest","Leap"],"picked":"Beam Cell","floor":11},{"not_picked":["Turbo","Redo"],"picked":"Streamline","floor":12},{"not_picked":["Heatsinks","Sweeping Beam"],"picked":"Go for the Eyes","floor":13}],"player_experience":2765554,"relics_obtained":[{"floor":11,"key":"Kunai"},{"floor":14,"key":"Darkstone Periapt"}],"event_choices":[{"damage_healed":0,"gold_gain":0,"player_choice":"Take Damage","damage_taken":24,"relics_obtained":["Golden Idol"],"max_hp_gain":0,"max_hp_loss":0,"event_name":"Golden Idol","floor":2,"gold_loss":0},{"cards_removed":["Strike_B"],"damage_healed":0,"gold_gain":0,"player_choice":"Card Removal","damage_taken":7,"max_hp_gain":0,"max_hp_loss":0,"event_name":"Golden Wing","floor":4,"gold_loss":0},{"damage_healed":0,"gold_gain":0,"player_choice":"Success","damage_taken":5,"relics_obtained":["PreservedInsect"],"max_hp_gain":0,"max_hp_loss":0,"event_name":"Scrap Ooze","floor":5,"gold_loss":0}],"is_beta":true,"boss_relics":[],"items_purged_floors":[],"is_endless":false,"potions_floor_spawned":[7,11,12],"killed_by":"Hexaghost","ascension_level":20}