{"gold_per_floor":[118,118,118,118,135,170,170,170,170,190,46,65,98,108,108,203,203,220,220,75,89,4,4,15,30,53,53,64,96,3,20,20,116,116,128,145,145,162,174,174,188,188,213,243,243,254,0,16,16,16],"floor_reached":51,"playtime":3143,"items_purged":[],"score":780,"play_id":"9aa3c050-0a53-4028-a22a-0d42ffb898ad","local_time":"20190817002114","is_ascension_mode":true,"campfire_choices":[{"data":"Zap","floor":7,"key":"SMITH"},{"data":"Streamline","floor":15,"key":"SMITH"},{"data":"Fission","floor":23,"key":"SMITH"},{"data":"White Noise","floor":32,"key":"SMITH"},{"data":"Dualcast","floor":40,"key":"SMITH"},{"data":"Hologram","floor":42,"key":"SMITH"},{"floor":49,"key":"REST"}],"neow_cost":"NONE","seed_source_timestamp":44121067902621,"circlet_count":0,"master_deck":["Zap+1","Dualcast+1","All For One","Hologram","Self Repair","Auto Shields","Hologram+1","Streamline+1","Leap","Fission+1","Go for the Eyes","Reboot","Echo Form+1","Static Discharge+1","Go for the Eyes","Steam","Conserve Battery","Turbo","Beam Cell","Gash","FTL","White Noise+1","Redo+1","Gash","All For One","Steam+1","Streamline","FTL","Auto Shields+1","White Noise+1"],"relics":["Cracked Core","Nunchaku","Lantern","Gremlin Horn","Vajra","Frozen Egg 2","Pandora\u0027s Box","Torii","Happy Flower","Cables","Empty Cage","Anchor","Omamori","Red Mask"],"potions_floor_usage":[16,29,31,44,50],"damage_taken":[{"damage":2,"enemies":"Jaw Worm","floor":1,"turns":3},{"damage":1,"enemies":"Small Slimes","floor":5,"turns":3},{"damage":29,"enemies":"Lagavulin","floor":6,"turns":10},{"damage":1,"enemies":"Cultist","floor":10,"turns":4},{"damage":1,"enemies":"2 Fungi Beasts","floor":12,"turns":3},{"damage":14,"enemies":"3 Sentries","floor":13,"turns":7},{"damage":0,"enemies":"3 Louse","floor":14,"turns":3},{"damage":37,"enemies":"The Guardian","floor":16,"turns":11},{"damage":10,"enemies":"Shell Parasite","floor":18,"turns":4},{"damage":4,"enemies":"Spheric Guardian","floor":21,"turns":5},{"damage":1,"enemies":"Snecko","floor":24,"turns":6},{"damage":2,"enemies":"Shelled Parasite and Fungi","floor":25,"turns":2},{"damage":9,"enemies":"Centurion and Healer","floor":28,"turns":5},{"damage":5,"enemies":"Book of Stabbing","floor":29,"turns":4},{"damage":8,"enemies":"Snake Plant","floor":31,"turns":4},{"damage":37,"enemies":"Champ","floor":33,"turns":8},{"damage":13,"enemies":"3 Darklings","floor":35,"turns":5},{"damage":13,"enemies":"Orb Walker","floor":36,"turns":3},{"damage":13,"enemies":"Sphere and 2 Shapes","floor":38,"turns":4},{"damage":8,"enemies":"3 Darklings","floor":39,"turns":4},{"damage":16,"enemies":"Writhing Mass","floor":41,"turns":5},{"damage":44,"enemies":"Nemesis","floor":44,"turns":7},{"damage":15,"enemies":"Transient","floor":46,"turns":5},{"damage":28,"enemies":"Jaw Worm Horde","floor":48,"turns":4},{"damage":66,"enemies":"Awakened One","floor":50,"turns":9}],"seed_played":"4524972339978634787","potions_obtained":[{"floor":1,"key":"SteroidPotion"},{"floor":6,"key":"SmokeBomb"},{"floor":12,"key":"Strength Potion"},{"floor":16,"key":"SkillPotion"},{"floor":18,"key":"SteroidPotion"},{"floor":24,"key":"Swift Potion"},{"floor":29,"key":"FearPotion"},{"floor":41,"key":"FocusPotion"},{"floor":44,"key":"Energy Potion"}],"is_trial":false,"path_per_floor":["M","?","?","?","M","E","R","?","T","M","$","M","E","M","R","B",null,"M","?","$","M","?","R","M","M","T","$","M","E","$","M","R","B",null,"M","M","?","M","M","R","M","R","T","E","?","M","?","M","R","B",null],"character_chosen":"DEFECT","items_purchased":["Vajra","Go for the Eyes","Steam","Conserve Battery","Gash","FTL"],"campfire_rested":1,"item_purchase_floors":[11,20,20,20,30,30],"current_hp_per_floor":[73,66,59,59,58,36,36,36,36,42,42,48,41,48,48,18,75,72,72,72,75,75,75,74,72,72,72,70,72,72,71,71,41,75,69,63,63,57,56,56,47,47,47,10,75,67,67,46,68,9],"gold":16,"neow_bonus":"ONE_RANDOM_RARE_CARD","is_prod":false,"is_daily":false,"chose_seed":false,"campfire_upgraded":6,"win_rate":0,"timestamp":1565968874,"path_taken":["M","?","?","?","?","E","R","?","T","M","$","M","E","M","R","BOSS","M","?","$","M","?","R","M","?","T","?","M","E","$","M","R","BOSS","M","?","?","?","M","R","M","R","T","E","?","M","?","M","R","BOSS"],"build_version":"2019-07-17","purchased_purges":0,"victory":true,"max_hp_per_floor":[75,75,75,75,75,75,75,75,75,75,75,75,75,75,75,75,75,75,75,75,75,75,75,75,75,75,75,75,75,75,75,75,75,75,75,75,75,75,75,75,75,75,75,75,75,75,75,75,75,75],"card_choices":[{"not_picked":["BootSequence","Stack"],"picked":"Hologram","floor":1},{"not_picked":["Coolheaded","Hello World"],"picked":"Self Repair","floor":5},{"not_picked":["Static Discharge","Rebound","Undo"],"picked":"SKIP","floor":6},{"not_picked":["Coolheaded","Hello World"],"picked":"Auto Shields","floor":10},{"not_picked":["Hello World","Conserve Battery"],"picked":"Hologram","floor":12},{"not_picked":["Ball Lightning","Heatsinks"],"picked":"Streamline","floor":13},{"not_picked":["Coolheaded","Loop+1"],"picked":"Leap","floor":14},{"not_picked":["Biased Cognition+1","Buffer+1"],"picked":"Fission","floor":16},{"not_picked":["Chaos","Rebound","Undo"],"picked":"SKIP","floor":18},{"not_picked":["Cold Snap","Self Repair+1"],"picked":"Turbo","floor":21},{"not_picked":["Ball Lightning+1","Auto Shields","Fusion+1"],"picked":"SKIP","floor":24},{"not_picked":["Darkness","Cold Snap+1"],"picked":"Reprogram","floor":25},{"not_picked":["White Noise","Conserve Battery","Stack"],"picked":"SKIP","floor":28},{"not_picked":["Rip and Tear","Fusion+1"],"picked":"Beam Cell","floor":29},{"not_picked":["Double Energy+1","Conserve Battery"],"picked":"White Noise","floor":31},{"not_picked":["Stack","Skim"],"picked":"Redo+1","floor":35},{"not_picked":["Beam Cell","Darkness"],"picked":"Gash","floor":36},{"not_picked":["Go for the Eyes","Gash"],"picked":"Steam+1","floor":38},{"not_picked":["Lockon+1","Turbo+1"],"picked":"Streamline","floor":39},{"not_picked":["Cold Snap","Hologram","Hello World+1"],"picked":"SKIP","floor":41},{"not_picked":["Chill","Hyperbeam"],"picked":"FTL","floor":44},{"not_picked":["Barrage+1","Lockon"],"picked":"Auto Shields+1","floor":46},{"not_picked":["Go for the Eyes+1","Hologram"],"picked":"White Noise+1","floor":48}],"player_experience":149871,"relics_obtained":[{"floor":6,"key":"Lantern"},{"floor":9,"key":"Gremlin Horn"},{"floor":13,"key":"Frozen Egg 2"},{"floor":26,"key":"Happy Flower"},{"floor":29,"key":"Cables"},{"floor":43,"key":"Anchor"},{"floor":44,"key":"Omamori"}],"event_choices":[{"cards_removed":["Strike_B"],"damage_healed":0,"gold_gain":0,"player_choice":"Card Removal","damage_taken":7,"max_hp_gain":0,"max_hp_loss":0,"event_name":"Golden Wing","floor":2,"gold_loss":0},{"damage_healed":0,"gold_gain":0,"player_choice":"Success","damage_taken":7,"relics_obtained":["Nunchaku"],"max_hp_gain":0,"max_hp_loss":0,"event_name":"Scrap Ooze","floor":3,"gold_loss":0},{"cards_removed":["Strike_B"],"damage_healed":0,"gold_gain":0,"player_choice":"Card Removal","damage_taken":0,"max_hp_gain":0,"max_hp_loss":0,"event_name":"Wheel of Change","floor":4,"gold_loss":0},{"cards_removed":["Defend_B"],"damage_healed":0,"gold_gain":0,"player_choice":"Forget","damage_taken":0,"max_hp_gain":0,"max_hp_loss":0,"event_name":"Living Wall","floor":8,"gold_loss":0},{"damage_healed":0,"gold_gain":0,"player_choice":"Ignored","damage_taken":0,"max_hp_gain":0,"max_hp_loss":0,"event_name":"Ghosts","floor":19,"gold_loss":0},{"damage_healed":0,"gold_gain":0,"player_choice":"Obtained Relic","damage_taken":0,"relics_obtained":["Torii"],"max_hp_gain":0,"max_hp_loss":0,"event_name":"Addict","floor":22,"gold_loss":85},{"damage_healed":0,"gold_gain":0,"player_choice":"Copied","damage_taken":0,"max_hp_gain":0,"max_hp_loss":0,"event_name":"Duplicator","floor":37,"gold_loss":0,"cards_obtained":["All For One"]},{"damage_healed":65,"gold_gain":0,"player_choice":"Heal","damage_taken":0,"max_hp_gain":0,"max_hp_loss":0,"event_name":"MindBloom","floor":45,"gold_loss":0,"cards_obtained":["Doubt"]},{"damage_healed":0,"gold_gain":0,"player_choice":"Paid","damage_taken":0,"relics_obtained":["Red Mask"],"max_hp_gain":0,"max_hp_loss":0,"event_name":"Tomb of Lord Red Mask","floor":47,"gold_loss":254}],"is_beta":false,"boss_relics":[{"not_picked":["Cursed Key","Calling Bell"],"picked":"Pandora\u0027s Box"},{"not_picked":["Lizard Tail","Black Star"],"picked":"Empty Cage"}],"items_purged_floors":[],"is_endless":false,"potions_floor_spawned":[1,6,12,16,18,24,29,41,44,46,48],"ascension_level":2}