{"gold_per_floor":[111,121,5,16,16,16,48,48,48,48,78,78,96,121,121,221,221,231,243,35,35,50,83,83,96,96,96,126,137,151,162,162,263,263,277,19,35,51,62,62,89,103,126,140,140,169,189,11,11,11],"floor_reached":51,"playtime":2032,"items_purged":["Strike_B","Strike_B"],"score":1218,"play_id":"7b9d6859-8644-4e93-a319-3a370735e37a","local_time":"20190225174848","is_ascension_mode":true,"campfire_choices":[{"floor":6.0,"key":"REST"},{"data":"Consume","floor":8.0,"key":"SMITH"},{"floor":10.0,"key":"REST"},{"data":"Capacitor","floor":15.0,"key":"SMITH"},{"floor":24.0,"key":"REST"},{"data":"Zap","floor":27.0,"key":"SMITH"},{"data":"Loop","floor":32.0,"key":"SMITH"},{"data":"Self Repair","floor":40.0,"key":"SMITH"},{"floor":45,"key":"REST"},{"floor":49,"key":"REST"}],"neow_cost":"NONE","seed_source_timestamp":0,"circlet_count":0,"master_deck":["Strike_B","Strike_B","Defend_B","Defend_B","Defend_B","Defend_B","Zap+1","Dualcast","Reboot","Cold Snap","Loop+1","Capacitor+1","Consume+1","FTL","Capacitor","Coolheaded+1","Core Surge","Gash+1","Self Repair+1","Conserve Battery+1","Self Repair","Steam+1","Coolheaded+1","Coolheaded+1","Ball Lightning","Defragment+1","Fission+1","White Noise+1","Chaos+1","Parasite","Electrodynamics","Loop","Reinforced Body+1","Buffer+1","Defragment+1"],"special_seed":0,"relics":["Cracked Core","Singing Bowl","Orichalcum","Toxic Egg 2","Shuriken","Bottled Tornado","Lizard Tail","Mummified Hand","Bottled Flame","Juzu Bracelet","Inserter","Bottled Lightning","Question Card","Ancient Tea Set","Frozen Egg 2"],"potions_floor_usage":[41,47,50],"damage_taken":[{"damage":12.0,"enemies":"Jaw Worm","floor":1.0,"turns":2.0},{"damage":0.0,"enemies":"Small Slimes","floor":2.0,"turns":3.0},{"damage":11.0,"enemies":"2 Louse","floor":4.0,"turns":2.0},{"damage":35.0,"enemies":"3 Sentries","floor":7.0,"turns":8.0},{"damage":14.0,"enemies":"Lagavulin","floor":11.0,"turns":7.0},{"damage":5.0,"enemies":"Looter","floor":13.0,"turns":3.0},{"damage":9.0,"enemies":"3 Sentries","floor":14.0,"turns":7.0},{"damage":28.0,"enemies":"The Guardian","floor":16.0,"turns":9.0},{"damage":41.0,"enemies":"2 Thieves","floor":18.0,"turns":4.0},{"damage":12.0,"enemies":"Chosen","floor":19.0,"turns":5.0},{"damage":11.0,"enemies":"Snecko","floor":22.0,"turns":5.0},{"damage":21.0,"enemies":"Slavers","floor":23.0,"turns":6.0},{"damage":12.0,"enemies":"Centurion and Healer","floor":25.0,"turns":7.0},{"damage":17.0,"enemies":"Book of Stabbing","floor":28.0,"turns":7.0},{"damage":13.0,"enemies":"3 Cultists","floor":29.0,"turns":7.0},{"damage":9.0,"enemies":"Cultist and Chosen","floor":30.0,"turns":5.0},{"damage":18.0,"enemies":"Chosen and Byrds","floor":31.0,"turns":7.0},{"damage":44.0,"enemies":"Collector","floor":33.0,"turns":8.0},{"damage":29.0,"enemies":"3 Darklings","floor":35.0,"turns":7.0},{"damage":11.0,"enemies":"Orb Walker","floor":37.0,"turns":4.0},{"damage":14.0,"enemies":"Maw","floor":38.0,"turns":6.0},{"damage":11.0,"enemies":"Jaw Worm Horde","floor":39.0,"turns":5.0},{"damage":47,"enemies":"Reptomancer","floor":41,"turns":5},{"damage":27,"enemies":"Writhing Mass","floor":42,"turns":5},{"damage":15,"enemies":"4 Shapes","floor":44,"turns":4},{"damage":36,"enemies":"Nemesis","floor":46,"turns":7},{"damage":0,"enemies":"Transient","floor":47,"turns":5},{"damage":0,"enemies":"Donu and Deca","floor":50,"turns":8}],"seed_played":"-3280853085769876946","potions_obtained":[{"floor":2.0,"key":"Regen Potion"},{"floor":13.0,"key":"FearPotion"},{"floor":14.0,"key":"SteroidPotion"},{"floor":18.0,"key":"Swift Potion"},{"floor":23.0,"key":"Energy Potion"},{"floor":25.0,"key":"EntropicBrew"},{"floor":30.0,"key":"Fire Potion"},{"floor":33.0,"key":"SpeedPotion"},{"floor":38.0,"key":"Fruit Juice"},{"floor":42,"key":"Strength Potion"},{"floor":46,"key":"SkillPotion"}],"is_trial":false,"path_per_floor":["M","M","$","M","?","R","E","R","T","R","E","?","M","E","R","B",null,"M","M","$","?","M","E","R","M","T","R","E","M","M","M","R","B",null,"M","$","M","M","M","R","E","M","T","M","R","E","M","$","R","B",null],"character_chosen":"DEFECT","items_purchased":["Capacitor","Consume","Self Repair","Conserve Battery+1","Bottled Lightning","Defragment+1"],"campfire_rested":5,"item_purchase_floors":[3,3,20,20,36,48],"current_hp_per_floor":[56,56,56,45,33,55,37,37,37,60,46,71,66,59,59,31,67,26,16,16,43,39,32,56,58,58,58,55,56,63,59,59,29,70,55,55,60,65,70,70,42,32,32,34,62,43,60,60,88,94],"gold":11,"neow_bonus":"ONE_RANDOM_RARE_CARD","is_prod":false,"is_daily":false,"chose_seed":false,"campfire_upgraded":5,"win_rate":0,"timestamp":1551134928,"path_taken":["M","M","$","M","?","R","E","R","T","R","E","?","M","E","R","BOSS","M","M","$","?","M","E","R","M","T","R","E","M","M","M","R","BOSS","M","$","M","M","M","R","E","M","T","M","R","E","M","$","R","BOSS"],"build_version":"2019-01-23","purchased_purges":2,"victory":true,"max_hp_per_floor":[75,75,75,75,75,75,77,77,77,77,77,77,77,79,79,79,79,79,81,81,81,81,81,81,81,81,81,81,81,83,83,83,83,83,83,83,85,90,92,92,94,94,94,94,94,94,94,94,94,94],"card_choices":[{"not_picked":["Barrage","Beam Cell"],"picked":"Cold Snap","floor":1.0},{"not_picked":["Redo","Steam"],"picked":"Loop","floor":2.0},{"not_picked":["Rip and Tear","Darkness"],"picked":"FTL","floor":4.0},{"not_picked":["Fusion","Lockon","Leap"],"picked":"Singing Bowl","floor":7.0},{"not_picked":["Stack+1","Undo+1"],"picked":"Capacitor","floor":11.0},{"not_picked":["Stack+1","Go for the Eyes"],"picked":"Coolheaded+1","floor":13.0},{"not_picked":["Sunder","Hologram+1","All For One"],"picked":"Singing Bowl","floor":14.0},{"not_picked":["Reboot+1","Rainbow+1"],"picked":"Core Surge","floor":16.0},{"not_picked":["Compile Driver","Hologram+1"],"picked":"Gash+1","floor":18.0},{"not_picked":["Lockon+1","Go for the Eyes","Streamline"],"picked":"Singing Bowl","floor":19.0},{"not_picked":["Compile Driver","Sweeping Beam"],"picked":"Self Repair","floor":22.0},{"not_picked":["Lockon","Go for the Eyes"],"picked":"Steam+1","floor":23.0},{"not_picked":["Double Energy+1","Stack+1"],"picked":"Coolheaded+1","floor":25.0},{"not_picked":["Streamline","Leap+1"],"picked":"Coolheaded+1","floor":28.0},{"not_picked":["Auto Shields+1","Hologram+1"],"picked":"Ball Lightning","floor":29.0},{"not_picked":["Ball Lightning","Turbo+1","Cold Snap"],"picked":"Singing Bowl","floor":30.0},{"not_picked":["Beam Cell","Blizzard"],"picked":"Defragment+1","floor":31.0},{"not_picked":["Reboot+1","Meteor Strike"],"picked":"Fission+1","floor":33.0},{"not_picked":["Hologram+1","Lockon"],"picked":"White Noise+1","floor":35.0},{"not_picked":["Gash","Turbo+1","Cold Snap"],"picked":"Singing Bowl","floor":37.0},{"not_picked":["Auto Shields+1","Storm+1"],"picked":"Chaos+1","floor":38.0},{"not_picked":["Steam+1","Ball Lightning","Undo+1"],"picked":"Singing Bowl","floor":39.0},{"not_picked":["Beam Cell+1","Sweeping Beam","Skim+1"],"picked":"Singing Bowl","floor":41},{"not_picked":["Leap+1","Rebound","Barrage+1"],"picked":"Electrodynamics","floor":42},{"not_picked":["Storm+1","Coolheaded+1","Steam+1"],"picked":"Loop","floor":44},{"not_picked":["Auto Shields+1","Cold Snap","Steam+1"],"picked":"Reinforced Body+1","floor":46},{"not_picked":["Darkness+1","Streamline","Gash+1"],"picked":"Buffer+1","floor":47}],"player_experience":135207,"relics_obtained":[{"floor":7.0,"key":"Orichalcum"},{"floor":9.0,"key":"Toxic Egg 2"},{"floor":11.0,"key":"Shuriken"},{"floor":14.0,"key":"Bottled Tornado"},{"floor":23.0,"key":"Mummified Hand"},{"floor":26.0,"key":"Bottled Flame"},{"floor":28.0,"key":"Juzu Bracelet"},{"floor":41,"key":"Question Card"},{"floor":43,"key":"Ancient Tea Set"},{"floor":46,"key":"Frozen Egg 2"}],"event_choices":[{"damage_healed":0.0,"max_hp_gain":0.0,"max_hp_loss":0.0,"gold_gain":0.0,"event_name":"Scrap Ooze","player_choice":"Success","floor":5.0,"gold_loss":0.0,"damage_taken":12.0,"relics_obtained":["Singing Bowl"]},{"damage_healed":25.0,"max_hp_gain":0.0,"max_hp_loss":0.0,"gold_gain":0.0,"event_name":"Big Fish","player_choice":"Banana","floor":12.0,"gold_loss":0.0,"damage_taken":0.0},{"damage_healed":27.0,"max_hp_gain":0.0,"max_hp_loss":0.0,"gold_gain":0.0,"event_name":"The Library","player_choice":"Heal","floor":21.0,"gold_loss":0.0,"damage_taken":0.0}],"is_beta":false,"boss_relics":[{"not_picked":["Runic Dome","Coffee Dripper"],"picked":"Lizard Tail"},{"not_picked":["Philosopher\u0027s Stone","Velvet Choker"],"picked":"Inserter"}],"items_purged_floors":[20,48],"is_endless":false,"potions_floor_spawned":[2,13,14,18,23,25,30,33,38,42,46],"ascension_level":9}