{"gold_per_floor":[113,130,145,145,65,65,91,91,91,91,121,76,109,127,127,199,199,210,224,139,139,151,151,184,184,184,184,204,222,239,274,274,352,352,372,372,372,218,231,231,102,151,176,176,208,219,219,234,234,234],"floor_reached":51,"playtime":7557,"items_purged":["Rampage","Thunderclap"],"score":1385,"play_id":"91dde790-c920-4d68-8995-7dd2757ba6b7","local_time":"20190826154052","is_ascension_mode":true,"campfire_choices":[{"data":"Iron Wave","floor":6.0,"key":"SMITH"},{"floor":8.0,"key":"REST"},{"data":"Berserk","floor":15.0,"key":"SMITH"},{"data":"Immolate","floor":23.0,"key":"SMITH"},{"data":"Body Slam","floor":25.0,"key":"SMITH"},{"data":"Reaper","floor":27.0,"key":"SMITH"},{"floor":32.0,"key":"REST"},{"data":"Heavy Blade","floor":40.0,"key":"SMITH"},{"data":"Rage","floor":44.0,"key":"SMITH"},{"floor":49,"key":"REST"}],"neow_cost":"NONE","seed_source_timestamp":0,"circlet_count":0,"master_deck":["AscendersBane","Bash+1","Anger","Rage+1","Reaper+1","Berserk+1","Power Through+1","Sentinel+1","Burning Pact+1","Havoc+1","Immolate+1","Clothesline","True Grit+1","Body Slam+1","True Grit+1","Battle Trance+1","Flex+1","Offering+1","Double Tap+1","Feel No Pain+1","Heavy Blade+1","Demon Form+1","Pummel","Shrug It Off+1","Warcry+1","Shrug It Off+1","Flame Barrier+1","Sword Boomerang+1","Infernal Blade+1"],"special_seed":0,"relics":["Burning Blood","Omamori","Toxic Egg 2","FossilizedHelix","Turnip","Empty Cage","PreservedInsect","Ornamental Fan","Du-Vu Doll","Frozen Egg 2","Smiling Mask","Pandora\u0027s Box","Mango","Vajra","Mummified Hand"],"potions_floor_usage":[50,50],"damage_taken":[{"damage":4.0,"enemies":"Jaw Worm","floor":1.0,"turns":4.0},{"damage":11.0,"enemies":"2 Louse","floor":2.0,"turns":3.0},{"damage":12.0,"enemies":"Small Slimes","floor":3.0,"turns":3.0},{"damage":22.0,"enemies":"3 Sentries","floor":7.0,"turns":11.0},{"damage":19.0,"enemies":"Gremlin Nob","floor":11.0,"turns":4.0},{"damage":29.0,"enemies":"3 Sentries","floor":13.0,"turns":10.0},{"damage":0.0,"enemies":"Exordium Thugs","floor":14.0,"turns":3.0},{"damage":49.0,"enemies":"Hexaghost","floor":16.0,"turns":11.0},{"damage":21.0,"enemies":"Spheric Guardian","floor":18.0,"turns":9.0},{"damage":15.0,"enemies":"Chosen","floor":19.0,"turns":5.0},{"damage":10.0,"enemies":"Shelled Parasite and Fungi","floor":22.0,"turns":4.0},{"damage":31.0,"enemies":"Slavers","floor":24.0,"turns":5.0},{"damage":33.0,"enemies":"Snecko","floor":28.0,"turns":9.0},{"damage":0.0,"enemies":"Centurion and Healer","floor":29.0,"turns":7.0},{"damage":8.0,"enemies":"Snake Plant","floor":30.0,"turns":5.0},{"damage":0.0,"enemies":"Gremlin Leader","floor":31.0,"turns":5.0},{"damage":12.0,"enemies":"Champ","floor":33.0,"turns":11.0},{"damage":1.0,"enemies":"3 Shapes","floor":35.0,"turns":10.0},{"damage":0.0,"enemies":"3 Darklings","floor":36.0,"turns":2.0},{"damage":3.0,"enemies":"4 Shapes","floor":39.0,"turns":3.0},{"damage":20.0,"enemies":"2 Orb Walkers","floor":42.0,"turns":5.0},{"damage":48.0,"enemies":"Reptomancer","floor":45.0,"turns":3.0},{"damage":0,"enemies":"Writhing Mass","floor":46,"turns":4},{"damage":11,"enemies":"Maw","floor":48,"turns":5},{"damage":75,"enemies":"Awakened One","floor":50,"turns":9}],"seed_played":"2048773047452906920","potions_obtained":[{"floor":1.0,"key":"SpeedPotion"},{"floor":7.0,"key":"LiquidBronze"},{"floor":16.0,"key":"Poison Potion"},{"floor":19.0,"key":"Ancient Potion"},{"floor":24.0,"key":"SteroidPotion"},{"floor":29.0,"key":"Fire Potion"},{"floor":31.0,"key":"SmokeBomb"},{"floor":33.0,"key":"SpeedPotion"},{"floor":39.0,"key":"Explosive Potion"},{"floor":46,"key":"Explosive Potion"}],"is_trial":false,"path_per_floor":["M","M","M","?","$","R","E","R","T","?","E","$","E","M","R","B",null,"M","M","?","T","M","R","E","R","T","R","M","M","M","E","R","B",null,"M","M","?","$","M","R","$","?","T","R","E","M","?","M","R","B",null],"character_chosen":"IRONCLAD","items_purchased":["Regen Potion","Sentinel+1","Warcry+1","Shrug It Off+1","BloodPotion"],"campfire_rested":3,"item_purchase_floors":[5,12,38,38,41],"current_hp_per_floor":[70,65,59,36,36,36,35,57,57,57,44,44,33,49,49,12,59,44,39,39,39,45,45,32,32,32,32,13,31,35,41,63,72,74,75,75,71,71,71,71,71,71,71,71,29,35,35,37,62,37],"gold":234,"neow_bonus":"UPGRADE_CARD","is_prod":false,"is_daily":false,"chose_seed":false,"campfire_upgraded":7,"win_rate":0,"timestamp":1566859252,"path_taken":["M","M","M","?","$","R","E","R","T","?","E","?","E","M","R","BOSS","M","M","?","?","M","R","E","R","T","R","M","M","M","E","R","BOSS","M","M","?","$","M","R","$","?","T","R","E","M","?","M","R","BOSS"],"build_version":"2019-07-17","purchased_purges":2,"victory":true,"max_hp_per_floor":[75,75,75,75,75,75,75,75,75,75,75,75,75,75,75,75,75,75,75,75,75,75,75,75,75,75,75,75,75,75,75,75,75,75,75,75,71,71,71,71,71,85,85,85,85,85,85,85,85,85],"card_choices":[{"not_picked":["Blood for Blood","Shrug It Off"],"picked":"Anger","floor":1.0},{"not_picked":["Sword Boomerang","Combust"],"picked":"Iron Wave","floor":2.0},{"not_picked":["Warcry","Sentinel"],"picked":"Rage","floor":3.0},{"not_picked":["Clash","Blood for Blood"],"picked":"Reaper","floor":7.0},{"not_picked":["Evolve","Clothesline"],"picked":"Power Through+1","floor":11.0},{"not_picked":["Carnage","Evolve"],"picked":"Burning Pact+1","floor":13.0},{"not_picked":["Twin Strike","Rupture"],"picked":"Havoc+1","floor":14.0},{"not_picked":["Juggernaut","Demon Form"],"picked":"Immolate","floor":16.0},{"not_picked":["Anger","Headbutt"],"picked":"Clothesline","floor":18.0},{"not_picked":["Burning Pact+1","Searing Blow","Twin Strike"],"picked":"SKIP","floor":19.0},{"not_picked":["Wild Strike","Iron Wave"],"picked":"True Grit+1","floor":22.0},{"not_picked":["Sever Soul","Bloodletting+1"],"picked":"Body Slam","floor":24.0},{"not_picked":["Clothesline","Brutality+1"],"picked":"True Grit+1","floor":28.0},{"not_picked":["Whirlwind","Headbutt"],"picked":"Battle Trance+1","floor":29.0},{"not_picked":["Heavy Blade","Thunderclap+1"],"picked":"Flex+1","floor":30.0},{"not_picked":["Havoc+1","Cleave"],"picked":"Offering+1","floor":31.0},{"not_picked":["Impervious+1","Bludgeon"],"picked":"Double Tap+1","floor":33.0},{"not_picked":["Body Slam","Battle Trance+1"],"picked":"Shrug It Off+1","floor":35.0},{"not_picked":["Inflame+1","Cleave+1"],"picked":"Flame Barrier+1","floor":39.0},{"not_picked":["Warcry+1","Intimidate+1"],"picked":"Sword Boomerang+1","floor":42.0},{"not_picked":["Rage+1","Armaments+1","True Grit+1"],"picked":"SKIP","floor":45.0},{"not_picked":["Perfected Strike","Body Slam","Whirlwind"],"picked":"SKIP","floor":46},{"not_picked":["Fire Breathing+1","Rage+1"],"picked":"Infernal Blade+1","floor":48}],"player_experience":678127,"relics_obtained":[{"floor":7.0,"key":"Omamori"},{"floor":9.0,"key":"Toxic Egg 2"},{"floor":11.0,"key":"FossilizedHelix"},{"floor":13.0,"key":"Turnip"},{"floor":21.0,"key":"Ornamental Fan"},{"floor":24.0,"key":"Du-Vu Doll"},{"floor":26.0,"key":"Frozen Egg 2"},{"floor":31.0,"key":"Smiling Mask"},{"floor":42.0,"key":"Mango"},{"floor":43.0,"key":"Vajra"},{"floor":45.0,"key":"Mummified Hand"}],"event_choices":[{"damage_healed":0.0,"max_hp_gain":0.0,"max_hp_loss":0.0,"gold_gain":0.0,"event_name":"Shining Light","player_choice":"Entered Light","floor":4.0,"gold_loss":0.0,"damage_taken":23.0,"cards_upgraded":["Strike_R","Strike_R"]},{"damage_healed":0.0,"max_hp_gain":0.0,"max_hp_loss":0.0,"gold_gain":0.0,"cards_transformed":["Strike_R"],"event_name":"Living Wall","player_choice":"Change","floor":10.0,"gold_loss":0.0,"damage_taken":0.0,"cards_obtained":["Berserk"]},{"damage_healed":0.0,"max_hp_gain":0.0,"max_hp_loss":0.0,"gold_gain":0.0,"event_name":"Addict","player_choice":"Obtained Relic","floor":20.0,"gold_loss":85.0,"damage_taken":0.0,"relics_obtained":["PreservedInsect"]},{"damage_healed":0.0,"max_hp_gain":0.0,"max_hp_loss":4.0,"gold_gain":0.0,"event_name":"Winding Halls","player_choice":"Max HP","floor":37.0,"gold_loss":0.0,"damage_taken":0.0},{"damage_healed":0.0,"max_hp_gain":0.0,"max_hp_loss":0.0,"gold_gain":0.0,"event_name":"Mysterious Sphere","player_choice":"Fight","floor":42.0,"gold_loss":0.0,"damage_taken":0.0},{"cards_removed":["Iron Wave"],"damage_healed":0,"gold_gain":0,"player_choice":"Removed Attack","damage_taken":0,"max_hp_gain":0,"max_hp_loss":0,"event_name":"Falling","floor":47,"gold_loss":0}],"is_beta":false,"boss_relics":[{"not_picked":["Busted Crown","Lizard Tail"],"picked":"Empty Cage"},{"not_picked":["White Beast Statue","Eternal Feather"],"picked":"Pandora\u0027s Box"}],"items_purged_floors":[38,41],"is_endless":false,"potions_floor_spawned":[1,7,16,19,24,29,31,33,36,39,46],"ascension_level":19}