{"gold_per_floor":[361,379,48,62,62,94,94,109,109,119,119,130,130,130],"floor_reached":14,"playtime":394,"items_purged":[],"score":184,"play_id":"9c1c8157-6d53-44c3-92ee-2fb287d58d94","local_time":"20190821162557","is_ascension_mode":true,"campfire_choices":[{"floor":7,"key":"REST"},{"data":"Zap","floor":11,"key":"SMITH"}],"neow_cost":"PERCENT_DAMAGE","seed_source_timestamp":524608589865890,"circlet_count":0,"master_deck":["AscendersBane","Strike_B","Strike_B","Strike_B","Strike_B","Defend_B","Defend_B","Defend_B","Defend_B","Zap+1","Dualcast","Ball Lightning","Beam Cell","Capacitor","Lockon","Ball Lightning","Self Repair","Ball Lightning","Lockon","Hologram"],"relics":["Cracked Core","OrangePellets","Smiling Mask","Emotion Chip"],"potions_floor_usage":[6],"damage_taken":[{"damage":7,"enemies":"Jaw Worm","floor":1,"turns":3},{"damage":1,"enemies":"Cultist","floor":2,"turns":3},{"damage":9,"enemies":"2 Louse","floor":4,"turns":2},{"damage":39,"enemies":"Gremlin Nob","floor":6,"turns":4},{"damage":0,"enemies":"Large Slime","floor":8,"turns":4},{"damage":17,"enemies":"Exordium Wildlife","floor":10,"turns":4},{"damage":10,"enemies":"Gremlin Gang","floor":12,"turns":3},{"damage":16,"enemies":"Exordium Thugs","floor":14,"turns":1}],"seed_played":"143524610973275108","potions_obtained":[{"floor":2,"key":"Regen Potion"},{"floor":10,"key":"Energy Potion"}],"is_trial":false,"path_per_floor":["M","M","$","M","?","E","R","M","T","M","R","M","T","M"],"character_chosen":"DEFECT","items_purchased":["OrangePellets","Capacitor","Lockon"],"campfire_rested":1,"item_purchase_floors":[3,3,3],"current_hp_per_floor":[39,38,38,29,29,2,23,30,30,13,13,3,3,0],"gold":130,"neow_bonus":"TWO_FIFTY_GOLD","is_prod":false,"is_daily":false,"chose_seed":false,"campfire_upgraded":1,"win_rate":0,"timestamp":1566429957,"path_taken":["M","M","$","M","?","E","R","M","T","M","R","M","?","M"],"build_version":"2019-08-15","purchased_purges":0,"victory":false,"max_hp_per_floor":[71,71,71,71,71,71,71,71,71,71,71,71,71,71],"card_choices":[{"not_picked":["Rebound","Capacitor"],"picked":"Ball Lightning","floor":1},{"not_picked":["Steam","Barrage"],"picked":"Beam Cell","floor":2},{"not_picked":["Leap","Conserve Battery"],"picked":"Ball Lightning","floor":4},{"not_picked":["Coolheaded","Compile Driver"],"picked":"Self Repair","floor":6},{"not_picked":["BootSequence","Steam"],"picked":"Ball Lightning","floor":8},{"not_picked":["Streamline","Rip and Tear"],"picked":"Lockon","floor":10},{"not_picked":["Barrage","Multi-Cast"],"picked":"Hologram","floor":12}],"player_experience":3028678,"relics_obtained":[{"floor":6,"key":"Smiling Mask"},{"floor":13,"key":"Emotion Chip"}],"event_choices":[{"damage_healed":0,"gold_gain":0,"player_choice":"Ignored","damage_taken":0,"max_hp_gain":0,"max_hp_loss":0,"event_name":"Liars Game","floor":5,"gold_loss":0}],"is_beta":true,"boss_relics":[],"items_purged_floors":[],"is_endless":false,"potions_floor_spawned":[2,10],"killed_by":"Exordium Thugs","ascension_level":20}