{"gold_per_floor":[12,12,12,29,41,67,67,79,159,175,201,214,227,239,239,312,312,326,22,37,37,57,57,57],"floor_reached":24,"playtime":773,"items_purged":[],"score":413,"play_id":"fa5cce0a-4c6f-4780-854f-baf136f6bda7","local_time":"20190522005956","is_ascension_mode":true,"campfire_choices":[{"floor":7,"key":"REST"},{"data":"Combust","floor":15,"key":"SMITH"},{"data":"1","floor":23,"key":"LIFT"}],"neow_cost":"NO_GOLD","seed_source_timestamp":971107576623907,"circlet_count":0,"master_deck":["AscendersBane","Strike_R","Strike_R","Strike_R","Defend_R","Defend_R","Defend_R","Bash","Whirlwind","Clothesline","Armaments","Iron Wave","Anger","Combust+1","Dual Wield","Rampage","Juggernaut","Rage","Writhe","True Grit+1"],"relics":["Burning Blood","Gambling Chip","Blue Candle","Oddly Smooth Stone","Runic Pyramid","Lee\u0027s Waffle","Girya"],"potions_floor_usage":[6,11,12,16,20],"damage_taken":[{"damage":5,"enemies":"2 Louse","floor":1,"turns":3},{"damage":3,"enemies":"Small Slimes","floor":4,"turns":5},{"damage":24,"enemies":"Jaw Worm","floor":5,"turns":4},{"damage":40,"enemies":"3 Sentries","floor":6,"turns":5},{"damage":6,"enemies":"Large Slime","floor":8,"turns":6},{"damage":0,"enemies":"Exordium Thugs","floor":10,"turns":4},{"damage":27,"enemies":"Gremlin Nob","floor":11,"turns":4},{"damage":0,"enemies":"Gremlin Gang","floor":12,"turns":1},{"damage":0,"enemies":"3 Louse","floor":13,"turns":2},{"damage":4,"enemies":"Looter","floor":14,"turns":3},{"damage":29,"enemies":"Slime Boss","floor":16,"turns":8},{"damage":45,"enemies":"Shell Parasite","floor":18,"turns":8},{"damage":3,"enemies":"3 Byrds","floor":20,"turns":4},{"damage":26,"enemies":"Snecko","floor":22,"turns":6},{"damage":18,"enemies":"Book of Stabbing","floor":24,"turns":4}],"seed_played":"8153749360273322728","potions_obtained":[{"floor":1,"key":"Energy Potion"},{"floor":4,"key":"FairyPotion"},{"floor":8,"key":"FearPotion"},{"floor":10,"key":"Explosive Potion"},{"floor":14,"key":"AttackPotion"},{"floor":16,"key":"LiquidBronze"}],"is_trial":false,"path_per_floor":["M","?","?","M","M","E","R","M","T","M","E","M","M","M","R","B",null,"M","$","M","?","M","R","E"],"character_chosen":"IRONCLAD","items_purchased":["Lee\u0027s Waffle","Rage"],"campfire_rested":1,"item_purchase_floors":[19,19],"current_hp_per_floor":[69,62,62,65,47,13,35,35,35,41,20,26,32,34,34,11,59,20,82,82,82,62,62,44],"gold":57,"neow_bonus":"REMOVE_TWO","is_prod":false,"is_daily":false,"chose_seed":false,"campfire_upgraded":1,"win_rate":0,"timestamp":1558501196,"path_taken":["M","?","?","M","M","E","R","M","T","M","E","M","M","M","R","BOSS","M","$","M","?","M","R","E"],"build_version":"2019-01-23","purchased_purges":0,"victory":false,"max_hp_per_floor":[75,75,75,75,75,75,75,75,75,75,75,75,75,75,75,75,75,75,82,82,82,82,82,82],"card_choices":[{"not_picked":["Power Through","Sentinel","True Grit"],"picked":"SKIP","floor":1},{"not_picked":["Seeing Red","Fire Breathing"],"picked":"Whirlwind","floor":4},{"not_picked":["Iron Wave","Clash"],"picked":"Clothesline","floor":5},{"not_picked":["Anger","Twin Strike"],"picked":"Armaments","floor":6},{"not_picked":["Havoc","Carnage"],"picked":"Iron Wave","floor":8},{"not_picked":["Sword Boomerang","Fire Breathing"],"picked":"Anger","floor":10},{"not_picked":["Armaments","Hemokinesis","Clothesline"],"picked":"SKIP","floor":11},{"not_picked":["Fiend Fire","Burning Pact"],"picked":"Combust","floor":12},{"not_picked":["Dropkick","Ghostly Armor"],"picked":"Dual Wield","floor":13},{"not_picked":["Twin Strike","Perfected Strike"],"picked":"Rampage","floor":14},{"not_picked":["Double Tap","Brutality"],"picked":"Juggernaut","floor":16},{"not_picked":["Warcry","Fire Breathing","Havoc"],"picked":"SKIP","floor":18},{"not_picked":["Heavy Blade","Pommel Strike","Sword Boomerang"],"picked":"SKIP","floor":20},{"not_picked":["Reckless Charge","Seeing Red"],"picked":"True Grit+1","floor":22}],"player_experience":393176,"relics_obtained":[{"floor":6,"key":"Gambling Chip"},{"floor":9,"key":"Blue Candle"},{"floor":11,"key":"Oddly Smooth Stone"}],"event_choices":[{"cards_removed":["Defend_R"],"damage_healed":0,"gold_gain":0,"player_choice":"Card Removal","damage_taken":7,"max_hp_gain":0,"max_hp_loss":0,"event_name":"Golden Wing","floor":2,"gold_loss":0},{"damage_healed":0,"gold_gain":0,"player_choice":"Ignored","damage_taken":0,"max_hp_gain":0,"max_hp_loss":0,"event_name":"Liars Game","floor":3,"gold_loss":0},{"damage_healed":0,"gold_gain":0,"player_choice":"Opened","damage_taken":0,"relics_obtained":["Girya"],"max_hp_gain":0,"max_hp_loss":0,"event_name":"The Mausoleum","floor":21,"gold_loss":0,"cards_obtained":["Writhe"]}],"is_beta":false,"boss_relics":[{"not_picked":["Eternal Feather","Mark of Pain"],"picked":"Runic Pyramid"}],"items_purged_floors":[],"is_endless":false,"potions_floor_spawned":[1,4,8,10,14,16],"killed_by":"Book of Stabbing","ascension_level":19}