{"gold_per_floor":[114,132,132,132,145,145,158,14,66,66,99,99,99,114,114,209,272,292,292,308,324,30,30,30],"floor_reached":24,"playtime":1201,"items_purged":["Pain"],"score":392,"play_id":"a3985b61-819e-4ee9-8fe6-a04a4da5612d","local_time":"20181015013403","is_ascension_mode":true,"campfire_choices":[{"data":"Dualcast","floor":6.0,"key":"SMITH"},{"data":"Loop","floor":10.0,"key":"SMITH"},{"data":"Beam Cell","floor":12.0,"key":"SMITH"},{"data":"Self Repair","floor":15.0,"key":"SMITH"},{"floor":23,"key":"REST"}],"neow_cost":"NONE","seed_source_timestamp":377434018486078,"circlet_count":0,"master_deck":["Strike_B","Strike_B+1","Strike_B","Strike_B","Defend_B","Defend_B","Defend_B","Defend_B","Zap+1","Dualcast+1","AscendersBane","Sweeping Beam+1","Self Repair+1","Glacier","Undo","Loop+1","Beam Cell+1","Double Energy","Hologram","Electrodynamics","Coolheaded","Loop+1","Chaos","Cold Snap"],"special_seed":0,"relics":["Cracked Core","Golden Idol","Art of War","Centennial Puzzle","WarpedTongs","Tiny House","Lantern"],"potions_floor_usage":[],"damage_taken":[{"damage":7.0,"enemies":"Jaw Worm","floor":1.0,"turns":2.0},{"damage":12.0,"enemies":"Small Slimes","floor":2.0,"turns":2.0},{"damage":0.0,"enemies":"2 Louse","floor":5.0,"turns":1.0},{"damage":11.0,"enemies":"Exordium Wildlife","floor":7.0,"turns":4.0},{"damage":17.0,"enemies":"Gremlin Nob","floor":11.0,"turns":6.0},{"damage":10.0,"enemies":"Large Slime","floor":14.0,"turns":7.0},{"damage":29.0,"enemies":"The Guardian","floor":16.0,"turns":13.0},{"damage":25.0,"enemies":"2 Thieves","floor":18.0,"turns":5.0},{"damage":22.0,"enemies":"Colosseum Slavers","floor":19.0,"turns":2.0},{"damage":17.0,"enemies":"3 Byrds","floor":20.0,"turns":4.0},{"damage":16,"enemies":"Snecko","floor":21,"turns":7},{"damage":46,"enemies":"Gremlin Leader","floor":24,"turns":5}],"seed_played":"-3661069819934722460","potions_obtained":[{"floor":1.0,"key":"Swift Potion"},{"floor":5.0,"key":"Regen Potion"},{"floor":7.0,"key":"Ancient Potion"},{"floor":14.0,"key":"FairyPotion"},{"floor":16.0,"key":"SkillPotion"},{"floor":17.0,"key":"Fruit Juice"},{"floor":18.0,"key":"SpeedPotion"},{"floor":21,"key":"SpeedPotion"}],"is_trial":false,"path_per_floor":["M","M","?","?","M","R","M","$","T","R","E","R","?","M","R","B",null,"M","?","M","M","$","R"],"character_chosen":"DEFECT","items_purchased":["Loop","Beam Cell","Lantern","Cold Snap"],"campfire_rested":1,"item_purchase_floors":[8,8,22,22],"current_hp_per_floor":[57,45,45,45,45,45,53,53,53,53,43,43,43,40,40,21,63,48,36,29,23,23,45,0],"gold":30,"neow_bonus":"UPGRADE_CARD","is_prod":false,"is_daily":false,"chose_seed":false,"campfire_upgraded":4,"win_rate":0,"timestamp":1539592443,"path_taken":["M","M","?","?","M","R","M","$","T","R","E","R","?","M","R","BOSS","M","?","M","M","$","R","E"],"build_version":"2018-10-11","purchased_purges":1,"victory":false,"max_hp_per_floor":[71,71,64,64,64,64,64,64,64,64,64,64,64,64,64,64,74,74,74,74,74,74,74,74],"card_choices":[{"not_picked":["Darkness","Redo"],"picked":"Sweeping Beam","floor":1.0},{"not_picked":["Consume","Coolheaded"],"picked":"Self Repair","floor":2.0},{"not_picked":["Leap","Ball Lightning"],"picked":"Glacier","floor":5.0},{"not_picked":["Stack","Redo"],"picked":"Undo","floor":7.0},{"not_picked":["Aggregate","Steam Power"],"picked":"Double Energy","floor":11.0},{"not_picked":["Sweeping Beam","Gash"],"picked":"Hologram","floor":14.0},{"not_picked":["Reboot","Creative AI"],"picked":"Electrodynamics","floor":16.0},{"not_picked":["Streamline","Gash"],"picked":"Coolheaded","floor":17.0},{"not_picked":["Go for the Eyes","Glacier"],"picked":"Loop+1","floor":18.0},{"not_picked":["Aggregate","Go for the Eyes"],"picked":"Chaos","floor":20.0},{"not_picked":["Turbo","Scrape","Doom and Gloom"],"picked":"SKIP","floor":21}],"player_experience":2544668,"relics_obtained":[{"floor":9.0,"key":"Art of War"},{"floor":11.0,"key":"Centennial Puzzle"}],"event_choices":[{"event_name":"Golden Idol","player_choice":"Lose Max HP","floor":3.0,"damage_taken":0.0},{"event_name":"Living Wall","player_choice":"Grow","floor":4.0,"damage_taken":0.0},{"event_name":"Accursed Blacksmith","player_choice":"Rummage","floor":13.0,"damage_taken":0.0},{"event_name":"Colosseum","player_choice":"Fight","floor":19.0,"damage_taken":0.0},{"event_name":"Colosseum","player_choice":"Fled From Nobs","floor":19.0,"damage_taken":0.0}],"is_beta":true,"boss_relics":[{"not_picked":["Empty Cage","Philosopher\u0027s Stone"],"picked":"Tiny House"}],"items_purged_floors":[22],"is_endless":false,"potions_floor_spawned":[1,5,7,14,16,18,19,21],"killed_by":"Gremlin Leader","ascension_level":20}