{"gold_per_floor":[118,77,97,44,119,119,135,167,167,167,167],"floor_reached":11,"playtime":306,"items_purged":[],"score":142,"play_id":"38f77a30-cb1b-4a55-80f4-81470cfe55d8","local_time":"20190821132613","is_ascension_mode":true,"campfire_choices":[{"floor":6,"key":"REST"}],"neow_cost":"PERCENT_DAMAGE","seed_source_timestamp":400546583472284,"circlet_count":0,"master_deck":["AscendersBane","Strike_G","Strike_G","Strike_G","Strike_G","Strike_G","Defend_G","Defend_G","Defend_G","Defend_G","Defend_G","Survivor","Neutralize","Adrenaline+1","Cloak And Dagger","Well Laid Plans","Quick Slash","PiercingWail","Leg Sweep","Glass Knife"],"special_seed":0,"relics":["Ring of the Snake","Smiling Mask","Ornamental Fan"],"potions_floor_usage":[8,8],"damage_taken":[{"damage":6,"enemies":"Cultist","floor":1,"turns":5},{"damage":1,"enemies":"Jaw Worm","floor":3,"turns":5},{"damage":0,"enemies":"2 Louse","floor":7,"turns":4},{"damage":38,"enemies":"Gremlin Nob","floor":8,"turns":6},{"damage":5,"enemies":"Lagavulin","floor":11,"turns":8}],"seed_played":"2699952795705589370","potions_obtained":[{"floor":3,"key":"Poison Potion"},{"floor":7,"key":"Block Potion"}],"is_trial":false,"path_per_floor":["M","$","M","$","?","R","M","E","T","?","E"],"character_chosen":"THE_SILENT","items_purchased":["Well Laid Plans","PiercingWail"],"campfire_rested":1,"item_purchase_floors":[2,4],"current_hp_per_floor":[38,38,37,37,26,45,45,7,7,7,2],"gold":167,"neow_bonus":"THREE_RARE_CARDS","is_prod":false,"is_daily":false,"chose_seed":false,"campfire_upgraded":0,"win_rate":0,"timestamp":1566408373,"path_taken":["M","$","M","?","?","R","M","E","T","?","E"],"build_version":"2019-07-17","purchased_purges":0,"victory":false,"max_hp_per_floor":[66,66,66,66,66,66,66,66,66,66,66],"card_choices":[{"not_picked":["Phantasmal Killer","Corpse Explosion"],"picked":"Adrenaline","floor":0.0},{"not_picked":["Acrobatics","Blur"],"picked":"Cloak And Dagger","floor":1},{"not_picked":["PiercingWail","Heel Hook"],"picked":"Quick Slash","floor":3},{"not_picked":["Blade Dance","Caltrops"],"picked":"Leg Sweep","floor":7},{"not_picked":["Prepared","Blur"],"picked":"Glass Knife","floor":8}],"player_experience":588065,"relics_obtained":[{"floor":8,"key":"Smiling Mask"},{"floor":9,"key":"Ornamental Fan"}],"event_choices":[{"damage_healed":0,"gold_gain":75,"player_choice":"Gather Gold","damage_taken":11,"max_hp_gain":0,"max_hp_loss":0,"event_name":"World of Goop","floor":5,"gold_loss":0},{"damage_healed":0,"gold_gain":0,"player_choice":"Grow","damage_taken":0,"max_hp_gain":0,"max_hp_loss":0,"event_name":"Living Wall","floor":10,"gold_loss":0,"cards_upgraded":["Adrenaline"]}],"is_beta":false,"boss_relics":[],"items_purged_floors":[],"is_endless":false,"potions_floor_spawned":[3,7],"killed_by":"Lagavulin","ascension_level":20}