{"gold_per_floor":[112,170,187,112,122,122,133,133,207,207,240,240,240,254,254,350,350,373,25,0,20,20,60,60,75,75,75,94,119,119,137,137,137],"floor_reached":33,"playtime":2260,"items_purged":[],"score":559,"play_id":"e6371f0e-03a9-42c3-b15c-16f6ae17192c","local_time":"20180922031658","is_ascension_mode":true,"campfire_choices":[{"data":"Sunder","floor":6.0,"key":"SMITH"},{"data":"Zap","floor":10.0,"key":"SMITH"},{"data":"Dualcast","floor":12.0,"key":"SMITH"},{"data":"Leap","floor":15.0,"key":"SMITH"},{"data":"Defragment","floor":24,"key":"SMITH"},{"data":"Hologram","floor":27,"key":"SMITH"},{"data":"Beam Cell","floor":30,"key":"SMITH"},{"data":"Steam","floor":32,"key":"SMITH"}],"neow_cost":"NONE","seed_source_timestamp":736014483414651,"circlet_count":0,"master_deck":["Defend_B","Defend_B","Defend_B","Defend_B","Zap+1","Dualcast+1","AscendersBane","Sunder+1","Chill","Leap+1","Steam","Machine Learning","Cold Snap","Reboot","Beam Cell+1","Defragment+1","Hologram+1","Steam+1","Bite","Bite","Bite","Bite","Bite","Hologram+1","Tempest+1","Steam+1","Core Surge","Barrage+1"],"special_seed":0,"relics":["Cracked Core","Omamori","Ornamental Fan","Bronze Scales","Golden Idol","Sozu","Sling","Toxic Egg 2","Bottled Tornado"],"potions_floor_usage":[23],"damage_taken":[{"damage":2.0,"enemies":"Jaw Worm","floor":1.0,"turns":5.0},{"damage":0.0,"enemies":"Small Slimes","floor":3.0,"turns":2.0},{"damage":0.0,"enemies":"Cultist","floor":5.0,"turns":3.0},{"damage":7.0,"enemies":"Lots of Slimes","floor":7.0,"turns":5.0},{"damage":6.0,"enemies":"Lagavulin","floor":11.0,"turns":6.0},{"damage":0.0,"enemies":"3 Louse","floor":14.0,"turns":3.0},{"damage":11.0,"enemies":"The Guardian","floor":16.0,"turns":12.0},{"damage":17.0,"enemies":"2 Thieves","floor":18.0,"turns":3.0},{"damage":14.0,"enemies":"Shell Parasite","floor":21.0,"turns":3.0},{"damage":21,"enemies":"Book of Stabbing","floor":23,"turns":4},{"damage":7,"enemies":"Centurion and Healer","floor":25,"turns":6},{"damage":13,"enemies":"Chosen and Byrds","floor":28,"turns":6},{"damage":12,"enemies":"Snecko","floor":29,"turns":4},{"damage":0,"enemies":"3 Cultists","floor":31,"turns":4},{"damage":46,"enemies":"Collector","floor":33,"turns":3}],"seed_played":"3882619757743729265","potions_obtained":[{"floor":1.0,"key":"EntropicBrew"},{"floor":5.0,"key":"LiquidBronze"},{"floor":16.0,"key":"Dexterity Potion"}],"is_trial":false,"path_per_floor":["M","?","M","?","M","R","M","$","T","R","E","R","?","M","R","B",null,"M","$","?","M","?","E","R","M","T","R","M","M","R","M","R"],"character_chosen":"DEFECT","items_purchased":["Defragment","Sling","Hologram"],"campfire_rested":0,"item_purchase_floors":[19,19,19],"current_hp_per_floor":[62,62,62,62,62,62,55,55,55,55,49,49,49,49,49,38,63,46,46,46,32,32,19,19,30,30,30,33,27,27,37,37,0],"gold":137,"neow_bonus":"RANDOM_COMMON_RELIC","is_prod":false,"is_daily":false,"chose_seed":false,"campfire_upgraded":8,"win_rate":0,"timestamp":1537611418,"path_taken":["M","?","M","?","?","R","M","$","T","R","E","R","?","M","R","BOSS","M","$","?","?","?","E","R","M","T","R","M","M","R","M","R","BOSS"],"build_version":"2018-09-20","purchased_purges":0,"victory":false,"max_hp_per_floor":[71,71,71,71,71,71,71,71,71,71,71,71,71,71,71,71,71,71,71,71,71,49,49,49,49,49,49,49,49,49,49,49,49],"card_choices":[{"not_picked":["Leap","Hologram"],"picked":"Sunder","floor":1.0},{"not_picked":["Steam Power","Go for the Eyes"],"picked":"Chill","floor":3.0},{"not_picked":["Go for the Eyes","Rebound"],"picked":"Leap","floor":5.0},{"not_picked":["Storm","Rebound"],"picked":"Steam","floor":7.0},{"not_picked":["Turbo","Coolheaded"],"picked":"Machine Learning","floor":11.0},{"not_picked":["Conserve Battery","Beam Cell"],"picked":"Cold Snap","floor":14.0},{"not_picked":["Amplify","Meteor Strike"],"picked":"Reboot","floor":16.0},{"not_picked":["Hello World","FTL"],"picked":"Beam Cell","floor":18.0},{"not_picked":["Chaos","Go for the Eyes"],"picked":"Steam","floor":21.0},{"not_picked":["Turbo","Stack"],"picked":"Hologram","floor":23},{"not_picked":["Compile Driver","Ball Lightning"],"picked":"Tempest+1","floor":25},{"not_picked":["Blizzard","Ball Lightning"],"picked":"Steam+1","floor":28},{"not_picked":["Sweeping Beam","Steam Power+1"],"picked":"Core Surge","floor":29},{"not_picked":["Beam Cell","Double Energy+1"],"picked":"Barrage+1","floor":31}],"player_experience":2365892,"relics_obtained":[{"floor":9.0,"key":"Ornamental Fan"},{"floor":11.0,"key":"Bronze Scales"},{"floor":23,"key":"Toxic Egg 2"},{"floor":26,"key":"Bottled Tornado"}],"event_choices":[{"event_name":"Golden Wing","player_choice":"Gained Gold","floor":2.0,"damage_taken":0.0},{"event_name":"The Cleric","player_choice":"Card Removal","floor":4.0,"damage_taken":0.0},{"event_name":"Golden Idol","player_choice":"Take Wound","floor":13.0,"damage_taken":0.0},{"event_name":"Masked Bandits","player_choice":"Paid Fearfully","floor":20.0,"damage_taken":0.0},{"event_name":"Vampires","player_choice":"Became a vampire","floor":22.0,"damage_taken":0.0}],"is_beta":true,"boss_relics":[{"not_picked":["Runic Dome","Inserter"],"picked":"Sozu"}],"items_purged_floors":[],"is_endless":false,"potions_floor_spawned":[1,5,16,18,29,31],"killed_by":"Collector","ascension_level":20}