{"gold_per_floor":[115,125,28,39,56,56,83,100,127,147,147,166,177,252,252,351,351,363,157,157,187,198,198,198,198,221,261,273,285,95,125,125,226,226,245,297,5,5,20,20,20,36,36,36,52,72,107,19,19,19,19,19,19,46,46],"floor_reached":56,"playtime":7462,"items_purged":["Strike_G","Strike_G","Writhe","Strike_G+1"],"score":1798,"play_id":"da62e3d4-a7e0-48de-aad0-77b431aeee7d","local_time":"20190802204429","is_ascension_mode":true,"campfire_choices":[{"data":"Neutralize","floor":6.0,"key":"SMITH"},{"data":"Footwork","floor":15.0,"key":"SMITH"},{"data":"Noxious Fumes","floor":23.0,"key":"SMITH"},{"data":"Ghostly","floor":25.0,"key":"SMITH"},{"data":"Ghostly","floor":28.0,"key":"SMITH"},{"data":"Ghostly","floor":32.0,"key":"SMITH"},{"data":"Panacea","floor":40.0,"key":"SMITH"},{"data":"Glass Knife","floor":44.0,"key":"SMITH"},{"floor":49.0,"key":"RECALL"},{"data":"Ghostly","floor":52.0,"key":"SMITH"}],"neow_cost":"NONE","seed_source_timestamp":0,"circlet_count":0,"master_deck":["AscendersBane","Defend_G+1","Defend_G+1","Defend_G+1","Defend_G+1","Defend_G+1","Survivor","Neutralize+1","Footwork+1","Dagger Throw","Leg Sweep","Blur","After Image+1","Backflip","Dagger Spray","PiercingWail","Crippling Poison","Corpse Explosion","Noxious Fumes+1","Ghostly+1","Ghostly+1","Ghostly+1","Ghostly+1","Ghostly","Calculated Gamble+1","Glass Knife+1","Footwork+1","After Image+1","Bane+1","Noxious Fumes+1","Panacea+1","Footwork+1","Bouncing Flask","Burst"],"special_seed":0,"relics":["Ring of the Snake","NeowsBlessing","Ninja Scroll","Smiling Mask","Runic Pyramid","Snake Skull","Tiny Chest","MawBank","Bronze Scales","Happy Flower","Blood Vial","Astrolabe","Pocketwatch","Mango","Mercury Hourglass","Regal Pillow","Gambling Chip"],"potions_floor_usage":[55],"damage_taken":[{"damage":0.0,"enemies":"Cultist","floor":1.0,"turns":1.0},{"damage":0.0,"enemies":"Small Slimes","floor":2.0,"turns":1.0},{"damage":0.0,"enemies":"2 Louse","floor":4.0,"turns":1.0},{"damage":0.0,"enemies":"Blue Slaver","floor":5.0,"turns":5.0},{"damage":27.0,"enemies":"3 Sentries","floor":7.0,"turns":14.0},{"damage":4.0,"enemies":"Exordium Wildlife","floor":8.0,"turns":8.0},{"damage":5.0,"enemies":"3 Louse","floor":10.0,"turns":6.0},{"damage":0.0,"enemies":"Large Slime","floor":12.0,"turns":8.0},{"damage":2.0,"enemies":"Blue Slaver","floor":13.0,"turns":5.0},{"damage":5.0,"enemies":"Hexaghost","floor":16.0,"turns":14.0},{"damage":6.0,"enemies":"Spheric Guardian","floor":18.0,"turns":10.0},{"damage":0.0,"enemies":"3 Byrds","floor":22.0,"turns":3.0},{"damage":0.0,"enemies":"Gremlin Leader","floor":27.0,"turns":7.0},{"damage":1.0,"enemies":"Book of Stabbing","floor":31.0,"turns":7.0},{"damage":0.0,"enemies":"Champ","floor":33.0,"turns":14.0},{"damage":0.0,"enemies":"3 Darklings","floor":35.0,"turns":3.0},{"damage":0.0,"enemies":"2 Orb Walkers","floor":36.0,"turns":6.0},{"damage":0.0,"enemies":"Orb Walker","floor":39.0,"turns":5.0},{"damage":0.0,"enemies":"Jaw Worm Horde","floor":42.0,"turns":4.0},{"damage":5.0,"enemies":"Spire Growth","floor":45.0,"turns":7.0},{"damage":10.0,"enemies":"Transient","floor":46.0,"turns":5.0},{"damage":0.0,"enemies":"Nemesis","floor":47.0,"turns":9.0},{"damage":6.0,"enemies":"Time Eater","floor":50.0,"turns":15.0},{"damage":13,"enemies":"Shield and Spear","floor":54,"turns":7},{"damage":29,"enemies":"The Heart","floor":55,"turns":13}],"seed_played":"1361219279534024382","potions_obtained":[{"floor":1.0,"key":"SteroidPotion"},{"floor":5.0,"key":"LiquidBronze"},{"floor":7.0,"key":"GhostInAJar"},{"floor":13.0,"key":"FearPotion"},{"floor":16.0,"key":"Swift Potion"},{"floor":31.0,"key":"Ancient Potion"},{"floor":45.0,"key":"SkillPotion"},{"floor":46.0,"key":"Energy Potion"}],"is_trial":false,"path_per_floor":["M","M","$","M","M","R","E","M","T","M","?","M","M","?","R","B",null,"M","$","?","?","M","R","?","R","T","E","R","?","$","E","R","B",null,"M","?","$","?","M","R","T","M","T","R","M","M","E","$","R","B",null,"R","$","E","B",null],"character_chosen":"THE_SILENT","items_purchased":["Quick Slash","Snake Skull","Happy Flower","Mango","Bouncing Flask"],"campfire_rested":0,"item_purchase_floors":[3,19,30,37,48],"current_hp_per_floor":[63,63,63,63,63,63,36,32,32,27,27,27,25,14,14,9,55,49,49,49,49,49,49,35,35,35,35,35,31,31,30,30,32,38,40,40,54,54,54,54,54,54,54,54,49,41,43,43,43,39,50,50,50,39,12],"gold":46,"neow_bonus":"THREE_ENEMY_KILL","is_prod":false,"is_daily":false,"chose_seed":false,"campfire_upgraded":9,"win_rate":0,"timestamp":1564803869,"path_taken":["M","?","$","M","?","R","E","M","T","?","?","M","M","?","R","BOSS","M","$","?","?","M","R","?","R","T","E","R","?","$","E","R","BOSS","M","?","$","?","M","R","?","M","T","R","M","M","E","?","R","BOSS","R","$","E","BOSS"],"build_version":"2019-07-17","purchased_purges":4,"victory":true,"max_hp_per_floor":[70,70,70,70,70,70,70,70,70,70,70,70,70,70,70,70,70,70,70,70,70,70,70,35,35,35,35,35,40,40,40,40,40,40,40,40,54,54,54,54,54,54,54,54,54,54,54,54,54,54,54,54,54,54,54],"card_choices":[{"not_picked":["Skewer","Blur"],"picked":"Footwork","floor":1.0},{"not_picked":["Cloak And Dagger","Underhanded Strike"],"picked":"Dagger Throw","floor":2.0},{"not_picked":["Deadly Poison","Slice"],"picked":"Leg Sweep","floor":4.0},{"not_picked":["Poisoned Stab","Outmaneuver"],"picked":"Blur","floor":5.0},{"not_picked":["Deflect","Quick Slash"],"picked":"After Image","floor":7.0},{"not_picked":["Dodge and Roll","Dagger Throw"],"picked":"Backflip","floor":8.0},{"not_picked":["Cloak And Dagger","Dodge and Roll"],"picked":"Dagger Spray","floor":10.0},{"not_picked":["Dagger Throw","Cloak And Dagger"],"picked":"PiercingWail","floor":12.0},{"not_picked":["Bane","Accuracy"],"picked":"Crippling Poison","floor":13.0},{"not_picked":["Burst","After Image"],"picked":"Corpse Explosion","floor":16.0},{"not_picked":["PiercingWail+1","Acrobatics"],"picked":"Noxious Fumes","floor":18.0},{"not_picked":["All Out Attack","Reflex","Dagger Spray"],"picked":"SKIP","floor":22.0},{"not_picked":["Outmaneuver","Dagger Spray"],"picked":"Calculated Gamble+1","floor":27.0},{"not_picked":["Dagger Spray","Reflex","Quick Slash"],"picked":"SKIP","floor":31.0},{"not_picked":["Corpse Explosion","Tools of the Trade"],"picked":"Glass Knife","floor":33.0},{"not_picked":["Finisher+1","Poisoned Stab","Skewer+1"],"picked":"SKIP","floor":35.0},{"not_picked":["Endless Agony","Dagger Spray"],"picked":"Noxious Fumes+1","floor":36.0},{"not_picked":["Finesse","Thinking Ahead"],"picked":"Panacea","floor":38.0},{"not_picked":["Acrobatics+1","Skewer+1","Dodge and Roll"],"picked":"SKIP","floor":39.0},{"not_picked":["Concentrate","Poisoned Stab","All Out Attack+1"],"picked":"SKIP","floor":42.0},{"not_picked":["Quick Slash","Deflect","Dagger Spray+1"],"picked":"SKIP","floor":45.0},{"not_picked":["PiercingWail","Leg Sweep+1","Underhanded Strike"],"picked":"SKIP","floor":46.0},{"not_picked":["Flechettes+1","Poisoned Stab"],"picked":"Footwork+1","floor":47.0},{"not_picked":["Dagger Throw+1","Slice"],"picked":"Burst","floor":54}],"player_experience":464878,"relics_obtained":[{"floor":7.0,"key":"Ninja Scroll"},{"floor":9.0,"key":"Smiling Mask"},{"floor":26.0,"key":"MawBank"},{"floor":27.0,"key":"Bronze Scales"},{"floor":31.0,"key":"Blood Vial"},{"floor":36.0,"key":"Pocketwatch"},{"floor":41.0,"key":"Mercury Hourglass"},{"floor":47.0,"key":"Regal Pillow"},{"floor":54,"key":"Gambling Chip"}],"event_choices":[{"damage_healed":0.0,"max_hp_gain":0.0,"max_hp_loss":0.0,"gold_gain":0.0,"event_name":"Living Wall","player_choice":"Grow","floor":11.0,"gold_loss":0.0,"damage_taken":0.0,"cards_upgraded":["After Image"]},{"damage_healed":0.0,"max_hp_gain":0.0,"max_hp_loss":0.0,"gold_gain":75.0,"event_name":"World of Goop","player_choice":"Gather Gold","floor":14.0,"gold_loss":0.0,"damage_taken":11.0},{"damage_healed":0.0,"max_hp_gain":0.0,"max_hp_loss":0.0,"gold_gain":0.0,"event_name":"Back to Basics","player_choice":"Simplicity","floor":20.0,"gold_loss":0.0,"damage_taken":0.0,"cards_upgraded":["Strike_G","Strike_G","Strike_G","Defend_G","Defend_G","Defend_G","Defend_G","Defend_G"]},{"damage_healed":0.0,"max_hp_gain":0.0,"max_hp_loss":0.0,"gold_gain":0.0,"event_name":"The Mausoleum","player_choice":"Opened","floor":21.0,"gold_loss":0.0,"damage_taken":0.0,"relics_obtained":["Tiny Chest"],"cards_obtained":["Writhe"]},{"damage_healed":0.0,"max_hp_gain":0.0,"max_hp_loss":35.0,"gold_gain":0.0,"event_name":"Ghosts","player_choice":"Became a Ghost","floor":24.0,"gold_loss":0.0,"damage_taken":0.0,"cards_obtained":["Ghostly","Ghostly","Ghostly","Ghostly","Ghostly"]},{"damage_healed":0.0,"max_hp_gain":5.0,"max_hp_loss":0.0,"gold_gain":0.0,"event_name":"Forgotten Altar","player_choice":"Shed Blood","floor":29.0,"gold_loss":0.0,"damage_taken":9.0},{"damage_healed":0.0,"max_hp_gain":0.0,"max_hp_loss":0.0,"gold_gain":0.0,"event_name":"Mysterious Sphere","player_choice":"Fight","floor":36.0,"gold_loss":0.0,"damage_taken":0.0},{"damage_healed":0.0,"max_hp_gain":0.0,"max_hp_loss":0.0,"gold_gain":0.0,"event_name":"SensoryStone","player_choice":"Memory 1","floor":38.0,"gold_loss":0.0,"damage_taken":0.0}],"is_beta":false,"boss_relics":[{"not_picked":["Busted Crown","Runic Dome"],"picked":"Runic Pyramid"},{"not_picked":["Ring of the Serpent","White Beast Statue"],"picked":"Astrolabe"}],"items_purged_floors":[3,19,30,48],"is_endless":false,"potions_floor_spawned":[1,5,7,13,16,31,35,45,46],"ascension_level":10}