{"gold_per_floor":[109,34,48,64,80,80,98,98,122,122,122,162,162,17,17,110,110,129,142,142,52,52,67,82,107,107,107,107],"floor_reached":28,"playtime":1258,"items_purged":[],"score":440,"play_id":"3346a5e4-f540-4ea5-99d5-4332adce1f42","local_time":"20190729220101","is_ascension_mode":true,"campfire_choices":[{"data":"Loop","floor":6,"key":"SMITH"},{"floor":8,"key":"RECALL"},{"data":"Zap","floor":13,"key":"SMITH"},{"data":"Dualcast","floor":15,"key":"SMITH"},{"floor":27,"key":"REST"}],"neow_cost":"NONE","seed_source_timestamp":269009369379558,"circlet_count":0,"master_deck":["AscendersBane","Strike_B","Strike_B","Defend_B","Defend_B","Defend_B","Defend_B","Zap+1","Dualcast+1","Skim","Gash","Loop+1","Leap","Leap","Buffer","All For One","Go for the Eyes","Flash of Steel","Reboot","Rebound+1","All For One","Madness","Finesse","Gash","Beam Cell","Chill"],"relics":["Cracked Core","Bronze Scales","Golden Idol","Strawberry","Sozu","Toxic Egg 2"],"potions_floor_usage":[7,7,25],"damage_taken":[{"damage":0,"enemies":"Small Slimes","floor":1,"turns":3},{"damage":6,"enemies":"2 Louse","floor":3,"turns":3},{"damage":0,"enemies":"Cultist","floor":4,"turns":3},{"damage":1,"enemies":"Exordium Wildlife","floor":5,"turns":3},{"damage":0,"enemies":"3 Louse","floor":7,"turns":4},{"damage":10,"enemies":"Lagavulin","floor":12,"turns":6},{"damage":9,"enemies":"Hexaghost","floor":16,"turns":8},{"damage":3,"enemies":"3 Byrds","floor":18,"turns":2},{"damage":9,"enemies":"Shell Parasite","floor":19,"turns":4},{"damage":17,"enemies":"Centurion and Healer","floor":23,"turns":7},{"damage":14,"enemies":"3 Cultists","floor":24,"turns":4},{"damage":7,"enemies":"Cultist and Chosen","floor":25,"turns":4},{"damage":33,"enemies":"Shelled Parasite and Fungi","floor":28,"turns":3}],"seed_played":"3581509302339575468","potions_obtained":[{"floor":1,"key":"EssenceOfSteel"},{"floor":4,"key":"SpeedPotion"},{"floor":5,"key":"Energy Potion"},{"floor":7,"key":"Ancient Potion"}],"is_trial":false,"path_per_floor":["M","?","M","M","M","R","M","R","T","?","?","E","R","$","R","B",null,"M","M","?","$","?","M","M","M","T","R","M"],"character_chosen":"DEFECT","items_purchased":["Go for the Eyes","Flash of Steel","Madness"],"campfire_rested":1,"item_purchase_floors":[14,14,21],"current_hp_per_floor":[71,71,65,65,64,64,64,64,64,64,37,34,34,34,34,25,70,67,58,58,58,42,25,11,4,4,29,0],"gold":107,"neow_bonus":"TEN_PERCENT_HP_BONUS","is_prod":false,"is_daily":false,"chose_seed":false,"campfire_upgraded":3,"win_rate":0,"timestamp":1564462861,"path_taken":["M","?","M","M","M","R","M","R","T","?","?","E","R","$","R","BOSS","M","M","?","$","?","M","M","?","T","R","M"],"build_version":"2019-07-18","purchased_purges":0,"victory":false,"max_hp_per_floor":[78,78,78,78,78,78,78,78,78,78,78,85,85,85,85,85,85,85,85,85,85,85,85,85,85,85,85,85],"card_choices":[{"not_picked":["Stack","Capacitor"],"picked":"Skim","floor":1},{"not_picked":["Streamline","Double Energy"],"picked":"Gash","floor":3},{"not_picked":["Leap","Rip and Tear"],"picked":"Loop","floor":4},{"not_picked":["Darkness","Redo"],"picked":"Leap","floor":5},{"not_picked":["Turbo","Beam Cell"],"picked":"Leap","floor":7},{"not_picked":["Undo","Barrage"],"picked":"All For One","floor":12},{"not_picked":["Amplify","Fission"],"picked":"Reboot","floor":16},{"not_picked":["Chaos","Barrage"],"picked":"Rebound+1","floor":18},{"not_picked":["Compile Driver","Sweeping Beam","Heatsinks"],"picked":"SKIP","floor":19},{"not_picked":["Streamline","Double Energy"],"picked":"Gash","floor":23},{"not_picked":["Stack","Reinforced Body"],"picked":"Beam Cell","floor":24},{"not_picked":["Conserve Battery","Stack"],"picked":"Chill","floor":25}],"player_experience":2838563,"relics_obtained":[{"floor":9,"key":"Bronze Scales"},{"floor":12,"key":"Strawberry"},{"floor":26,"key":"Toxic Egg 2"}],"event_choices":[{"cards_removed":["Strike_B"],"damage_healed":0,"gold_gain":0,"player_choice":"Card Removal","damage_taken":0,"max_hp_gain":0,"max_hp_loss":0,"event_name":"The Cleric","floor":2,"gold_loss":75},{"damage_healed":0,"gold_gain":0,"cards_transformed":["Strike_B"],"player_choice":"Change","damage_taken":0,"max_hp_gain":0,"max_hp_loss":0,"event_name":"Living Wall","floor":10,"gold_loss":0,"cards_obtained":["Buffer"]},{"damage_healed":0,"gold_gain":0,"player_choice":"Take Damage","damage_taken":27,"relics_obtained":["Golden Idol"],"max_hp_gain":0,"max_hp_loss":0,"event_name":"Golden Idol","floor":11,"gold_loss":0},{"damage_healed":0,"gold_gain":0,"player_choice":"Read","damage_taken":0,"max_hp_gain":0,"max_hp_loss":0,"event_name":"The Library","floor":20,"gold_loss":0,"cards_obtained":["All For One"]},{"damage_healed":0,"gold_gain":0,"player_choice":"CARD ","damage_taken":16,"max_hp_gain":0,"max_hp_loss":0,"event_name":"Knowing Skull","floor":22,"potions_obtained":[],"gold_loss":0,"cards_obtained":["Finesse"]}],"is_beta":true,"boss_relics":[{"not_picked":["Snecko Eye","White Beast Statue"],"picked":"Sozu"}],"items_purged_floors":[],"is_endless":false,"potions_floor_spawned":[1,4,5,7,18,24],"killed_by":"Shelled Parasite and Fungi","ascension_level":20}