{"gold_per_floor":[112,62,79,254,274,274,309,309,334,334,166,183,37,47,47,150,150,168,168,0,0,0,0],"floor_reached":23,"playtime":999,"items_purged":["Doubt","Strike_R"],"score":262,"play_id":"b5b62b73-1fd5-40dc-95d3-d49429131743","local_time":"20190902031104","is_ascension_mode":true,"campfire_choices":[{"data":"Armaments","floor":6.0,"key":"SMITH"},{"data":"Shrug It Off","floor":8.0,"key":"SMITH"},{"data":"Bash","floor":15,"key":"SMITH"}],"neow_cost":"NONE","seed_source_timestamp":532373578082381,"circlet_count":0,"master_deck":["Strike_R","Strike_R","Defend_R","Defend_R","Defend_R","Bash+1","Armaments+1","Shrug It Off+1","Madness","Shrug It Off","Shrug It Off+1","Metallicize"],"special_seed":0,"relics":["Burning Blood","Ancient Tea Set","Regal Pillow","Mummified Hand","Nloth\u0027s Gift"],"potions_floor_usage":[16,18,18],"damage_taken":[{"damage":8.0,"enemies":"2 Louse","floor":1.0,"turns":3.0},{"damage":1.0,"enemies":"Small Slimes","floor":3.0,"turns":4.0},{"damage":1.0,"enemies":"Cultist","floor":5.0,"turns":4.0},{"damage":67.0,"enemies":"Gremlin Nob","floor":7.0,"turns":5.0},{"damage":0.0,"enemies":"2 Fungi Beasts","floor":12.0,"turns":4.0},{"damage":0,"enemies":"Large Slime","floor":14,"turns":9},{"damage":3,"enemies":"The Guardian","floor":16,"turns":13},{"damage":61,"enemies":"3 Byrds","floor":18,"turns":11},{"damage":22,"enemies":"Book of Stabbing","floor":23,"turns":5}],"seed_played":"3848460307521275455","potions_obtained":[{"floor":1.0,"key":"Swift Potion"},{"floor":5.0,"key":"SteroidPotion"},{"floor":10.0,"key":"Strength Potion"},{"floor":10.0,"key":"Ancient Potion"},{"floor":10.0,"key":"SneckoOil"},{"floor":12.0,"key":"SpeedPotion"},{"floor":14,"key":"Swift Potion"}],"is_trial":false,"path_per_floor":["M","?","M","?","M","R","E","R","T","?","$","M","$","M","R","B",null,"M","?","?","?","?","E"],"character_chosen":"IRONCLAD","items_purchased":["Madness","Shrug It Off"],"campfire_rested":0,"item_purchase_floors":[11,13],"current_hp_per_floor":[78,78,83,83,88,88,27,27,27,27,27,33,33,39,39,42,77,22,22,22,22,22,0],"gold":0,"neow_bonus":"TEN_PERCENT_HP_BONUS","is_prod":false,"is_daily":false,"chose_seed":false,"campfire_upgraded":3,"win_rate":0,"timestamp":1567386664,"path_taken":["M","?","M","?","M","R","E","R","T","?","$","?","$","M","R","BOSS","M","?","?","?","?","E"],"build_version":"2019-07-17","purchased_purges":2,"victory":false,"max_hp_per_floor":[88,88,88,88,88,88,88,88,88,88,88,88,88,88,88,88,88,88,88,88,88,88,88],"card_choices":[{"not_picked":["Rupture","Clothesline","Sentinel"],"picked":"SKIP","floor":1.0},{"not_picked":["Clash","Combust"],"picked":"Armaments","floor":3.0},{"not_picked":["Anger","Intimidate","Sword Boomerang"],"picked":"SKIP","floor":5.0},{"not_picked":["Flex","Ghostly Armor"],"picked":"Shrug It Off","floor":7.0},{"not_picked":["Hemokinesis","Anger","Iron Wave"],"picked":"SKIP","floor":12.0},{"not_picked":["Feed","True Grit","Bloodletting"],"picked":"SKIP","floor":14},{"not_picked":["Cleave","Flex"],"picked":"Shrug It Off+1","floor":18}],"player_experience":164749,"relics_obtained":[{"floor":7.0,"key":"Ancient Tea Set"},{"floor":9.0,"key":"Regal Pillow"}],"event_choices":[{"cards_removed":["Strike_R"],"damage_healed":0.0,"max_hp_gain":0.0,"max_hp_loss":0.0,"gold_gain":0.0,"event_name":"The Cleric","player_choice":"Card Removal","floor":2.0,"gold_loss":50.0,"damage_taken":0.0},{"damage_healed":0.0,"max_hp_gain":0.0,"max_hp_loss":0.0,"gold_gain":175.0,"event_name":"Liars Game","player_choice":"AGREE","floor":4.0,"gold_loss":0.0,"damage_taken":0.0,"cards_obtained":["Doubt"]},{"damage_healed":0.0,"max_hp_gain":0.0,"max_hp_loss":0.0,"gold_gain":0.0,"event_name":"Lab","player_choice":"Got Potions","floor":10.0,"gold_loss":0.0,"damage_taken":0.0},{"damage_healed":0,"gold_gain":0,"player_choice":"Opened","damage_taken":0,"relics_obtained":["Mummified Hand"],"max_hp_gain":0,"max_hp_loss":0,"event_name":"The Mausoleum","floor":19,"gold_loss":0},{"damage_healed":0,"gold_gain":0,"player_choice":"Paid Fearfully","damage_taken":0,"max_hp_gain":0,"max_hp_loss":0,"event_name":"Masked Bandits","floor":20,"gold_loss":168},{"damage_healed":0,"gold_gain":0,"player_choice":"Read","damage_taken":0,"max_hp_gain":0,"max_hp_loss":0,"event_name":"The Library","floor":21,"gold_loss":0,"cards_obtained":["Metallicize"]},{"damage_healed":0,"gold_gain":0,"player_choice":"Traded Relic","damage_taken":0,"relics_obtained":["Nloth\u0027s Gift"],"max_hp_gain":0,"max_hp_loss":0,"event_name":"N\u0027loth","floor":22,"relics_lost":["Empty Cage"],"gold_loss":0}],"is_beta":false,"boss_relics":[{"not_picked":["Eternal Feather","Runic Pyramid"],"picked":"Empty Cage"}],"items_purged_floors":[11,13],"is_endless":false,"potions_floor_spawned":[1,5,12,14],"killed_by":"Book of Stabbing","ascension_level":8}