{"gold_per_floor":[111,54,68,68,68,68,81,119,154,182,213,225,255,302,314,415,427,458,495,527,539,572,584],"floor_reached":23,"playtime":840,"items_purged":[],"score":460,"play_id":"d878ade7-e0fe-4621-ab6f-2abbfb011c59","local_time":"20190813220408","is_ascension_mode":true,"campfire_choices":[{"data":"Neutralize","floor":6,"key":"SMITH"},{"data":"Malaise","floor":15,"key":"SMITH"}],"neow_cost":"NONE","seed_source_timestamp":1389962975036,"circlet_count":0,"master_deck":["AscendersBane","Strike_G+1","Defend_G","Defend_G","Defend_G","Defend_G","Defend_G+1","Survivor","Neutralize+1","Dagger Throw+1","Corpse Explosion+1","Quick Slash","PiercingWail","Malaise+1","Malaise","Footwork","Backflip"],"relics":["Astrolabe","Golden Idol","MawBank","Snake Skull","Bottled Flame","Snecko Eye"],"potions_floor_usage":[8,10,16,20,20,22],"damage_taken":[{"damage":1,"enemies":"Small Slimes","floor":1,"turns":3},{"damage":0,"enemies":"Jaw Worm","floor":3,"turns":4},{"damage":0,"enemies":"Cultist","floor":7,"turns":3},{"damage":17,"enemies":"Lagavulin","floor":8,"turns":8},{"damage":0,"enemies":"Gremlin Gang","floor":10,"turns":1},{"damage":7,"enemies":"Exordium Thugs","floor":11,"turns":9},{"damage":0,"enemies":"Lots of Slimes","floor":13,"turns":1},{"damage":14,"enemies":"3 Sentries","floor":14,"turns":5},{"damage":9,"enemies":"The Guardian","floor":16,"turns":12},{"damage":7,"enemies":"Spheric Guardian","floor":18,"turns":4},{"damage":2,"enemies":"Chosen","floor":19,"turns":7},{"damage":0,"enemies":"Snake Plant","floor":20,"turns":6},{"damage":25,"enemies":"Cultist and Chosen","floor":22,"turns":4},{"damage":24,"enemies":"Slavers","floor":23,"turns":3}],"seed_played":"3044353933236406748","potions_obtained":[{"floor":1,"key":"Explosive Potion"},{"floor":3,"key":"Dexterity Potion"},{"floor":10,"key":"AttackPotion"},{"floor":16,"key":"Energy Potion"},{"floor":18,"key":"Block Potion"},{"floor":20,"key":"Fruit Juice"}],"is_trial":false,"path_per_floor":["M","$","M","?","?","R","M","E","T","M","M","?","M","E","R","B",null,"M","M","M","?","M","E"],"character_chosen":"THE_SILENT","items_purchased":["PiercingWail"],"campfire_rested":0,"item_purchase_floors":[2],"current_hp_per_floor":[58,58,58,38,38,38,38,21,21,21,14,60,60,46,46,37,54,47,45,50,50,25,1],"gold":584,"neow_bonus":"BOSS_RELIC","is_prod":false,"is_daily":false,"chose_seed":false,"campfire_upgraded":2,"win_rate":0,"timestamp":1565748248,"path_taken":["M","$","M","?","?","R","M","E","T","M","M","?","?","E","R","BOSS","M","?","M","?","?","E"],"build_version":"2019-07-17","purchased_purges":0,"victory":false,"max_hp_per_floor":[66,66,66,66,60,60,60,60,60,60,60,60,60,60,60,60,60,60,60,65,65,65,65],"card_choices":[{"not_picked":["Expertise","Caltrops"],"picked":"Quick Slash","floor":1},{"not_picked":["Tactician","Dodge and Roll","Flying Knee"],"picked":"SKIP","floor":3},{"not_picked":["Flechettes","Poisoned Stab","Heel Hook"],"picked":"SKIP","floor":7},{"not_picked":["Dagger Throw","PiercingWail"],"picked":"Malaise","floor":8},{"not_picked":["Flying Knee","Dagger Spray","Underhanded Strike"],"picked":"SKIP","floor":10},{"not_picked":["Dodge and Roll","Quick Slash","Sucker Punch"],"picked":"SKIP","floor":11},{"not_picked":["Blade Dance","Deflect","Acrobatics"],"picked":"SKIP","floor":13},{"not_picked":["Outmaneuver","Tools of the Trade","Dagger Spray"],"picked":"SKIP","floor":14},{"not_picked":["A Thousand Cuts","Venomology"],"picked":"Malaise","floor":16},{"not_picked":["Dodge and Roll","Acrobatics"],"picked":"Footwork","floor":18},{"not_picked":["Sucker Punch","Tactician","Terror+1"],"picked":"SKIP","floor":19},{"not_picked":["Tactician","Dagger Throw","Flying Knee"],"picked":"SKIP","floor":20},{"not_picked":["Calculated Gamble","Cloak And Dagger"],"picked":"Backflip","floor":22}],"player_experience":558566,"relics_obtained":[{"floor":8,"key":"MawBank"},{"floor":9,"key":"Snake Skull"},{"floor":14,"key":"Bottled Flame"}],"event_choices":[{"damage_healed":0,"gold_gain":0,"player_choice":"Entered Light","damage_taken":20,"max_hp_gain":0,"max_hp_loss":0,"event_name":"Shining Light","floor":4,"gold_loss":0,"cards_upgraded":["Defend_G","Strike_G"]},{"damage_healed":0,"gold_gain":0,"player_choice":"Lose Max HP","damage_taken":0,"relics_obtained":["Golden Idol"],"max_hp_gain":0,"max_hp_loss":6,"event_name":"Golden Idol","floor":5,"gold_loss":0},{"cards_removed":["Distraction"],"damage_healed":46,"gold_gain":0,"player_choice":"Offered Uncommon","damage_taken":0,"max_hp_gain":0,"max_hp_loss":0,"event_name":"Bonfire Elementals","floor":12,"gold_loss":0},{"cards_removed":["Strike_G"],"damage_healed":0,"gold_gain":0,"player_choice":"Purged","damage_taken":0,"max_hp_gain":0,"max_hp_loss":0,"event_name":"Purifier","floor":21,"gold_loss":0}],"is_beta":false,"boss_relics":[{"not_picked":["Sozu","Cursed Key"],"picked":"Snecko Eye"}],"items_purged_floors":[],"is_endless":false,"potions_floor_spawned":[1,3,10,16,18,20],"killed_by":"Slavers","ascension_level":20}