{"gold_per_floor":[114,114,114,114,164,164,194,220,232,244,267,279,319,342,354,366],"floor_reached":16,"playtime":309,"items_purged":[],"score":259,"play_id":"4f66adb0-4686-4fa8-8fd5-5ae78e8ae152","local_time":"20190515113348","is_ascension_mode":true,"campfire_choices":[{"data":"Zap","floor":6,"key":"SMITH"},{"data":"Glacier","floor":10,"key":"SMITH"},{"data":"Buffer","floor":12,"key":"SMITH"},{"data":"Sweeping Beam","floor":15,"key":"SMITH"}],"neow_cost":"NONE","seed_source_timestamp":404793018532688,"circlet_count":0,"master_deck":["AscendersBane","Strike_B","Strike_B","Strike_B","Defend_B","Defend_B","Defend_B","Defend_B","Zap+1","Dualcast","Streamline","Glacier+1","Sweeping Beam+1","Buffer+1"],"relics":["Cracked Core","NeowsBlessing","Smiling Mask","Bag of Preparation","MawBank","Shuriken","Gambling Chip"],"potions_floor_usage":[16,16],"damage_taken":[{"damage":0,"enemies":"2 Louse","floor":1,"turns":1},{"damage":0,"enemies":"Lagavulin","floor":7,"turns":1},{"damage":0,"enemies":"Jaw Worm","floor":8,"turns":1},{"damage":0,"enemies":"Small Slimes","floor":11,"turns":3},{"damage":14,"enemies":"3 Sentries","floor":13,"turns":11},{"damage":0,"enemies":"Blue Slaver","floor":14,"turns":4},{"damage":36,"enemies":"Slime Boss","floor":16,"turns":9}],"seed_played":"-6027355936237624695","potions_obtained":[{"floor":7,"key":"Weak Potion"},{"floor":13,"key":"Swift Potion"}],"is_trial":false,"path_per_floor":["M","?","?","T","T","R","E","M","T","R","M","R","E","M","R","B"],"character_chosen":"DEFECT","items_purchased":[],"campfire_rested":0,"item_purchase_floors":[],"current_hp_per_floor":[64,57,62,62,62,62,62,62,62,62,62,62,48,48,48,12],"gold":366,"neow_bonus":"THREE_ENEMY_KILL","is_prod":false,"is_daily":false,"chose_seed":false,"campfire_upgraded":4,"win_rate":0,"timestamp":1557934428,"path_taken":["M","?","?","?","?","R","E","M","T","R","M","R","E","M","R","BOSS"],"build_version":"2019-01-23","purchased_purges":0,"victory":false,"max_hp_per_floor":[71,71,76,76,76,76,76,76,76,76,76,76,76,76,76,76],"card_choices":[{"not_picked":["Stack","Blizzard"],"picked":"Streamline","floor":1},{"not_picked":["Redo","Streamline"],"picked":"Glacier","floor":7},{"not_picked":["Stack","Rip and Tear"],"picked":"Sweeping Beam","floor":8},{"not_picked":["Undo","Streamline"],"picked":"Buffer","floor":11},{"not_picked":["Hologram","Hyperbeam","Compile Driver"],"picked":"SKIP","floor":13},{"not_picked":["Rebound","Turbo","Sweeping Beam"],"picked":"SKIP","floor":14}],"player_experience":368787,"relics_obtained":[{"floor":4,"key":"Smiling Mask"},{"floor":5,"key":"Bag of Preparation"},{"floor":7,"key":"MawBank"},{"floor":9,"key":"Shuriken"},{"floor":13,"key":"Gambling Chip"}],"event_choices":[{"cards_removed":["Strike_B"],"damage_healed":0,"gold_gain":0,"player_choice":"Card Removal","damage_taken":7,"max_hp_gain":0,"max_hp_loss":0,"event_name":"Golden Wing","floor":2,"gold_loss":0},{"damage_healed":0,"gold_gain":0,"player_choice":"Donut","damage_taken":0,"max_hp_gain":5,"max_hp_loss":0,"event_name":"Big Fish","floor":3,"gold_loss":0}],"is_beta":false,"boss_relics":[],"items_purged_floors":[],"is_endless":false,"potions_floor_spawned":[7,13],"killed_by":"Slime Boss","ascension_level":19}