{"gold_per_floor":[119,119,136,53,53,53,83,105,128,128,53,65,65,95,107,217,229,252,89,99,118,135,170,187,205,257,257],"floor_reached":27,"playtime":2024,"items_purged":["Blind"],"score":342,"play_id":"b9211dd8-36a8-4ea2-9848-12cca72d5227","local_time":"20190809002520","is_ascension_mode":true,"campfire_choices":[{"floor":6,"key":"RECALL"},{"floor":10,"key":"REST"},{"floor":15,"key":"REST"}],"neow_cost":"NONE","seed_source_timestamp":256104898063264,"circlet_count":0,"master_deck":["Survivor+1","Neutralize","Flechettes+1","Sucker Punch+1","Finisher","Skewer","Well Laid Plans","Leg Sweep","Infinite Blades","Bullet Time+1","Predator","Acrobatics","Infinite Blades","Escape Plan","Adrenaline","Terror","Riddle With Holes","A Thousand Cuts","Finisher","Panache","Noxious Fumes","Bouncing Flask+1","Envenom","Terror+1"],"relics":["Pandora\u0027s Box","Bottled Flame","Odd Mushroom","MawBank","Sozu","Girya","Whetstone"],"potions_floor_usage":[18,27],"damage_taken":[{"damage":0,"enemies":"2 Louse","floor":1,"turns":2},{"damage":13,"enemies":"Small Slimes","floor":3,"turns":3},{"damage":7,"enemies":"Gremlin Nob","floor":7,"turns":4},{"damage":1,"enemies":"The Mushroom Lair","floor":8,"turns":4},{"damage":12,"enemies":"Jaw Worm","floor":12,"turns":2},{"damage":0,"enemies":"Large Slime","floor":14,"turns":4},{"damage":0,"enemies":"Slime Boss","floor":16,"turns":3},{"damage":2,"enemies":"3 Byrds","floor":18,"turns":3},{"damage":0,"enemies":"Spheric Guardian","floor":20,"turns":3},{"damage":11,"enemies":"Shelled Parasite and Fungi","floor":21,"turns":5},{"damage":12,"enemies":"Centurion and Healer","floor":22,"turns":5},{"damage":26,"enemies":"Slavers","floor":23,"turns":5},{"damage":5,"enemies":"3 Cultists","floor":24,"turns":4},{"damage":2,"enemies":"Snecko","floor":25,"turns":4},{"damage":14,"enemies":"Book of Stabbing","floor":27,"turns":2}],"seed_played":"-5713093436383687665","potions_obtained":[{"floor":3,"key":"FearPotion"},{"floor":12,"key":"LiquidBronze"}],"is_trial":false,"path_per_floor":["M","?","M","$","?","R","E","?","T","R","$","M","?","M","R","B",null,"M","$","M","M","M","E","M","M","T","E"],"character_chosen":"THE_SILENT","items_purchased":["Blind","Panache"],"campfire_rested":2,"item_purchase_floors":[4,19],"current_hp_per_floor":[70,56,43,43,43,43,36,35,35,56,56,44,32,32,53,53,70,68,68,68,57,45,19,14,12,12,0],"gold":257,"neow_bonus":"BOSS_RELIC","is_prod":false,"is_daily":false,"chose_seed":false,"campfire_upgraded":0,"win_rate":0,"timestamp":1565324720,"path_taken":["M","?","M","$","?","R","E","?","T","R","$","M","?","M","R","BOSS","M","$","M","M","M","E","M","M","T","E"],"build_version":"2019-07-17","purchased_purges":1,"victory":false,"max_hp_per_floor":[70,70,70,70,70,70,70,70,70,70,70,70,70,70,70,70,70,70,70,70,70,70,70,70,70,70,70],"card_choices":[{"not_picked":["Poisoned Stab","Concentrate"],"picked":"Acrobatics","floor":1},{"not_picked":["Poisoned Stab","Deadly Poison"],"picked":"Infinite Blades","floor":3},{"not_picked":["Deflect","Bane"],"picked":"Escape Plan","floor":7},{"not_picked":["Quick Slash","Backflip"],"picked":"Adrenaline","floor":8},{"not_picked":["Outmaneuver","Skewer"],"picked":"Terror","floor":12},{"not_picked":["Dodge and Roll","Prepared"],"picked":"Riddle With Holes","floor":14},{"not_picked":["Grand Finale","Unload"],"picked":"A Thousand Cuts","floor":16},{"not_picked":["Deadly Poison+1","Concentrate"],"picked":"Finisher","floor":18},{"not_picked":["Dagger Throw","Bane","Catalyst"],"picked":"SKIP","floor":20},{"not_picked":["Dodge and Roll","Outmaneuver+1"],"picked":"Noxious Fumes","floor":21},{"not_picked":["Dagger Throw","Flying Knee"],"picked":"Bouncing Flask+1","floor":22},{"not_picked":["Riddle With Holes","Masterful Stab"],"picked":"Envenom","floor":23},{"not_picked":["Sucker Punch+1","Footwork"],"picked":"Terror+1","floor":24},{"not_picked":["Masterful Stab","Sucker Punch+1","Eviscerate"],"picked":"SKIP","floor":25}],"player_experience":120909,"relics_obtained":[{"floor":7,"key":"Bottled Flame"},{"floor":8,"key":"Odd Mushroom"},{"floor":23,"key":"Girya"},{"floor":26,"key":"Whetstone"}],"event_choices":[{"damage_healed":0,"gold_gain":0,"player_choice":"Entered Light","damage_taken":14,"max_hp_gain":0,"max_hp_loss":0,"event_name":"Shining Light","floor":2,"gold_loss":0,"cards_upgraded":["Bullet Time","Survivor"]},{"cards_removed":["Flechettes"],"damage_healed":0,"gold_gain":0,"player_choice":"Forget","damage_taken":0,"max_hp_gain":0,"max_hp_loss":0,"event_name":"Living Wall","floor":5,"gold_loss":0},{"damage_healed":0,"gold_gain":0,"player_choice":"Fought Mushrooms","damage_taken":0,"max_hp_gain":0,"max_hp_loss":0,"event_name":"Mushrooms","floor":8,"gold_loss":0},{"damage_healed":0,"gold_gain":0,"player_choice":"Success","damage_taken":12,"relics_obtained":["MawBank"],"max_hp_gain":0,"max_hp_loss":0,"event_name":"Scrap Ooze","floor":13,"gold_loss":0}],"is_beta":false,"boss_relics":[{"not_picked":["Snecko Eye","White Beast Statue"],"picked":"Sozu"}],"items_purged_floors":[11],"is_endless":false,"potions_floor_spawned":[3,7,12,18,22,24,25],"killed_by":"Book of Stabbing","ascension_level":4}