{"gold_per_floor":[119,138,149,164,174,174,203,203,203,236,236,263,263,296,296,370,370,384,384,25,35,52,52,52,67,93,108,126,126,137,150,150,224,224,243,254,254,266,266],"floor_reached":39,"playtime":2324,"items_purged":["Strike_B"],"score":909,"play_id":"783f13fe-500e-4d2f-ad84-f577fa1b6f1c","local_time":"20180926024716","is_ascension_mode":true,"campfire_choices":[{"floor":6.0,"key":"REST"},{"floor":8.0,"key":"REST"},{"floor":11.0,"key":"REST"},{"floor":13.0,"key":"REST"},{"data":"Creative AI","floor":15.0,"key":"SMITH"},{"floor":23.0,"key":"REST"},{"floor":29.0,"key":"REST"},{"floor":32.0,"key":"REST"}],"neow_cost":"NONE","seed_source_timestamp":1079679301944800,"circlet_count":0,"master_deck":["Defend_B+1","Defend_B+1","Defend_B+1","Defend_B+1","Zap","Dualcast","AscendersBane","Core Surge","Cold Snap","Ball Lightning","Hologram","Melter","Conserve Battery","Cold Snap","Creative AI+1","Reboot","Seek+1","Blizzard+1","Machine Learning+1","Turbo+1","Ball Lightning","All For One","Biased Cognition","Consume","Panacea","Dark Shackles"],"special_seed":0,"relics":["Cracked Core","Singing Bowl","Dodecahedron","Darkstone Periapt","Anchor","Bottled Flame","Astrolabe","Cables","Smiling Mask","Inserter"],"potions_floor_usage":[],"damage_taken":[{"damage":8.0,"enemies":"2 Louse","floor":1.0,"turns":3.0},{"damage":10.0,"enemies":"Small Slimes","floor":2.0,"turns":4.0},{"damage":0.0,"enemies":"Cultist","floor":3.0,"turns":2.0},{"damage":0.0,"enemies":"Large Slime","floor":4.0,"turns":4.0},{"damage":6.0,"enemies":"Looter","floor":5.0,"turns":3.0},{"damage":14.0,"enemies":"3 Sentries","floor":7.0,"turns":7.0},{"damage":24.0,"enemies":"Gremlin Nob","floor":10.0,"turns":4.0},{"damage":14.0,"enemies":"Lagavulin","floor":12.0,"turns":5.0},{"damage":0.0,"enemies":"3 Sentries","floor":14.0,"turns":7.0},{"damage":17.0,"enemies":"Slime Boss","floor":16.0,"turns":10.0},{"damage":16.0,"enemies":"Chosen","floor":18.0,"turns":6.0},{"damage":25.0,"enemies":"3 Byrds","floor":21.0,"turns":7.0},{"damage":14.0,"enemies":"Cultist and Chosen","floor":22.0,"turns":7.0},{"damage":20.0,"enemies":"3 Cultists","floor":25.0,"turns":5.0},{"damage":18.0,"enemies":"Centurion and Healer","floor":27.0,"turns":6.0},{"damage":0.0,"enemies":"Snecko","floor":28.0,"turns":5.0},{"damage":0.0,"enemies":"Cultist and Chosen","floor":30.0,"turns":7.0},{"damage":5.0,"enemies":"Sentry and Sphere","floor":31.0,"turns":4.0},{"damage":17.0,"enemies":"Champ","floor":33.0,"turns":12.0},{"damage":0.0,"enemies":"Orb Walker","floor":35.0,"turns":3.0},{"damage":3.0,"enemies":"3 Shapes","floor":36.0,"turns":6.0},{"damage":24.0,"enemies":"Transient","floor":38.0,"turns":6.0},{"damage":50,"enemies":"Reptomancer","floor":39,"turns":5}],"seed_played":"-8391163818344245841","potions_obtained":[{"floor":3.0,"key":"Fire Potion"},{"floor":4.0,"key":"Weak Potion"},{"floor":10.0,"key":"SpeedPotion"},{"floor":14.0,"key":"Block Potion"},{"floor":21.0,"key":"Explosive Potion"},{"floor":22.0,"key":"Block Potion"},{"floor":28.0,"key":"Fruit Juice"},{"floor":30.0,"key":"EssenceOfSteel"}],"is_trial":false,"path_per_floor":["M","M","M","M","M","R","E","R","T","E","R","E","R","E","R","B",null,"M","?","$","M","M","R","?","M","T","M","M","R","M","M","R","B",null,"M","M","?","M"],"character_chosen":"DEFECT","items_purchased":["Cables"],"campfire_rested":7,"item_purchase_floors":[20],"current_hp_per_floor":[56,46,46,46,40,61,49,70,70,48,70,56,75,75,75,58,71,57,57,57,32,18,41,41,23,23,7,9,40,42,37,64,47,79,79,78,70,48,0],"gold":266,"neow_bonus":"ONE_RANDOM_RARE_CARD","is_prod":false,"is_daily":false,"chose_seed":false,"campfire_upgraded":1,"win_rate":0,"timestamp":1537955236,"path_taken":["M","M","M","M","M","R","E","R","T","E","R","E","R","E","R","BOSS","M","?","?","M","M","R","?","?","T","M","M","R","M","M","R","BOSS","M","M","?","M","M"],"build_version":"2018-09-25","purchased_purges":1,"victory":false,"max_hp_per_floor":[71,71,71,71,71,71,73,73,73,75,75,75,75,75,75,75,75,77,77,77,77,77,77,77,79,79,81,83,88,90,90,90,90,90,90,92,94,96,96],"card_choices":[{"not_picked":["Rebound","Steam"],"picked":"Cold Snap","floor":1.0},{"not_picked":["Reprogram","FTL"],"picked":"Ball Lightning","floor":2.0},{"not_picked":["Stack","Leap"],"picked":"Hologram","floor":3.0},{"not_picked":["Barrage","Turbo"],"picked":"Melter","floor":4.0},{"not_picked":["Steam","Consume"],"picked":"Conserve Battery","floor":5.0},{"not_picked":["Force Field","Conserve Battery","Skim"],"picked":"Singing Bowl","floor":7.0},{"not_picked":["Genetic Algorithm","Tempest","Barrage"],"picked":"Singing Bowl","floor":10.0},{"not_picked":["Hologram","Lockon"],"picked":"Cold Snap","floor":12.0},{"not_picked":["Storm","Double Energy"],"picked":"Creative AI","floor":14.0},{"not_picked":["Hyperbeam","All For One"],"picked":"Reboot","floor":16.0},{"not_picked":["Compile Driver","Darkness","Hologram"],"picked":"Singing Bowl","floor":18.0},{"not_picked":["Streamline","Ball Lightning"],"picked":"Turbo+1","floor":21.0},{"not_picked":["Steam","Hologram"],"picked":"Ball Lightning","floor":22.0},{"not_picked":["Sweeping Beam","Streamline","Turbo"],"picked":"Singing Bowl","floor":25.0},{"not_picked":["Multi-Cast","Conserve Battery","Chaos"],"picked":"Singing Bowl","floor":27.0},{"not_picked":["Rebound","Doom and Gloom","Turbo"],"picked":"Singing Bowl","floor":28.0},{"not_picked":["Capacitor","Beam Cell","Doom and Gloom"],"picked":"Singing Bowl","floor":30.0},{"not_picked":["Tempest","Barrage"],"picked":"All For One","floor":31.0},{"not_picked":["Machine Learning","Reboot"],"picked":"Biased Cognition","floor":33.0},{"not_picked":["Beam Cell","Redo"],"picked":"Consume","floor":35.0},{"not_picked":["FTL","Sweeping Beam","Darkness"],"picked":"Singing Bowl","floor":36.0},{"not_picked":["PanicButton","Sadistic Nature"],"picked":"Panacea","floor":37.0},{"not_picked":["PanicButton","Madness"],"picked":"Dark Shackles","floor":37.0},{"not_picked":["Flash of Steel","Impatience","Swift Strike"],"picked":"Singing Bowl","floor":37.0},{"not_picked":["Tempest","Reprogram","Steam"],"picked":"Singing Bowl","floor":38.0}],"player_experience":2416593,"relics_obtained":[{"floor":7.0,"key":"Singing Bowl"},{"floor":9.0,"key":"Dodecahedron"},{"floor":10.0,"key":"Darkstone Periapt"},{"floor":12.0,"key":"Anchor"},{"floor":14.0,"key":"Bottled Flame"},{"floor":26.0,"key":"Smiling Mask"}],"event_choices":[{"event_name":"Vampires","player_choice":"Ignored","floor":19.0,"damage_taken":0.0},{"event_name":"Back to Basics","player_choice":"Simplicity","floor":24.0,"damage_taken":0.0},{"event_name":"SensoryStone","player_choice":"Memory 3","floor":37.0,"damage_taken":0.0}],"is_beta":true,"boss_relics":[{"not_picked":["Empty Cage","White Beast Statue"],"picked":"Astrolabe"},{"not_picked":["Orrery","Runic Pyramid"],"picked":"Inserter"}],"items_purged_floors":[20],"is_endless":false,"potions_floor_spawned":[3,4,5,10,14,21,22,28,30,31],"killed_by":"Reptomancer","ascension_level":20}