{"gold_per_floor":[115,80,80,80,100,141,141,177,250,250,250,273,312,262,262,383,383,408,408,408,68,91,131,145,163,163,163,54,54,74,117,117,242,242,258,271,289,622,622,622,651,651,651,661,661,211,238,238,238,238],"floor_reached":51,"playtime":1451,"items_purged":["Rebound+1","Doom and Gloom+1"],"score":882,"play_id":"84ee24e3-e460-4e78-b302-ed80a8926403","local_time":"20190207095521","is_ascension_mode":true,"campfire_choices":[{"data":"Storm","floor":7,"key":"SMITH"},{"data":"Self Repair","floor":11,"key":"SMITH"},{"data":"Zap","floor":15,"key":"SMITH"},{"data":"Defragment","floor":27,"key":"SMITH"},{"data":"Defragment","floor":29,"key":"SMITH"},{"data":"Creative AI","floor":32,"key":"SMITH"},{"data":"Thunder Strike","floor":40,"key":"SMITH"},{"floor":42,"key":"REST"},{"floor":49,"key":"REST"}],"neow_cost":"NONE","seed_source_timestamp":66789040544176,"circlet_count":0,"master_deck":["Defend_B+1","Defend_B+1","Defend_B+1","Defend_B+1","Zap+1","Dualcast","Self Repair+1","Ball Lightning","Storm+1","Conserve Battery","Ball Lightning","Machine Learning","Electrodynamics","Core Surge+1","Steam+1","RitualDagger","Defragment+1","Cold Snap","Static Discharge","FTL","Defragment+1","Creative AI+1","Thunder Strike+1","Chill+1","Force Field+1","Reinforced Body","Echo Form","Storm+1"],"relics":["Cracked Core","Anchor","Nunchaku","Dodecahedron","Sundial","Bottled Tornado","Astrolabe","Singing Bowl","Pear","Kunai","PreservedInsect","Inserter","Blood Vial","Regal Pillow","Bronze Scales","Bag of Preparation"],"potions_floor_usage":[16,31,31,33,37,47,47,50],"damage_taken":[{"damage":2,"enemies":"Jaw Worm","floor":1,"turns":3},{"damage":13,"enemies":"Small Slimes","floor":5,"turns":4},{"damage":9,"enemies":"Lagavulin","floor":6,"turns":6},{"damage":30,"enemies":"Gremlin Nob","floor":8,"turns":4},{"damage":0,"enemies":"Cultist","floor":12,"turns":3},{"damage":19,"enemies":"Lagavulin","floor":13,"turns":5},{"damage":8,"enemies":"Slime Boss","floor":16,"turns":7},{"damage":2,"enemies":"Chosen","floor":18,"turns":4},{"damage":0,"enemies":"Spheric Guardian","floor":22,"turns":3},{"damage":0,"enemies":"Gremlin Leader","floor":23,"turns":5},{"damage":14,"enemies":"Centurion and Healer","floor":24,"turns":3},{"damage":0,"enemies":"Cultist and Chosen","floor":25,"turns":4},{"damage":11,"enemies":"3 Cultists","floor":30,"turns":3},{"damage":25,"enemies":"Slavers","floor":31,"turns":4},{"damage":49,"enemies":"Automaton","floor":33,"turns":8},{"damage":0,"enemies":"Orb Walker","floor":35,"turns":3},{"damage":12,"enemies":"3 Shapes","floor":36,"turns":4},{"damage":16,"enemies":"Writhing Mass","floor":37,"turns":5},{"damage":46,"enemies":"Giant Head","floor":41,"turns":7},{"damage":22,"enemies":"Spire Growth","floor":44,"turns":5},{"damage":30,"enemies":"Reptomancer","floor":47,"turns":5},{"damage":44,"enemies":"Time Eater","floor":50,"turns":9}],"seed_played":"1009342270552629327","potions_obtained":[{"floor":1,"key":"SneckoOil"},{"floor":12,"key":"Swift Potion"},{"floor":16,"key":"GamblersBrew"},{"floor":18,"key":"Explosive Potion"},{"floor":24,"key":"Block Potion"},{"floor":33,"key":"Fire Potion"},{"floor":35,"key":"Weak Potion"},{"floor":37,"key":"AttackPotion"},{"floor":47,"key":"Block Potion"}],"is_trial":false,"path_per_floor":["M","$","?","?","M","E","R","E","T","T","R","M","E","?","R","B",null,"M","?","?","$","M","E","M","M","T","R","$","R","M","E","R","B",null,"M","M","M","?","?","R","E","R","T","M","?","$","E","?","R","B",null],"character_chosen":"DEFECT","items_purchased":["Storm","Defragment","Singing Bowl","Cold Snap","Defragment","Echo Form","Bronze Scales","PowerPotion"],"campfire_rested":2,"item_purchase_floors":[2,21,21,21,28,46,46,46],"current_hp_per_floor":[75,75,69,69,63,61,61,38,38,38,38,48,39,39,39,41,69,69,69,63,63,69,79,77,83,83,83,83,83,84,69,69,20,85,87,85,69,69,69,69,33,59,59,49,49,49,31,33,74,42],"gold":238,"neow_bonus":"THREE_CARDS","is_prod":false,"is_daily":false,"chose_seed":false,"campfire_upgraded":7,"win_rate":0,"timestamp":1549551321,"path_taken":["M","$","?","?","M","E","R","E","T","?","R","M","E","?","R","BOSS","M","?","?","$","M","E","M","M","T","R","?","R","M","E","R","BOSS","M","M","M","?","?","R","E","R","T","?","?","$","E","?","R","BOSS"],"build_version":"2019-01-23","purchased_purges":2,"victory":true,"max_hp_per_floor":[75,75,69,69,69,69,69,69,69,69,69,69,69,69,69,69,69,69,69,69,69,69,79,81,83,83,83,83,83,85,85,85,85,85,87,87,87,87,87,87,87,87,87,87,87,87,87,89,89,89],"card_choices":[{"not_picked":["Coolheaded","Rebound"],"picked":"Self Repair","floor":0},{"not_picked":["FTL","Turbo"],"picked":"Ball Lightning","floor":1},{"not_picked":["Go for the Eyes","Turbo"],"picked":"Conserve Battery","floor":5},{"not_picked":["Lockon","Leap","Conserve Battery"],"picked":"SKIP","floor":6},{"not_picked":["Gash","Go for the Eyes"],"picked":"Ball Lightning","floor":8},{"not_picked":["Lockon","Double Energy","Steam"],"picked":"SKIP","floor":12},{"not_picked":["Beam Cell","Undo"],"picked":"Machine Learning","floor":13},{"not_picked":["Reboot","Creative AI"],"picked":"Electrodynamics","floor":16},{"not_picked":["Genetic Algorithm","Leap"],"picked":"Steam+1","floor":18},{"not_picked":["Sweeping Beam+1","Streamline+1"],"picked":"Static Discharge","floor":22},{"not_picked":["Go for the Eyes","Reinforced Body"],"picked":"FTL","floor":23},{"not_picked":["Streamline","Conserve Battery+1","Double Energy"],"picked":"Singing Bowl","floor":24},{"not_picked":["Turbo","Streamline","Cold Snap+1"],"picked":"Singing Bowl","floor":25},{"not_picked":["Ball Lightning","Hologram+1","Coolheaded"],"picked":"Singing Bowl","floor":30},{"not_picked":["Reboot","Stack"],"picked":"Creative AI","floor":31},{"not_picked":["Electrodynamics","Core Surge"],"picked":"Thunder Strike","floor":33},{"not_picked":["Compile Driver","Aggregate+1","Rip and Tear"],"picked":"Singing Bowl","floor":35},{"not_picked":["Stack","Static Discharge+1"],"picked":"Chill+1","floor":36},{"not_picked":["BootSequence","Chaos"],"picked":"Force Field+1","floor":37},{"not_picked":["Barrage","Cold Snap"],"picked":"Reinforced Body","floor":41},{"not_picked":["Sweeping Beam","Streamline+1"],"picked":"Chaos+1","floor":44},{"not_picked":["Genetic Algorithm","Fusion"],"picked":"Storm+1","floor":47},{"not_picked":["Forethought","Trip","Jack Of All Trades"],"picked":"Singing Bowl","floor":48}],"player_experience":33288,"relics_obtained":[{"floor":6,"key":"Anchor"},{"floor":8,"key":"Nunchaku"},{"floor":9,"key":"Dodecahedron"},{"floor":10,"key":"Sundial"},{"floor":13,"key":"Bottled Tornado"},{"floor":23,"key":"Pear"},{"floor":26,"key":"Kunai"},{"floor":31,"key":"PreservedInsect"},{"floor":41,"key":"Blood Vial"},{"floor":43,"key":"Regal Pillow"},{"floor":47,"key":"Bag of Preparation"}],"event_choices":[{"damage_healed":0,"gold_gain":0,"player_choice":"Lose Max HP","damage_taken":0,"relics_obtained":["Golden Idol"],"max_hp_gain":0,"max_hp_loss":6,"event_name":"Golden Idol","floor":3,"gold_loss":0},{"damage_healed":0,"gold_gain":0,"player_choice":"Ignored","damage_taken":0,"max_hp_gain":0,"max_hp_loss":0,"event_name":"Liars Game","floor":4,"gold_loss":0},{"cards_removed":["Strike_B"],"damage_healed":0,"gold_gain":0,"player_choice":"Card Removal","damage_taken":0,"max_hp_gain":0,"max_hp_loss":0,"event_name":"The Cleric","floor":14,"gold_loss":50},{"damage_healed":0,"gold_gain":0,"player_choice":"Simplicity","damage_taken":0,"max_hp_gain":0,"max_hp_loss":0,"event_name":"Back to Basics","floor":19,"gold_loss":0,"cards_upgraded":["Defend_B","Defend_B","Defend_B","Defend_B"]},{"damage_healed":0,"gold_gain":0,"player_choice":"Joined the Cult","damage_taken":6,"max_hp_gain":0,"max_hp_loss":0,"event_name":"Nest","floor":20,"gold_loss":0,"cards_obtained":["RitualDagger"]},{"damage_healed":0,"gold_gain":333,"player_choice":"Gave Idol","damage_taken":0,"max_hp_gain":0,"max_hp_loss":0,"event_name":"The Moai Head","floor":38,"relics_lost":["Golden Idol"],"gold_loss":0},{"damage_healed":0,"gold_gain":0,"player_choice":"0 cards matched","damage_taken":0,"max_hp_gain":0,"max_hp_loss":0,"event_name":"Match and Keep!","floor":39,"gold_loss":0,"cards_obtained":[]},{"cards_removed":["Chaos"],"damage_healed":0,"gold_gain":0,"player_choice":"Removed Skill","damage_taken":0,"max_hp_gain":0,"max_hp_loss":0,"event_name":"Falling","floor":45,"gold_loss":0},{"damage_healed":0,"gold_gain":0,"player_choice":"Memory 1","damage_taken":0,"max_hp_gain":0,"max_hp_loss":0,"event_name":"SensoryStone","floor":48,"gold_loss":0}],"is_beta":false,"boss_relics":[{"not_picked":["Velvet Choker","Calling Bell"],"picked":"Astrolabe"},{"not_picked":["Pandora\u0027s Box","Coffee Dripper"],"picked":"Inserter"}],"items_purged_floors":[28,46],"is_endless":false,"potions_floor_spawned":[1,12,16,18,24,25,33,35,37,47],"ascension_level":2}