{"gold_per_floor":[118,118,118,16,39,39,83,83,83,83,99,99,120,120,120,219,219,219,219,219,219,219,219,219,219,219,219],"floor_reached":27,"playtime":1128,"items_purged":[],"score":476,"play_id":"9bd08ce1-722f-406e-87e6-f15546ee4ebd","local_time":"20190817001034","is_ascension_mode":true,"campfire_choices":[{"data":"Zap","floor":6,"key":"SMITH"},{"data":"Cold Snap","floor":8,"key":"SMITH"},{"floor":15,"key":"REST"},{"floor":24,"key":"REST"}],"neow_cost":"NONE","seed_source_timestamp":119771027855355,"circlet_count":0,"master_deck":["AscendersBane","Strike_B","Strike_B","Strike_B","Defend_B","Defend_B","Defend_B","Defend_B","Zap+1","Dualcast","Cold Snap+1","BootSequence","Gash","Ball Lightning","Gash","Buffer","Hologram+1","Seek+1","Cold Snap+1","Ghostly+1","Ghostly+1","Ghostly+1","Defragment","Hologram+1","Conserve Battery+1","Gash"],"relics":["Cracked Core","NeowsBlessing","Golden Idol","Bag of Preparation","Regal Pillow","Toxic Egg 2","Ectoplasm","FaceOfCleric","Omamori"],"potions_floor_usage":[16,16,20],"damage_taken":[{"damage":0,"enemies":"Small Slimes","floor":1,"turns":1},{"damage":0,"enemies":"2 Louse","floor":5,"turns":1},{"damage":0,"enemies":"3 Sentries","floor":7,"turns":1},{"damage":0,"enemies":"Cultist","floor":11,"turns":2},{"damage":4,"enemies":"2 Fungi Beasts","floor":13,"turns":3},{"damage":37,"enemies":"Slime Boss","floor":16,"turns":12},{"damage":43,"enemies":"3 Byrds","floor":18,"turns":6},{"damage":0,"enemies":"Shell Parasite","floor":20,"turns":5},{"damage":17,"enemies":"3 Cultists","floor":22,"turns":7},{"damage":0,"enemies":"Snecko","floor":23,"turns":6},{"damage":25,"enemies":"Cultist and Chosen","floor":25,"turns":9},{"damage":16,"enemies":"Shelled Parasite and Fungi","floor":27,"turns":1}],"seed_played":"270124625947444327","potions_obtained":[{"floor":1,"key":"EssenceOfSteel"},{"floor":5,"key":"GamblersBrew"},{"floor":16,"key":"Poison Potion"},{"floor":18,"key":"Energy Potion"},{"floor":22,"key":"FearPotion"}],"is_trial":false,"path_per_floor":["M","?","?","$","M","R","E","R","T","?","M","T","M","?","R","B",null,"M","?","M","?","M","M","R","M","T","M"],"character_chosen":"DEFECT","items_purchased":["BootSequence","Gash"],"campfire_rested":2,"item_purchase_floors":[4,4],"current_hp_per_floor":[64,40,45,45,45,45,45,45,45,34,34,34,30,23,60,23,63,20,20,20,20,4,5,32,8,8,0],"gold":219,"neow_bonus":"THREE_ENEMY_KILL","is_prod":false,"is_daily":false,"chose_seed":false,"campfire_upgraded":2,"win_rate":0,"timestamp":1566025834,"path_taken":["M","?","?","$","M","R","E","R","T","?","M","?","?","?","R","BOSS","M","?","M","?","?","M","R","M","T","M"],"build_version":"2019-08-15","purchased_purges":0,"victory":false,"max_hp_per_floor":[71,71,76,76,76,76,76,76,76,76,76,76,76,76,76,76,76,76,38,38,38,39,40,40,41,41,41],"card_choices":[{"not_picked":["Rip and Tear","Conserve Battery"],"picked":"Cold Snap","floor":1},{"not_picked":["Streamline","Compile Driver"],"picked":"Ball Lightning","floor":5},{"not_picked":["Loop","Hello World"],"picked":"Gash","floor":7},{"not_picked":["Chill+1","Hologram+1"],"picked":"Buffer","floor":11},{"not_picked":["Stack+1","Redo+1"],"picked":"Hologram+1","floor":13},{"not_picked":["Multi-Cast+1","Buffer"],"picked":"Seek+1","floor":16},{"not_picked":["Ball Lightning","Loop"],"picked":"Cold Snap+1","floor":18},{"not_picked":["Double Energy+1","Redo+1"],"picked":"Defragment","floor":20},{"not_picked":["Compile Driver","Cold Snap"],"picked":"Hologram+1","floor":22},{"not_picked":["Force Field+1","Consume+1"],"picked":"Conserve Battery+1","floor":23},{"not_picked":["Doom and Gloom","Barrage"],"picked":"Gash","floor":25}],"player_experience":2964011,"relics_obtained":[{"floor":7,"key":"Bag of Preparation"},{"floor":9,"key":"Regal Pillow"},{"floor":26,"key":"Omamori"}],"event_choices":[{"damage_healed":0,"gold_gain":0,"player_choice":"Take Damage","damage_taken":24,"relics_obtained":["Golden Idol"],"max_hp_gain":0,"max_hp_loss":0,"event_name":"Golden Idol","floor":2,"gold_loss":0},{"damage_healed":0,"gold_gain":0,"player_choice":"Donut","damage_taken":0,"max_hp_gain":5,"max_hp_loss":0,"event_name":"Big Fish","floor":3,"gold_loss":0},{"damage_healed":0,"gold_gain":0,"player_choice":"Success","damage_taken":11,"relics_obtained":["Toxic Egg 2"],"max_hp_gain":0,"max_hp_loss":0,"event_name":"Scrap Ooze","floor":10,"gold_loss":0},{"cards_removed":["Strike_B"],"damage_healed":0,"gold_gain":0,"player_choice":"Card Removal","damage_taken":7,"max_hp_gain":0,"max_hp_loss":0,"event_name":"Golden Wing","floor":14,"gold_loss":0},{"damage_healed":0,"gold_gain":0,"player_choice":"Became a Ghost","damage_taken":0,"max_hp_gain":0,"max_hp_loss":38,"event_name":"Ghosts","floor":19,"gold_loss":0,"cards_obtained":["Ghostly","Ghostly","Ghostly"]},{"damage_healed":0,"gold_gain":0,"player_choice":"Trade","damage_taken":0,"relics_obtained":["FaceOfCleric"],"max_hp_gain":0,"max_hp_loss":0,"event_name":"FaceTrader","floor":21,"gold_loss":0}],"is_beta":true,"boss_relics":[{"not_picked":["Philosopher\u0027s Stone","Busted Crown"],"picked":"Ectoplasm"}],"items_purged_floors":[],"is_endless":false,"potions_floor_spawned":[1,5,16,18,22],"killed_by":"Shelled Parasite and Fungi","ascension_level":20}