{"gold_per_floor":[114,129,129,129,148,148,167,167,167,180,33,46,46,70,70,70],"floor_reached":16,"playtime":496,"items_purged":[],"score":113,"play_id":"72437a0b-2a08-49f3-a094-4f18f8c9ab15","local_time":"20190818033819","is_ascension_mode":true,"campfire_choices":[{"data":"Crippling Poison","floor":6,"key":"SMITH"},{"data":"Blade Dance","floor":8,"key":"SMITH"},{"data":"Storm of Steel","floor":13,"key":"SMITH"},{"data":"Finisher","floor":15,"key":"SMITH"}],"neow_cost":"NONE","seed_source_timestamp":61556299403009,"circlet_count":0,"master_deck":["Strike_G","Strike_G","Strike_G","Strike_G","Strike_G","Defend_G","Defend_G","Defend_G","Defend_G","Defend_G","Survivor","Neutralize+1","Finisher+1","Crippling Poison+1","Blade Dance+1","Escape Plan","Storm of Steel+1","PiercingWail"],"relics":["Ring of the Snake","NeowsBlessing","Golden Idol","Blue Candle"],"potions_floor_usage":[16],"damage_taken":[{"damage":0,"enemies":"Jaw Worm","floor":1,"turns":1},{"damage":0,"enemies":"Small Slimes","floor":2,"turns":1},{"damage":0,"enemies":"Cultist","floor":5,"turns":1},{"damage":1,"enemies":"Blue Slaver","floor":7,"turns":5},{"damage":3,"enemies":"Large Slime","floor":10,"turns":4},{"damage":6,"enemies":"2 Fungi Beasts","floor":12,"turns":3},{"damage":8,"enemies":"Lots of Slimes","floor":14,"turns":3},{"damage":37,"enemies":"Hexaghost","floor":16,"turns":11}],"seed_played":"6963176049642322162","potions_obtained":[{"floor":1,"key":"SneckoOil"},{"floor":10,"key":"Poison Potion"},{"floor":12,"key":"GhostInAJar"},{"floor":14,"key":"Energy Potion"}],"is_trial":false,"path_per_floor":["M","M","?","?","M","R","M","R","T","M","$","M","R","M","R","B"],"character_chosen":"THE_SILENT","items_purchased":["Storm of Steel"],"campfire_rested":0,"item_purchase_floors":[11],"current_hp_per_floor":[70,70,70,53,53,53,52,52,52,49,49,43,43,35,35,0],"gold":70,"neow_bonus":"THREE_ENEMY_KILL","is_prod":false,"is_daily":false,"chose_seed":false,"campfire_upgraded":4,"win_rate":0,"timestamp":1566067099,"path_taken":["M","M","?","?","M","R","M","R","T","M","?","M","R","M","R","BOSS"],"build_version":"2019-07-17","purchased_purges":0,"victory":false,"max_hp_per_floor":[70,70,70,70,70,70,70,70,70,70,70,70,70,70,70,70],"card_choices":[{"not_picked":["Eviscerate","Dodge and Roll"],"picked":"Finisher","floor":1},{"not_picked":["Sucker Punch","Dagger Throw"],"picked":"Crippling Poison","floor":2},{"not_picked":["Masterful Stab","Predator","Distraction"],"picked":"SKIP","floor":5},{"not_picked":["Dagger Spray","Dagger Throw"],"picked":"Blade Dance","floor":7},{"not_picked":["Caltrops","Prepared"],"picked":"Escape Plan","floor":10},{"not_picked":["Dagger Throw","Flechettes","Quick Slash"],"picked":"SKIP","floor":12},{"not_picked":["Slice","Prepared"],"picked":"PiercingWail","floor":14}],"player_experience":169447,"relics_obtained":[{"floor":9,"key":"Blue Candle"}],"event_choices":[{"damage_healed":0,"gold_gain":0,"player_choice":"Grow","damage_taken":0,"max_hp_gain":0,"max_hp_loss":0,"event_name":"Living Wall","floor":3,"gold_loss":0,"cards_upgraded":["Neutralize"]},{"damage_healed":0,"gold_gain":0,"player_choice":"Take Damage","damage_taken":17,"relics_obtained":["Golden Idol"],"max_hp_gain":0,"max_hp_loss":0,"event_name":"Golden Idol","floor":4,"gold_loss":0}],"is_beta":false,"boss_relics":[],"items_purged_floors":[],"is_endless":false,"potions_floor_spawned":[1,10,12,14],"killed_by":"Hexaghost","ascension_level":4}