{"gold_per_floor":[112,30,30,46,46,46,121,121,121,121,151,101,113,127,127,227,227,196,96,96,111,111,111,145,70,138,155,155,173,173,173,173,274,274,284,329,329,80,80,80],"floor_reached":41,"playtime":1728,"items_purged":["Strike_R"],"score":769,"play_id":"54fbaf36-6b2d-4113-b54d-b98f80fc736d","local_time":"20190818231128","is_ascension_mode":true,"campfire_choices":[{"data":"Havoc","floor":6,"key":"SMITH"},{"data":"Metallicize","floor":8,"key":"SMITH"},{"data":"Bash","floor":10,"key":"SMITH"},{"data":"Clothesline","floor":15,"key":"SMITH"},{"data":"True Grit","floor":23,"key":"SMITH"},{"floor":28,"key":"REST"},{"data":"Corruption","floor":30,"key":"SMITH"},{"data":"Dark Embrace","floor":32,"key":"SMITH"}],"neow_cost":"NONE","seed_source_timestamp":44937427487491,"circlet_count":0,"master_deck":["Strike_R","Defend_R","Defend_R","Defend_R","Defend_R","Bash+1","Metallicize+1","Reaper","Sentinel","Havoc+1","Clothesline+1","Dark Embrace+1","Shockwave","True Grit+1","Burning Pact","Writhe","Sentinel+1","Corruption+1","Impervious","Feel No Pain","Juggernaut","Body Slam+1","Sever Soul"],"relics":["Burning Blood","NeowsBlessing","Ice Cream","Singing Bowl","Mark of Pain","Nilry\u0027s Codex","Dream Catcher","Bronze Scales","Mummified Hand","Juzu Bracelet","Sozu","StoneCalendar","Lee\u0027s Waffle"],"potions_floor_usage":[16,18,18,27,33],"damage_taken":[{"damage":0,"enemies":"Small Slimes","floor":1,"turns":1},{"damage":0,"enemies":"Cultist","floor":4,"turns":1},{"damage":0,"enemies":"Gremlin Nob","floor":11,"turns":1},{"damage":0,"enemies":"2 Louse","floor":13,"turns":3},{"damage":3,"enemies":"Blue Slaver","floor":14,"turns":6},{"damage":51,"enemies":"The Guardian","floor":16,"turns":14},{"damage":21,"enemies":"2 Thieves","floor":18,"turns":5},{"damage":12,"enemies":"Chosen","floor":21,"turns":5},{"damage":53,"enemies":"Gremlin Leader","floor":24,"turns":8},{"damage":7,"enemies":"Snake Plant","floor":27,"turns":5},{"damage":0,"enemies":"Snecko","floor":29,"turns":5},{"damage":3,"enemies":"Champ","floor":33,"turns":8},{"damage":7,"enemies":"3 Shapes","floor":35,"turns":6},{"damage":79,"enemies":"2 Orb Walkers","floor":36,"turns":6},{"damage":71,"enemies":"Time Eater","floor":40,"turns":10}],"seed_played":"1163826154472953000","potions_obtained":[{"floor":1,"key":"Block Potion"},{"floor":4,"key":"Block Potion"},{"floor":13,"key":"Energy Potion"},{"floor":18,"key":"GamblersBrew"},{"floor":24,"key":"EssenceOfSteel"}],"is_trial":false,"path_per_floor":["M","$","?","M","$","R","?","R","T","R","E","?","M","M","R","B",null,"M","$","?","M","?","R","E","$","T","M","R","M","R","T","R","B",null,"M","?","?","$","?","B",null],"character_chosen":"IRONCLAD","items_purchased":["Reaper","True Grit","Corruption","Sever Soul","Lee\u0027s Waffle"],"campfire_rested":1,"item_purchase_floors":[2,19,25,38,38],"current_hp_per_floor":[80,80,80,80,80,80,69,69,69,69,77,77,84,84,84,39,84,73,73,57,51,51,51,18,18,18,20,47,59,59,59,59,68,86,85,14,14,95,95,34],"gold":80,"neow_bonus":"THREE_ENEMY_KILL","is_prod":false,"is_daily":false,"chose_seed":false,"campfire_upgraded":7,"win_rate":0,"timestamp":1566137488,"path_taken":["M","$","?","M","?","R","?","R","T","R","E","?","M","?","R","BOSS","M","?","?","M","?","R","E","$","T","M","R","M","R","?","R","BOSS","M","?","?","$","?","BOSS"],"build_version":"2019-07-17","purchased_purges":1,"victory":true,"max_hp_per_floor":[80,80,80,80,80,80,80,80,80,80,82,82,84,84,84,84,84,84,84,84,84,84,84,84,84,84,84,86,86,86,86,86,86,86,86,88,88,95,95,95],"card_choices":[{"not_picked":["Thunderclap","Cleave"],"picked":"Metallicize","floor":1},{"not_picked":["Clothesline","Reckless Charge"],"picked":"Havoc","floor":4},{"not_picked":["Rage","Feel No Pain","Wild Strike"],"picked":"Singing Bowl","floor":11},{"not_picked":["Havoc","Metallicize","Wild Strike"],"picked":"Singing Bowl","floor":13},{"not_picked":["Fire Breathing","Reckless Charge"],"picked":"Clothesline","floor":14},{"not_picked":["Exhume","Bludgeon"],"picked":"Dark Embrace","floor":16},{"not_picked":["Combust","Wild Strike"],"picked":"Shockwave","floor":18},{"not_picked":["Armaments+1","Metallicize+1"],"picked":"Burning Pact","floor":21},{"not_picked":["Warcry","Heavy Blade+1"],"picked":"Sentinel+1","floor":24},{"not_picked":["Havoc","Pommel Strike+1"],"picked":"Impervious","floor":27},{"not_picked":["Ghostly Armor","Pommel Strike","Armaments"],"picked":"Singing Bowl","floor":28},{"not_picked":["Havoc+1","Flame Barrier"],"picked":"Feel No Pain","floor":29},{"not_picked":["Demon Form","Fiend Fire"],"picked":"Juggernaut","floor":33},{"not_picked":["Intimidate+1","Flex+1"],"picked":"Body Slam+1","floor":35},{"not_picked":["Havoc","Heavy Blade","Twin Strike+1"],"picked":"Singing Bowl","floor":36}],"player_experience":190127,"relics_obtained":[{"floor":9,"key":"Ice Cream"},{"floor":11,"key":"Singing Bowl"},{"floor":20,"key":"Nilry\u0027s Codex"},{"floor":24,"key":"Bronze Scales"},{"floor":26,"key":"Mummified Hand"},{"floor":31,"key":"Juzu Bracelet"},{"floor":36,"key":"StoneCalendar"}],"event_choices":[{"damage_healed":0,"gold_gain":0,"cards_transformed":["Strike_R"],"player_choice":"Transformed","damage_taken":0,"max_hp_gain":0,"max_hp_loss":0,"event_name":"Transmorgrifier","floor":3,"gold_loss":0,"cards_obtained":["Sentinel"]},{"damage_healed":0,"gold_gain":75,"player_choice":"Gather Gold","damage_taken":11,"max_hp_gain":0,"max_hp_loss":0,"event_name":"World of Goop","floor":7,"gold_loss":0},{"cards_removed":["Strike_R"],"damage_healed":0,"gold_gain":0,"player_choice":"Card Removal","damage_taken":0,"max_hp_gain":0,"max_hp_loss":0,"event_name":"The Cleric","floor":12,"gold_loss":50},{"damage_healed":0,"gold_gain":0,"player_choice":"Obtained Book","damage_taken":16,"max_hp_gain":0,"max_hp_loss":0,"event_name":"Cursed Tome","floor":20,"gold_loss":0},{"damage_healed":0,"gold_gain":0,"player_choice":"Opened","damage_taken":0,"relics_obtained":["Dream Catcher"],"max_hp_gain":0,"max_hp_loss":0,"event_name":"The Mausoleum","floor":22,"gold_loss":0,"cards_obtained":["Writhe"]},{"damage_healed":0,"gold_gain":0,"player_choice":"Fight","damage_taken":0,"max_hp_gain":0,"max_hp_loss":0,"event_name":"Mysterious Sphere","floor":36,"gold_loss":0},{"cards_removed":["Strike_R"],"damage_healed":0,"gold_gain":0,"player_choice":"Removed Attack","damage_taken":0,"max_hp_gain":0,"max_hp_loss":0,"event_name":"Falling","floor":37,"gold_loss":0},{"damage_healed":0,"gold_gain":0,"player_choice":"Took Portal","damage_taken":0,"max_hp_gain":0,"max_hp_loss":0,"event_name":"SecretPortal","floor":39,"gold_loss":0}],"is_beta":false,"boss_relics":[{"not_picked":["Calling Bell","Ectoplasm"],"picked":"Mark of Pain"},{"not_picked":["White Beast Statue","Coffee Dripper"],"picked":"Sozu"}],"items_purged_floors":[19],"is_endless":false,"potions_floor_spawned":[1,4,13,18,24,36],"ascension_level":4}