{"gold_per_floor":[115,80,80,97,111,129,129,129,129,145,173,188,188,217,217,315,315,331,8,28,28,28,28,55,55,55,55,68,102,115,1,1,1],"floor_reached":33,"playtime":820,"items_purged":["Strike_B"],"score":441,"play_id":"60f2bc7d-0022-4fd9-8e0c-205a7b9fae55","local_time":"20190215172046","is_ascension_mode":true,"campfire_choices":[{"data":"Zap","floor":7,"key":"SMITH"},{"floor":13,"key":"REST"},{"data":"Seek","floor":15,"key":"SMITH"},{"data":"Static Discharge","floor":23,"key":"SMITH"},{"data":"Self Repair","floor":25,"key":"SMITH"},{"data":"Capacitor","floor":27,"key":"SMITH"},{"floor":32,"key":"REST"}],"neow_cost":"NONE","seed_source_timestamp":785418020070417,"circlet_count":0,"master_deck":["Strike_B","Strike_B+1","Strike_B","Defend_B","Defend_B","Defend_B","Defend_B","Zap+1","Dualcast+1","Capacitor+1","Ball Lightning","Conserve Battery","Steam","Seek+1","Gash","Gash","Gash","Coolheaded","Cold Snap","Coolheaded","Static Discharge+1","Gash","Self Repair+1","Defragment","Self Repair","Capacitor","Blizzard","Undo"],"relics":["Cracked Core","Oddly Smooth Stone","Calipers","Emotion Chip","Centennial Puzzle","Orrery","Shuriken","Symbiotic Virus","Omamori","Bottled Flame"],"potions_floor_usage":[11,11,14,24,29,30],"damage_taken":[{"damage":0,"enemies":"2 Louse","floor":1,"turns":1},{"damage":0,"enemies":"Cultist","floor":4,"turns":4},{"damage":0,"enemies":"Jaw Worm","floor":5,"turns":2},{"damage":21,"enemies":"Exordium Thugs","floor":6,"turns":4},{"damage":0,"enemies":"Large Slime","floor":10,"turns":6},{"damage":0,"enemies":"3 Sentries","floor":11,"turns":4},{"damage":6,"enemies":"Lots of Slimes","floor":12,"turns":3},{"damage":10,"enemies":"Gremlin Nob","floor":14,"turns":3},{"damage":18,"enemies":"Slime Boss","floor":16,"turns":7},{"damage":2,"enemies":"Chosen","floor":18,"turns":4},{"damage":10,"enemies":"2 Thieves","floor":20,"turns":3},{"damage":24,"enemies":"Book of Stabbing","floor":24,"turns":5},{"damage":26,"enemies":"Snecko","floor":28,"turns":4},{"damage":37,"enemies":"Gremlin Leader","floor":29,"turns":5},{"damage":12,"enemies":"3 Cultists","floor":30,"turns":4},{"damage":46,"enemies":"Automaton","floor":33,"turns":6}],"seed_played":"2402631386868857906","potions_obtained":[{"floor":5,"key":"Energy Potion"},{"floor":6,"key":"Explosive Potion"},{"floor":8,"key":"Fire Potion"},{"floor":8,"key":"Explosive Potion"},{"floor":14,"key":"SpeedPotion"},{"floor":16,"key":"SteroidPotion"},{"floor":18,"key":"Weak Potion"},{"floor":24,"key":"Fire Potion"}],"is_trial":false,"path_per_floor":["M","$","?","M","M","M","R","?","T","M","E","M","R","E","R","B",null,"M","$","M","?","$","R","E","R","T","R","M","E","M","$","R","B"],"character_chosen":"DEFECT","items_purchased":["Capacitor","Shuriken","Blizzard","Undo"],"campfire_rested":2,"item_purchase_floors":[2,19,31,31],"current_hp_per_floor":[68,68,53,53,53,32,32,32,32,32,32,26,48,38,38,20,61,59,59,49,85,85,85,61,61,61,61,45,18,16,16,41,0],"gold":1,"neow_bonus":"RANDOM_COMMON_RELIC","is_prod":false,"is_daily":false,"chose_seed":false,"campfire_upgraded":5,"win_rate":0,"timestamp":1550269246,"path_taken":["M","$","?","M","M","M","R","?","T","?","E","M","R","E","R","BOSS","M","$","M","?","?","R","E","R","T","R","M","E","M","$","R","BOSS"],"build_version":"2019-01-23","purchased_purges":1,"victory":false,"max_hp_per_floor":[75,75,75,75,75,75,75,75,75,75,75,75,75,75,75,75,75,75,75,75,85,85,85,85,85,85,85,85,85,85,85,85,85],"card_choices":[{"not_picked":["Barrage","Blizzard","Compile Driver"],"picked":"SKIP","floor":1},{"not_picked":["Streamline","Capacitor"],"picked":"Ball Lightning","floor":4},{"not_picked":["Sweeping Beam","Streamline"],"picked":"Conserve Battery","floor":5},{"not_picked":["Storm","Go for the Eyes"],"picked":"Steam","floor":6},{"not_picked":["Tempest","Storm"],"picked":"Seek","floor":10},{"not_picked":["Cold Snap","BootSequence"],"picked":"Gash","floor":11},{"not_picked":["Go for the Eyes","Skim","Steam"],"picked":"SKIP","floor":12},{"not_picked":["Aggregate","Hologram"],"picked":"Gash","floor":14},{"not_picked":["Meteor Strike","Fission"],"picked":"Creative AI","floor":16},{"not_picked":["Rebound","Stack"],"picked":"Gash","floor":17},{"not_picked":["Sweeping Beam","Melter"],"picked":"Coolheaded","floor":17},{"not_picked":["Turbo","BootSequence"],"picked":"Cold Snap","floor":17},{"not_picked":["Stack","Steam"],"picked":"Coolheaded","floor":17},{"not_picked":["Storm","Streamline"],"picked":"Static Discharge","floor":17},{"not_picked":["Multi-Cast","Leap","Beam Cell"],"picked":"SKIP","floor":18},{"not_picked":["Ball Lightning","Steam Power"],"picked":"Gash","floor":20},{"not_picked":["Hello World","Steam Power+1"],"picked":"Self Repair","floor":24},{"not_picked":["Thunder Strike","Coolheaded"],"picked":"Defragment","floor":28},{"not_picked":["Coolheaded","Streamline"],"picked":"Self Repair","floor":29},{"not_picked":["Loop","Steam Power+1"],"picked":"Capacitor","floor":30}],"player_experience":81080,"relics_obtained":[{"floor":9,"key":"Calipers"},{"floor":11,"key":"Emotion Chip"},{"floor":14,"key":"Centennial Puzzle"},{"floor":24,"key":"Symbiotic Virus"},{"floor":26,"key":"Omamori"},{"floor":29,"key":"Bottled Flame"}],"event_choices":[{"damage_healed":0,"gold_gain":0,"player_choice":"Entered Light","damage_taken":15,"max_hp_gain":0,"max_hp_loss":0,"event_name":"Shining Light","floor":3,"gold_loss":0,"cards_upgraded":["Dualcast","Strike_B"]},{"damage_healed":0,"gold_gain":0,"player_choice":"Got Potions","damage_taken":0,"max_hp_gain":0,"max_hp_loss":0,"event_name":"Lab","floor":8,"gold_loss":0},{"cards_removed":["Creative AI"],"damage_healed":26,"gold_gain":0,"player_choice":"Offered Rare","damage_taken":0,"max_hp_gain":10,"max_hp_loss":0,"event_name":"Bonfire Elementals","floor":21,"gold_loss":0}],"is_beta":false,"boss_relics":[{"not_picked":["Fusion Hammer","Runic Pyramid"],"picked":"Orrery"}],"items_purged_floors":[19],"is_endless":false,"potions_floor_spawned":[5,6,14,16,18,24],"killed_by":"Automaton","ascension_level":6}