{"gold_per_floor":[118,18,118,138,138,138,155,155,204,223,213,243,418,435,435,535,535,549,565,565,39,53,53,85,85,108,124,124,45,61,71,71,71],"floor_reached":33,"playtime":1993,"items_purged":["Strike_R","Strike_R"],"score":294,"play_id":"1f5feb71-cec6-4298-8351-88e17d0c978e","local_time":"20190827175848","is_ascension_mode":false,"campfire_choices":[{"floor":6.0,"key":"RECALL"},{"data":"Heavy Blade","floor":8.0,"key":"SMITH"},{"data":"Bash","floor":15,"key":"SMITH"},{"data":"Barricade","floor":23,"key":"SMITH"},{"floor":25,"key":"REST"},{"floor":32,"key":"REST"}],"neow_cost":"NONE","seed_source_timestamp":0,"circlet_count":0,"master_deck":["Strike_R","Strike_R","Defend_R","Defend_R+1","Defend_R+1","Defend_R","Bash+1","Heavy Blade+1","Heavy Blade","Burning Pact","Flex+1","Headbutt","Spot Weakness+1","Sword Boomerang","Doubt","Flame Barrier+1","Barricade+1","Twin Strike","Clothesline+1","Battle Trance+1","Pommel Strike","Violence+1","Heavy Blade+1","Cleave+1","Whirlwind+1","Second Wind+1","Flex+1","Heavy Blade"],"special_seed":0,"relics":["Burning Blood","Centennial Puzzle","Toxic Egg 2","Bottled Flame","Sozu","Bag of Preparation","Lantern","Shuriken","War Paint"],"potions_floor_usage":[16,16,22],"damage_taken":[{"damage":4.0,"enemies":"2 Louse","floor":1.0,"turns":3.0},{"damage":6.0,"enemies":"Cultist","floor":4.0,"turns":3.0},{"damage":11.0,"enemies":"Jaw Worm","floor":7.0,"turns":3.0},{"damage":5.0,"enemies":"Looter","floor":10.0,"turns":2.0},{"damage":5.0,"enemies":"Exordium Thugs","floor":11.0,"turns":4.0},{"damage":22.0,"enemies":"Gremlin Nob","floor":12.0,"turns":4.0},{"damage":4,"enemies":"Blue Slaver","floor":14,"turns":3},{"damage":20,"enemies":"Slime Boss","floor":16,"turns":9},{"damage":26,"enemies":"Chosen","floor":18,"turns":5},{"damage":14,"enemies":"Shell Parasite","floor":19,"turns":3},{"damage":6,"enemies":"Cultist and Chosen","floor":22,"turns":4},{"damage":33,"enemies":"Slavers","floor":24,"turns":7},{"damage":1,"enemies":"3 Cultists","floor":27,"turns":4},{"damage":0,"enemies":"Snecko","floor":30,"turns":2},{"damage":21,"enemies":"Shelled Parasite and Fungi","floor":31,"turns":4},{"damage":80,"enemies":"Automaton","floor":33,"turns":6}],"seed_played":"4369405011548417658","potions_obtained":[{"floor":4.0,"key":"SpeedPotion"},{"floor":7.0,"key":"Block Potion"},{"floor":11.0,"key":"Energy Potion"},{"floor":12,"key":"SteroidPotion"}],"is_trial":false,"path_per_floor":["M","$","?","M","T","R","M","R","T","M","M","E","?","M","R","B",null,"M","M","?","$","M","R","E","R","T","M","?","$","M","M","R","B"],"character_chosen":"IRONCLAD","items_purchased":["Heavy Blade","Battle Trance+1","Pommel Strike","Violence+1","Lantern","Second Wind+1"],"campfire_rested":2,"item_purchase_floors":[2,21,21,21,21,29],"current_hp_per_floor":[80,80,80,80,80,80,75,75,75,76,77,61,61,63,63,49,80,60,52,52,52,52,52,25,49,49,54,54,54,60,45,69,0],"gold":71,"neow_bonus":"RANDOM_COMMON_RELIC","is_prod":false,"is_daily":false,"chose_seed":false,"campfire_upgraded":3,"win_rate":0,"timestamp":1566921528,"path_taken":["M","$","?","?","?","R","M","R","T","M","M","E","?","M","R","BOSS","M","M","?","$","M","R","E","R","T","M","?","$","M","M","R","BOSS"],"build_version":"2019-06-28","purchased_purges":2,"victory":false,"max_hp_per_floor":[80,80,80,80,80,80,80,80,80,80,80,80,80,80,80,80,80,80,80,80,80,80,80,80,80,80,80,80,80,80,80,80,80],"card_choices":[{"not_picked":["Twin Strike","Perfected Strike"],"picked":"Heavy Blade","floor":1.0},{"not_picked":["Anger","Clash"],"picked":"Burning Pact","floor":4.0},{"not_picked":["Headbutt","Pommel Strike"],"picked":"Flex+1","floor":7.0},{"not_picked":["Entrench+1","Thunderclap"],"picked":"Headbutt","floor":10.0},{"not_picked":["Armaments+1","Headbutt"],"picked":"Spot Weakness+1","floor":11.0},{"not_picked":["Wild Strike","Intimidate+1"],"picked":"Sword Boomerang","floor":12},{"not_picked":["Clash","Body Slam"],"picked":"Flame Barrier+1","floor":14},{"not_picked":["Immolate","Juggernaut"],"picked":"Barricade","floor":16},{"not_picked":["Wild Strike+1","Anger"],"picked":"Twin Strike","floor":18},{"not_picked":["Infernal Blade+1","Iron Wave"],"picked":"Clothesline+1","floor":19},{"not_picked":["Cleave","Perfected Strike+1"],"picked":"Heavy Blade+1","floor":22},{"not_picked":["Rampage","Clothesline"],"picked":"Cleave+1","floor":24},{"not_picked":["Reckless Charge","Clash"],"picked":"Whirlwind+1","floor":27},{"not_picked":["Combust","Seeing Red+1"],"picked":"Flex+1","floor":30},{"not_picked":["Sword Boomerang","Seeing Red+1"],"picked":"Heavy Blade","floor":31}],"player_experience":105861,"relics_obtained":[{"floor":5.0,"key":"Toxic Egg 2"},{"floor":12,"key":"Bottled Flame"},{"floor":24,"key":"Shuriken"},{"floor":26,"key":"War Paint"}],"event_choices":[{"damage_healed":0.0,"max_hp_gain":0.0,"max_hp_loss":0.0,"gold_gain":100.0,"event_name":"Golden Shrine","player_choice":"Pray","floor":3.0,"gold_loss":0.0,"damage_taken":0.0},{"damage_healed":0,"gold_gain":175,"player_choice":"AGREE","damage_taken":0,"max_hp_gain":0,"max_hp_loss":0,"event_name":"Liars Game","floor":13,"gold_loss":0,"cards_obtained":["Doubt"]},{"damage_healed":0,"gold_gain":0,"player_choice":"Opened","damage_taken":0,"relics_obtained":["Bag of Preparation"],"max_hp_gain":0,"max_hp_loss":0,"event_name":"The Mausoleum","floor":20,"gold_loss":0},{"cards_removed":["Strike_R"],"damage_healed":0,"gold_gain":0,"player_choice":"Purged","damage_taken":0,"max_hp_gain":0,"max_hp_loss":0,"event_name":"Purifier","floor":28,"gold_loss":0}],"is_beta":true,"boss_relics":[{"not_picked":["Velvet Choker","Runic Pyramid"],"picked":"Sozu"}],"items_purged_floors":[2,21],"is_endless":false,"potions_floor_spawned":[4,7,11,12,18,22,31],"killed_by":"Automaton","ascension_level":0}