{"gold_per_floor":[115,134,284,284,284,315,315,328,398,398,418,0,26,40,40,40],"floor_reached":16,"playtime":316,"items_purged":["Doubt"],"score":270,"play_id":"ef4c22c6-f5d5-4192-a587-566a89bfee36","local_time":"20190827173430","is_ascension_mode":true,"campfire_choices":[{"data":"Noxious Fumes","floor":7,"key":"SMITH"},{"data":"1","floor":15,"key":"LIFT"}],"neow_cost":"NONE","seed_source_timestamp":933945463065141,"circlet_count":0,"master_deck":["AscendersBane","Strike_G","Strike_G","Strike_G","Strike_G","Strike_G","Defend_G","Defend_G+1","Defend_G+1","Defend_G","Defend_G","Survivor","Neutralize","Poisoned Stab","Poisoned Stab","All Out Attack","Bane","Noxious Fumes+1","Backflip","Bane+1"],"relics":["Ring of the Snake","NeowsBlessing","Bronze Scales","War Paint","Molten Egg 2","Girya","Pen Nib"],"potions_floor_usage":[13,16],"damage_taken":[{"damage":0,"enemies":"Small Slimes","floor":1,"turns":1},{"damage":0,"enemies":"Jaw Worm","floor":2,"turns":1},{"damage":0,"enemies":"Gremlin Nob","floor":6,"turns":1},{"damage":14,"enemies":"Cultist","floor":8,"turns":4},{"damage":6,"enemies":"Large Slime","floor":11,"turns":3},{"damage":5,"enemies":"Lagavulin","floor":13,"turns":5},{"damage":9,"enemies":"Red Slaver","floor":14,"turns":3},{"damage":45,"enemies":"Slime Boss","floor":16,"turns":7}],"seed_played":"4013666966119839702","potions_obtained":[{"floor":2,"key":"Regen Potion"},{"floor":8,"key":"Block Potion"}],"is_trial":false,"path_per_floor":["M","M","?","?","?","E","R","M","T","?","M","$","E","M","R","B"],"character_chosen":"THE_SILENT","items_purchased":["Girya"],"campfire_rested":0,"item_purchase_floors":[12],"current_hp_per_floor":[59,59,59,59,59,59,59,45,45,45,39,39,34,25,25,0],"gold":40,"neow_bonus":"THREE_ENEMY_KILL","is_prod":false,"is_daily":false,"chose_seed":false,"campfire_upgraded":1,"win_rate":0,"timestamp":1566941670,"path_taken":["M","M","?","?","?","E","R","?","T","?","M","$","E","?","R","BOSS"],"build_version":"2019-07-17","purchased_purges":1,"victory":false,"max_hp_per_floor":[66,66,66,66,66,66,66,66,66,66,66,66,66,66,66,66],"card_choices":[{"not_picked":["Dodge and Roll","Deflect"],"picked":"Poisoned Stab","floor":1},{"not_picked":["Outmaneuver","Slice"],"picked":"Poisoned Stab","floor":2},{"not_picked":["Prepared","Quick Slash"],"picked":"Noxious Fumes","floor":6},{"not_picked":["Reflex","Quick Slash","Expertise"],"picked":"SKIP","floor":8},{"not_picked":["Outmaneuver","Terror"],"picked":"Backflip","floor":11},{"not_picked":["Outmaneuver","Envenom","Reflex"],"picked":"SKIP","floor":13},{"not_picked":["Predator+1","Blade Dance"],"picked":"Bane+1","floor":14}],"player_experience":606267,"relics_obtained":[{"floor":6,"key":"War Paint"},{"floor":9,"key":"Molten Egg 2"},{"floor":13,"key":"Pen Nib"}],"event_choices":[{"damage_healed":0,"gold_gain":150,"player_choice":"AGREE","damage_taken":0,"max_hp_gain":0,"max_hp_loss":0,"event_name":"Liars Game","floor":3,"gold_loss":0,"cards_obtained":["Doubt"]},{"damage_healed":0,"gold_gain":0,"player_choice":"Box","damage_taken":0,"relics_obtained":["Bronze Scales"],"max_hp_gain":0,"max_hp_loss":0,"event_name":"Big Fish","floor":4,"gold_loss":0,"cards_obtained":["Regret"]},{"damage_healed":0,"gold_gain":0,"player_choice":"2 cards matched","damage_taken":0,"max_hp_gain":0,"max_hp_loss":0,"event_name":"Match and Keep!","floor":5,"gold_loss":0,"cards_obtained":["All Out Attack","Bane"]},{"cards_removed":["Regret"],"damage_healed":0,"gold_gain":0,"player_choice":"Purged","damage_taken":0,"max_hp_gain":0,"max_hp_loss":0,"event_name":"Purifier","floor":10,"gold_loss":0}],"is_beta":false,"boss_relics":[],"items_purged_floors":[12],"is_endless":false,"potions_floor_spawned":[2,8,11],"killed_by":"Slime Boss","ascension_level":20}