{"gold_per_floor":[18,18,18,37,56,56,69,96,122,137,137,151,151,151,151,228,228,228,208,208,208,208,208],"floor_reached":23,"playtime":532,"items_purged":[],"score":386,"play_id":"5a9fd90f-68f7-4e63-a107-650b3278f1a7","local_time":"20190828215119","is_ascension_mode":true,"campfire_choices":[{"data":"Zap","floor":6,"key":"SMITH"},{"data":"Gash","floor":11,"key":"SMITH"},{"data":"Dualcast","floor":13,"key":"SMITH"},{"data":"Cold Snap","floor":15,"key":"SMITH"}],"neow_cost":"NO_GOLD","seed_source_timestamp":1035538081863749,"circlet_count":0,"master_deck":["AscendersBane","Strike_B","Strike_B","Strike_B","Strike_B","Defend_B","Defend_B","Defend_B","Defend_B","Zap+1","Dualcast+1","Ball Lightning+1","Cold Snap+1","Gash+1","Steam","Core Surge","Steam","Electrodynamics","Beam Cell","Go for the Eyes","Capacitor","Coolheaded"],"relics":["Cracked Core","Unceasing Top","Anchor","Bag of Marbles","Ectoplasm","Red Mask"],"potions_floor_usage":[7,8,8,21,23,23],"damage_taken":[{"damage":5,"enemies":"2 Louse","floor":1,"turns":4},{"damage":0,"enemies":"Cultist","floor":4,"turns":2},{"damage":7,"enemies":"Small Slimes","floor":5,"turns":3},{"damage":1,"enemies":"2 Fungi Beasts","floor":7,"turns":2},{"damage":8,"enemies":"Gremlin Nob","floor":8,"turns":3},{"damage":4,"enemies":"Exordium Thugs","floor":10,"turns":4},{"damage":0,"enemies":"Blue Slaver","floor":12,"turns":2},{"damage":6,"enemies":"The Guardian","floor":16,"turns":12},{"damage":0,"enemies":"Spheric Guardian","floor":18,"turns":3},{"damage":0,"enemies":"2 Thieves","floor":19,"turns":2},{"damage":25,"enemies":"Snake Plant","floor":20,"turns":4},{"damage":20,"enemies":"Masked Bandits","floor":21,"turns":3},{"damage":0,"enemies":"Book of Stabbing","floor":23,"turns":2}],"seed_played":"582461232278221335","potions_obtained":[{"floor":2,"key":"Swift Potion"},{"floor":2,"key":"Fire Potion"},{"floor":4,"key":"FocusPotion"},{"floor":7,"key":"FearPotion"},{"floor":12,"key":"GamblersBrew"},{"floor":19,"key":"Dexterity Potion"},{"floor":20,"key":"Regen Potion"},{"floor":21,"key":"FearPotion"}],"is_trial":false,"path_per_floor":["M","?","$","M","M","R","M","E","T","M","R","M","R","?","R","B",null,"M","M","M","?","?","E"],"character_chosen":"DEFECT","items_purchased":[],"campfire_rested":0,"item_purchase_floors":[],"current_hp_per_floor":[59,59,59,59,52,52,51,43,43,39,39,39,39,39,39,33,62,62,62,37,26,6,6],"gold":208,"neow_bonus":"ONE_RARE_RELIC","is_prod":false,"is_daily":false,"chose_seed":false,"campfire_upgraded":4,"win_rate":0,"timestamp":1567043479,"path_taken":["M","?","?","M","M","R","?","E","T","M","R","M","R","?","R","BOSS","M","?","M","?","?","E"],"build_version":"2019-07-17","purchased_purges":0,"victory":false,"max_hp_per_floor":[71,71,71,71,71,71,71,71,71,71,71,71,71,71,71,71,71,71,71,71,71,76,76],"card_choices":[{"not_picked":["Steam","Barrage"],"picked":"Ball Lightning","floor":1},{"not_picked":["Beam Cell","Steam"],"picked":"Cold Snap","floor":4},{"not_picked":["Compile Driver","Capacitor"],"picked":"Gash","floor":5},{"not_picked":["Hologram","Skim"],"picked":"Steam","floor":7},{"not_picked":["Rip and Tear","Barrage"],"picked":"Core Surge","floor":8},{"not_picked":["Stack","Ball Lightning"],"picked":"Steam","floor":10},{"not_picked":["Aggregate","Sunder","Hello World"],"picked":"SKIP","floor":12},{"not_picked":["Rainbow","Fission"],"picked":"Electrodynamics","floor":16},{"not_picked":["Rip and Tear","Coolheaded"],"picked":"Beam Cell","floor":18},{"not_picked":["Heatsinks","Ball Lightning"],"picked":"Go for the Eyes","floor":19},{"not_picked":["Darkness","Streamline"],"picked":"Capacitor","floor":20},{"not_picked":["Skim","Turbo+1"],"picked":"Coolheaded","floor":21}],"player_experience":612878,"relics_obtained":[{"floor":8,"key":"Anchor"},{"floor":9,"key":"Bag of Marbles"},{"floor":21,"key":"Red Mask"}],"event_choices":[{"damage_healed":0,"gold_gain":0,"player_choice":"Got Potions","damage_taken":0,"max_hp_gain":0,"max_hp_loss":0,"event_name":"Lab","floor":2,"gold_loss":0},{"damage_healed":0,"gold_gain":0,"player_choice":"Upgraded","damage_taken":0,"max_hp_gain":0,"max_hp_loss":0,"event_name":"Upgrade Shrine","floor":14,"gold_loss":0,"cards_upgraded":["Ball Lightning"]},{"damage_healed":0,"gold_gain":0,"player_choice":"Fought Bandits","damage_taken":0,"max_hp_gain":0,"max_hp_loss":0,"event_name":"Masked Bandits","floor":21,"gold_loss":0},{"damage_healed":0,"gold_gain":0,"player_choice":"Shed Blood","damage_taken":25,"max_hp_gain":5,"max_hp_loss":0,"event_name":"Forgotten Altar","floor":22,"gold_loss":0}],"is_beta":false,"boss_relics":[{"not_picked":["Runic Pyramid","Pandora\u0027s Box"],"picked":"Ectoplasm"}],"items_purged_floors":[],"is_endless":false,"potions_floor_spawned":[4,5,7,12,19,20,21],"killed_by":"Book of Stabbing","ascension_level":20}