{"gold_per_floor":[110,110,185,150,165,195,195,206,206,206,229,229,54,93,93,93],"floor_reached":16,"playtime":392,"items_purged":[],"score":216,"play_id":"a7a86700-2fc8-4c5e-8e17-fb9b735fd288","local_time":"20190813214952","is_ascension_mode":true,"campfire_choices":[{"data":"Corpse Explosion","floor":7,"key":"SMITH"},{"floor":12,"key":"REST"},{"data":"Crippling Poison","floor":15,"key":"SMITH"}],"neow_cost":"TEN_PERCENT_HP_LOSS","seed_source_timestamp":984224268893,"circlet_count":0,"master_deck":["AscendersBane","Strike_G","Strike_G","Strike_G","Strike_G","Strike_G","Defend_G","Defend_G","Defend_G","Defend_G","Defend_G","Survivor","Neutralize","Corpse Explosion+1","Backstab","Flying Knee+1","Crippling Poison+1","Backflip","Well Laid Plans","Flechettes+1","Discovery","Wraith Form v2"],"relics":["Ring of the Snake","Molten Egg 2","The Courier","Golden Idol","Ornamental Fan"],"potions_floor_usage":[6,16],"damage_taken":[{"damage":9,"enemies":"Jaw Worm","floor":1,"turns":5},{"damage":0,"enemies":"2 Louse","floor":5,"turns":1},{"damage":27,"enemies":"Gremlin Nob","floor":6,"turns":4},{"damage":9,"enemies":"Small Slimes","floor":8,"turns":3},{"damage":7,"enemies":"Exordium Thugs","floor":11,"turns":5},{"damage":5,"enemies":"3 Sentries","floor":14,"turns":3},{"damage":24,"enemies":"Slime Boss","floor":16,"turns":8}],"seed_played":"9017027906546450272","potions_obtained":[{"floor":5,"key":"Poison Potion"},{"floor":11,"key":"Swift Potion"}],"is_trial":false,"path_per_floor":["M","?","?","?","M","E","R","M","T","?","M","R","$","E","R","B"],"character_chosen":"THE_SILENT","items_purchased":["Well Laid Plans","Flechettes+1","Discovery"],"campfire_rested":1,"item_purchase_floors":[13,13,13],"current_hp_per_floor":[50,50,39,54,54,27,27,18,18,18,11,27,27,22,22,0],"gold":93,"neow_bonus":"THREE_RARE_CARDS","is_prod":false,"is_daily":false,"chose_seed":false,"campfire_upgraded":2,"win_rate":0,"timestamp":1565747392,"path_taken":["M","?","?","?","?","E","R","M","T","?","M","R","?","E","R","BOSS"],"build_version":"2019-07-17","purchased_purges":0,"victory":false,"max_hp_per_floor":[60,60,60,60,60,60,60,60,60,54,54,54,54,54,54,54],"card_choices":[{"not_picked":["Wraith Form v2","Die Die Die"],"picked":"Corpse Explosion","floor":0},{"not_picked":["Dagger Throw","Quick Slash"],"picked":"Backstab","floor":1},{"not_picked":["Prepared","Eviscerate","Tools of the Trade"],"picked":"SKIP","floor":5},{"not_picked":["Deadly Poison","Blade Dance"],"picked":"Flying Knee","floor":6},{"not_picked":["Cloak And Dagger","Reflex"],"picked":"Crippling Poison","floor":8},{"not_picked":["Envenom","Caltrops"],"picked":"Backflip","floor":11},{"not_picked":["Deadly Poison","Flying Knee+1"],"picked":"Wraith Form v2","floor":14}],"player_experience":558174,"relics_obtained":[{"floor":6,"key":"Molten Egg 2"},{"floor":9,"key":"The Courier"},{"floor":14,"key":"Ornamental Fan"}],"event_choices":[{"damage_healed":0,"gold_gain":0,"player_choice":"Ignored","damage_taken":0,"max_hp_gain":0,"max_hp_loss":0,"event_name":"Liars Game","floor":2,"gold_loss":0},{"damage_healed":0,"gold_gain":75,"player_choice":"Gather Gold","damage_taken":11,"max_hp_gain":0,"max_hp_loss":0,"event_name":"World of Goop","floor":3,"gold_loss":0},{"damage_healed":15,"gold_gain":0,"player_choice":"Healed","damage_taken":0,"max_hp_gain":0,"max_hp_loss":0,"event_name":"The Cleric","floor":4,"gold_loss":35},{"damage_healed":0,"gold_gain":0,"player_choice":"Lose Max HP","damage_taken":0,"relics_obtained":["Golden Idol"],"max_hp_gain":0,"max_hp_loss":6,"event_name":"Golden Idol","floor":10,"gold_loss":0}],"is_beta":false,"boss_relics":[],"items_purged_floors":[],"is_endless":false,"potions_floor_spawned":[5,11],"killed_by":"Slime Boss","ascension_level":20}