{"gold_per_floor":[117,117,141,157,70,102,102,102,127,143,161,161,104,123,123,195,195,206,121,121,133,133,133,133,133,158,158,158],"floor_reached":28,"playtime":640,"items_purged":[],"score":478,"play_id":"38c58227-a443-4074-924e-023e4d6de3c7","local_time":"20190821145203","is_ascension_mode":true,"campfire_choices":[{"data":"Zap","floor":8,"key":"SMITH"},{"data":"Capacitor","floor":12,"key":"SMITH"},{"data":"Rip and Tear","floor":15,"key":"SMITH"},{"floor":23,"key":"REST"},{"data":"Biased Cognition","floor":25,"key":"SMITH"},{"data":"Fusion","floor":27,"key":"SMITH"}],"neow_cost":"NONE","seed_source_timestamp":518745720258999,"circlet_count":0,"master_deck":["AscendersBane","Strike_B","Defend_B","Defend_B","Defend_B","Defend_B","Zap+1","Dualcast","Self Repair","Rip and Tear+1","Capacitor+1","Coolheaded","Machine Learning","Ball Lightning","Ball Lightning","BootSequence","Biased Cognition+1","Compile Driver","Fusion+1","Scrape","Cold Snap","Seek"],"relics":["Cracked Core","NeowsBlessing","Juzu Bracelet","Omamori","Happy Flower","Cursed Key","Bag of Marbles","Enchiridion","Anchor"],"potions_floor_usage":[11,11,16],"damage_taken":[{"damage":0,"enemies":"2 Louse","floor":1,"turns":1},{"damage":0,"enemies":"Jaw Worm","floor":4,"turns":1},{"damage":0,"enemies":"3 Sentries","floor":6,"turns":1},{"damage":0,"enemies":"Cultist","floor":10,"turns":3},{"damage":5,"enemies":"Exordium Thugs","floor":11,"turns":3},{"damage":17,"enemies":"3 Louse","floor":14,"turns":3},{"damage":30,"enemies":"Slime Boss","floor":16,"turns":8},{"damage":33,"enemies":"3 Byrds","floor":18,"turns":5},{"damage":4,"enemies":"2 Thieves","floor":21,"turns":3},{"damage":48,"enemies":"Cultist and Chosen","floor":28,"turns":4}],"seed_played":"-1028283061320873807","potions_obtained":[{"floor":1,"key":"SpeedPotion"},{"floor":4,"key":"Weak Potion"},{"floor":6,"key":"Explosive Potion"},{"floor":11,"key":"Block Potion"},{"floor":18,"key":"Poison Potion"}],"is_trial":false,"path_per_floor":["M","?","T","M","$","E","?","R","T","M","M","R","$","M","R","B",null,"M","?","?","M","?","R","?","R","T","R","M"],"character_chosen":"DEFECT","items_purchased":["Capacitor","Ball Lightning"],"campfire_rested":1,"item_purchase_floors":[5,13],"current_hp_per_floor":[64,57,57,57,57,64,71,71,71,71,71,71,71,61,61,38,63,37,37,37,40,19,40,40,40,40,40,0],"gold":158,"neow_bonus":"THREE_ENEMY_KILL","is_prod":false,"is_daily":false,"chose_seed":false,"campfire_upgraded":5,"win_rate":0,"timestamp":1566424323,"path_taken":["M","?","?","M","$","E","?","R","T","M","M","R","$","M","R","BOSS","M","?","?","M","?","R","?","R","T","R","M"],"build_version":"2019-08-15","purchased_purges":0,"victory":false,"max_hp_per_floor":[71,71,71,71,71,71,71,71,71,71,71,71,71,71,71,71,71,71,71,71,71,71,71,71,71,71,71,71],"card_choices":[{"not_picked":["Rip and Tear","Barrage"],"picked":"Self Repair","floor":1},{"not_picked":["Hologram","Skim"],"picked":"Rip and Tear","floor":4},{"not_picked":["Steam","Steam Power"],"picked":"Coolheaded","floor":6},{"not_picked":["Storm","Redo"],"picked":"Machine Learning","floor":10},{"not_picked":["Sunder","Rebound"],"picked":"Ball Lightning","floor":11},{"not_picked":["Gash","Chaos"],"picked":"BootSequence","floor":14},{"not_picked":["Rainbow","Reboot"],"picked":"Biased Cognition","floor":16},{"not_picked":["Go for the Eyes","Rebound"],"picked":"Compile Driver","floor":18},{"not_picked":["Hologram","Skim"],"picked":"Cold Snap","floor":21}],"player_experience":3026877,"relics_obtained":[{"floor":3,"key":"Juzu Bracelet"},{"floor":6,"key":"Omamori"},{"floor":9,"key":"Happy Flower"},{"floor":22,"key":"Enchiridion"},{"floor":26,"key":"Anchor"}],"event_choices":[{"cards_removed":["Strike_B"],"damage_healed":0,"gold_gain":0,"player_choice":"Card Removal","damage_taken":7,"max_hp_gain":0,"max_hp_loss":0,"event_name":"Golden Wing","floor":2,"gold_loss":0},{"damage_healed":7,"gold_gain":0,"player_choice":"Full Heal","damage_taken":0,"max_hp_gain":0,"max_hp_loss":0,"event_name":"Wheel of Change","floor":7,"gold_loss":0},{"damage_healed":0,"gold_gain":0,"player_choice":"Obtained Relic","damage_taken":0,"relics_obtained":["Bag of Marbles"],"max_hp_gain":0,"max_hp_loss":0,"event_name":"Addict","floor":19,"gold_loss":85},{"damage_healed":0,"gold_gain":0,"cards_transformed":["Strike_B","Strike_B"],"player_choice":"Became Test Subject","damage_taken":0,"max_hp_gain":0,"max_hp_loss":0,"event_name":"Drug Dealer","floor":20,"gold_loss":0,"cards_obtained":["Fusion","Scrape"]},{"damage_healed":0,"gold_gain":0,"player_choice":"Obtained Book","damage_taken":21,"max_hp_gain":0,"max_hp_loss":0,"event_name":"Cursed Tome","floor":22,"gold_loss":0},{"damage_healed":0,"gold_gain":0,"player_choice":"Read","damage_taken":0,"max_hp_gain":0,"max_hp_loss":0,"event_name":"The Library","floor":24,"gold_loss":0,"cards_obtained":["Seek"]}],"is_beta":true,"boss_relics":[{"not_picked":["Calling Bell","Tiny House"],"picked":"Cursed Key"}],"items_purged_floors":[],"is_endless":false,"potions_floor_spawned":[1,4,6,11,18],"killed_by":"Cultist and Chosen","ascension_level":20}