{"gold_per_floor":[112,187,242,207,221,221,253,253,253,280,280,300,300,312,312,390,390,401,401,418,438,363,363,116,116,116,116,133,133,167,184,184,257,257,271,323,34,34,54,54,54,73,144,144,159,159,171,171,171,171,171],"floor_reached":51,"playtime":2266,"items_purged":[],"score":1371,"play_id":"d7336244-affc-4dc1-a087-4edee05838e0","local_time":"20190825003048","is_ascension_mode":true,"campfire_choices":[{"data":"Sunder","floor":6.0,"key":"SMITH"},{"data":"Zap","floor":8.0,"key":"SMITH"},{"floor":13.0,"key":"REST"},{"data":"Beam Cell","floor":15.0,"key":"SMITH"},{"data":"Recycle","floor":23.0,"key":"SMITH"},{"floor":29.0,"key":"REST"},{"data":"Blizzard","floor":32.0,"key":"SMITH"},{"floor":40.0,"key":"RECALL"},{"floor":44.0,"key":"REST"},{"data":"Apotheosis","floor":46.0,"key":"SMITH"},{"floor":49.0,"key":"REST"}],"neow_cost":"NONE","seed_source_timestamp":65967948487237,"circlet_count":0,"master_deck":["AscendersBane","Strike_B+1","Defend_B","Defend_B","Zap+1","Dualcast","Sunder+1","Chill+1","Leap","Sweeping Beam","Cold Snap","Beam Cell+1","All For One","Reinforced Body+1","Recycle+1","Chill+1","Gash","Streamline+1","Recycle+1","Double Energy","Capacitor","Blizzard+1","Gash+1","Cold Snap+1","Undo","Fission","Clumsy","Ball Lightning+1","Gash","Apotheosis+1","Glacier","Chill","Redo+1","Chill","Ball Lightning+1"],"special_seed":0,"relics":["Cracked Core","Strawberry","Pocketwatch","Bronze Scales","Dead Branch","Astrolabe","Blood Vial","Omamori","Calling Bell","Lantern","Meat on the Bone","Unceasing Top","Gambling Chip","Bag of Marbles","Thread and Needle"],"potions_floor_usage":[],"damage_taken":[{"damage":2.0,"enemies":"Jaw Worm","floor":1.0,"turns":3.0},{"damage":3.0,"enemies":"Small Slimes","floor":5.0,"turns":2.0},{"damage":32.0,"enemies":"Gremlin Nob","floor":7.0,"turns":4.0},{"damage":17.0,"enemies":"3 Sentries","floor":10.0,"turns":6.0},{"damage":0.0,"enemies":"2 Louse","floor":12.0,"turns":1.0},{"damage":2.0,"enemies":"Blue Slaver","floor":14.0,"turns":2.0},{"damage":1.0,"enemies":"Hexaghost","floor":16.0,"turns":9.0},{"damage":6.0,"enemies":"Shell Parasite","floor":18.0,"turns":3.0},{"damage":6.0,"enemies":"2 Thieves","floor":20.0,"turns":4.0},{"damage":0.0,"enemies":"3 Cultists","floor":21.0,"turns":4.0},{"damage":14.0,"enemies":"Snake Plant","floor":28.0,"turns":4.0},{"damage":2.0,"enemies":"Slavers","floor":30.0,"turns":4.0},{"damage":0.0,"enemies":"Cultist and Chosen","floor":31.0,"turns":5.0},{"damage":15.0,"enemies":"Champ","floor":33.0,"turns":9.0},{"damage":0.0,"enemies":"Orb Walker","floor":35.0,"turns":3.0},{"damage":18.0,"enemies":"2 Orb Walkers","floor":36.0,"turns":4.0},{"damage":0.0,"enemies":"3 Shapes","floor":39.0,"turns":2.0},{"damage":50.0,"enemies":"Writhing Mass","floor":42.0,"turns":7.0},{"damage":0.0,"enemies":"3 Darklings","floor":45.0,"turns":1.0},{"damage":0.0,"enemies":"4 Shapes","floor":47.0,"turns":1.0},{"damage":33.0,"enemies":"Awakened One","floor":50.0,"turns":10.0},{"damage":53,"enemies":"Time Eater","floor":51,"turns":4}],"seed_played":"5029663150237473273","potions_obtained":[{"floor":1.0,"key":"SteroidPotion"},{"floor":5.0,"key":"GamblersBrew"},{"floor":10.0,"key":"Swift Potion"},{"floor":14.0,"key":"Dexterity Potion"},{"floor":18.0,"key":"SneckoOil"},{"floor":21.0,"key":"Explosive Potion"},{"floor":39.0,"key":"PowerPotion"}],"is_trial":false,"path_per_floor":["M","?","?","?","M","R","E","R","T","E","?","M","R","M","R","B",null,"M","?","M","M","?","R","$","?","T","?","M","R","E","M","R","B",null,"M","?","$","?","M","R","?","M","T","R","M","R","M","T","R","B","B"],"character_chosen":"DEFECT","items_purchased":["Double Energy","Capacitor","Blizzard","Apotheosis","Glacier"],"campfire_rested":4,"item_purchase_floors":[24,24,24,37,37],"current_hp_per_floor":[69,58,58,77,74,74,42,42,42,25,2,2,25,23,23,22,64,58,58,52,52,52,52,52,52,52,52,40,63,63,65,65,52,72,74,58,58,58,60,60,60,24,24,47,49,49,51,51,74,43,0],"gold":171,"neow_bonus":"RANDOM_COMMON_RELIC","is_prod":false,"is_daily":false,"chose_seed":false,"campfire_upgraded":6,"win_rate":0,"timestamp":1566718248,"path_taken":["M","?","?","?","M","R","E","R","T","E","?","M","R","M","R","BOSS","M","?","M","M","?","R","?","?","T","?","?","R","E","M","R","BOSS","M","?","$","?","?","R","?","M","T","R","M","R","?","?","R","BOSS","BOSS"],"build_version":"2019-08-23","purchased_purges":0,"victory":false,"max_hp_per_floor":[78,78,78,78,78,78,78,78,78,78,78,78,78,78,78,78,78,78,78,78,78,78,78,78,78,78,78,78,78,78,78,78,78,78,78,78,78,78,78,78,78,78,78,78,78,78,78,78,78,78,78],"card_choices":[{"not_picked":["Sweeping Beam","Go for the Eyes"],"picked":"Sunder","floor":1.0},{"not_picked":["Consume","Hologram"],"picked":"Chill","floor":5.0},{"not_picked":["Multi-Cast","Rebound"],"picked":"Leap","floor":7.0},{"not_picked":["Barrage","Heatsinks"],"picked":"Sweeping Beam","floor":10.0},{"not_picked":["Melter","Scrape"],"picked":"Cold Snap","floor":12.0},{"not_picked":["Storm","Rebound"],"picked":"Beam Cell","floor":14.0},{"not_picked":["Hyperbeam","Fission"],"picked":"All For One","floor":16.0},{"not_picked":["Auto Shields","Recycle"],"picked":"Gash","floor":18.0},{"not_picked":["Steam","Sweeping Beam"],"picked":"Streamline+1","floor":20.0},{"not_picked":["Tempest","Redo"],"picked":"Recycle","floor":21.0},{"not_picked":["Heatsinks","Barrage"],"picked":"Gash+1","floor":28.0},{"not_picked":["Hyperbeam","Creative AI"],"picked":"Cold Snap+1","floor":30.0},{"not_picked":["Sweeping Beam","Rebound"],"picked":"Undo","floor":31.0},{"not_picked":["Biased Cognition","Rainbow"],"picked":"Fission","floor":33.0},{"not_picked":["Rebound","Rip and Tear"],"picked":"Ball Lightning+1","floor":35.0},{"not_picked":["Conserve Battery+1","Hello World"],"picked":"Gash","floor":36.0},{"not_picked":["Consume","Chaos"],"picked":"Chill","floor":39.0},{"not_picked":["Sweeping Beam","Heatsinks"],"picked":"Redo+1","floor":42.0},{"not_picked":["Cold Snap+1","Darkness"],"picked":"Chill","floor":45.0},{"not_picked":["Cold Snap","Barrage+1"],"picked":"Ball Lightning+1","floor":47.0}],"player_experience":3047865,"relics_obtained":[{"floor":7.0,"key":"Pocketwatch"},{"floor":9.0,"key":"Bronze Scales"},{"floor":10.0,"key":"Dead Branch"},{"floor":26.0,"key":"Blood Vial"},{"floor":30.0,"key":"Omamori"},{"floor":34.0,"key":"Lantern"},{"floor":34.0,"key":"Meat on the Bone"},{"floor":34.0,"key":"Unceasing Top"},{"floor":36.0,"key":"Gambling Chip"},{"floor":48.0,"key":"Thread and Needle"}],"event_choices":[{"damage_healed":0.0,"max_hp_gain":0.0,"max_hp_loss":0.0,"gold_gain":75.0,"event_name":"World of Goop","player_choice":"Gather Gold","floor":2.0,"gold_loss":0.0,"damage_taken":11.0},{"damage_healed":0.0,"max_hp_gain":0.0,"max_hp_loss":0.0,"gold_gain":55.0,"event_name":"Golden Wing","player_choice":"Gained Gold","floor":3.0,"gold_loss":0.0,"damage_taken":0.0},{"damage_healed":19.0,"max_hp_gain":0.0,"max_hp_loss":0.0,"gold_gain":0.0,"event_name":"The Cleric","player_choice":"Healed","floor":4.0,"gold_loss":35.0,"damage_taken":0.0},{"damage_healed":0.0,"max_hp_gain":0.0,"max_hp_loss":0.0,"gold_gain":0.0,"event_name":"Shining Light","player_choice":"Entered Light","floor":11.0,"gold_loss":0.0,"damage_taken":23.0,"cards_upgraded":["Strike_B","Chill"]},{"damage_healed":0.0,"max_hp_gain":0.0,"max_hp_loss":0.0,"gold_gain":0.0,"event_name":"Vampires","player_choice":"Ignored","floor":19.0,"gold_loss":0.0,"damage_taken":0.0},{"cards_removed":["Defend_B"],"damage_healed":0.0,"max_hp_gain":0.0,"max_hp_loss":0.0,"gold_gain":0.0,"event_name":"Beggar","player_choice":"Gave Gold","floor":22.0,"gold_loss":75.0,"damage_taken":0.0},{"damage_healed":0.0,"max_hp_gain":0.0,"max_hp_loss":0.0,"gold_gain":0.0,"event_name":"Ghosts","player_choice":"Ignored","floor":25.0,"gold_loss":0.0,"damage_taken":0.0},{"cards_removed":["Defend_B"],"damage_healed":0.0,"max_hp_gain":0.0,"max_hp_loss":0.0,"gold_gain":0.0,"event_name":"Bonfire Elementals","player_choice":"Offered Basic","floor":27.0,"gold_loss":0.0,"damage_taken":0.0},{"damage_healed":0.0,"max_hp_gain":0.0,"max_hp_loss":0.0,"gold_gain":0.0,"event_name":"Mysterious Sphere","player_choice":"Fight","floor":36.0,"gold_loss":0.0,"damage_taken":0.0},{"damage_healed":0.0,"max_hp_gain":0.0,"max_hp_loss":0.0,"gold_gain":0.0,"event_name":"WeMeetAgain","player_choice":"Gave Potion","floor":38.0,"gold_loss":0.0,"damage_taken":0.0,"relics_obtained":["Bag of Marbles"]},{"damage_healed":0.0,"max_hp_gain":0.0,"max_hp_loss":0.0,"gold_gain":0.0,"event_name":"FaceTrader","player_choice":"Leave","floor":41.0,"gold_loss":0.0,"damage_taken":0.0}],"is_beta":true,"boss_relics":[{"not_picked":["Busted Crown","Eternal Feather"],"picked":"Astrolabe"},{"not_picked":["Velvet Choker","Coffee Dripper"],"picked":"Calling Bell"}],"items_purged_floors":[],"is_endless":false,"potions_floor_spawned":[1,5,10,14,18,21,28,35,39],"killed_by":"Time Eater","ascension_level":20}