{"gold_per_floor":[110,62,62,62,13,38,58,70,70,1,35,35,53,88,88,190,190,203,183,143,155,166,166,198,198,223,243,273,293,312,312,312,413,413,425,71,82,100,100,100,130,130,130,130],"floor_reached":44,"playtime":4319,"items_purged":["Defend_R"],"score":737,"play_id":"e2d79e54-4f88-470d-bd8b-80e7ec6f0305","local_time":"20190901215859","is_ascension_mode":true,"campfire_choices":[{"data":"Shrug It Off","floor":12.0,"key":"SMITH"},{"data":"Bash","floor":15.0,"key":"SMITH"},{"data":"Barricade","floor":23.0,"key":"SMITH"},{"floor":25.0,"key":"REST"},{"floor":32.0,"key":"REST"},{"data":"Body Slam","floor":40,"key":"SMITH"},{"floor":42,"key":"DIG"}],"neow_cost":"NONE","seed_source_timestamp":510040537543332,"circlet_count":0,"master_deck":["Strike_R+1","Strike_R+1","Strike_R+1","Defend_R+1","Defend_R","Bash+1","Shrug It Off","Shrug It Off+1","Battle Trance","Barricade+1","Shrug It Off","Shrug It Off","Metallicize","Body Slam+1","Body Slam+1","Metallicize+1","Metallicize","Violence"],"special_seed":0,"relics":["Burning Blood","NeowsBlessing","Matryoshka","Whetstone","Anchor","Potion Belt","Question Card","Orrery","Incense Burner","Boot","Smiling Mask","Sundial","Ornamental Fan","Empty Cage","Lantern","Dream Catcher","Shovel","Centennial Puzzle","Bottled Tornado"],"potions_floor_usage":[38,41],"damage_taken":[{"damage":0.0,"enemies":"2 Louse","floor":1.0,"turns":1.0},{"damage":0.0,"enemies":"3 Sentries","floor":6.0,"turns":1.0},{"damage":0.0,"enemies":"Jaw Worm","floor":7.0,"turns":1.0},{"damage":0.0,"enemies":"Cultist","floor":8.0,"turns":3.0},{"damage":18.0,"enemies":"Gremlin Nob","floor":11.0,"turns":3.0},{"damage":3.0,"enemies":"Exordium Thugs","floor":13.0,"turns":4.0},{"damage":12.0,"enemies":"3 Sentries","floor":14.0,"turns":10.0},{"damage":43.0,"enemies":"Slime Boss","floor":16.0,"turns":16.0},{"damage":38.0,"enemies":"Shell Parasite","floor":18.0,"turns":21.0},{"damage":14.0,"enemies":"2 Thieves","floor":19.0,"turns":4.0},{"damage":0.0,"enemies":"Centurion and Healer","floor":21.0,"turns":9.0},{"damage":4.0,"enemies":"Chosen and Byrds","floor":22.0,"turns":7.0},{"damage":17.0,"enemies":"Book of Stabbing","floor":24.0,"turns":8.0},{"damage":33.0,"enemies":"3 Cultists","floor":27.0,"turns":9.0},{"damage":18.0,"enemies":"Gremlin Leader","floor":28.0,"turns":10.0},{"damage":3.0,"enemies":"Shelled Parasite and Fungi","floor":29.0,"turns":8.0},{"damage":0.0,"enemies":"Cultist and Chosen","floor":30.0,"turns":7.0},{"damage":8.0,"enemies":"Champ","floor":33.0,"turns":11.0},{"damage":26.0,"enemies":"3 Darklings","floor":35.0,"turns":8.0},{"damage":0.0,"enemies":"3 Shapes","floor":37.0,"turns":4.0},{"damage":23,"enemies":"Transient","floor":38,"turns":5},{"damage":6,"enemies":"Nemesis","floor":41,"turns":10},{"damage":44,"enemies":"Reptomancer","floor":44,"turns":2}],"seed_played":"8798611544569785666","potions_obtained":[{"floor":7.0,"key":"FearPotion"},{"floor":8.0,"key":"LiquidBronze"},{"floor":14.0,"key":"Strength Potion"},{"floor":18.0,"key":"EssenceOfSteel"},{"floor":19.0,"key":"Weak Potion"},{"floor":20.0,"key":"LiquidBronze"},{"floor":20.0,"key":"FearPotion"},{"floor":20.0,"key":"SpeedPotion"},{"floor":24.0,"key":"Energy Potion"},{"floor":28.0,"key":"Dexterity Potion"},{"floor":33.0,"key":"Strength Potion"},{"floor":35.0,"key":"GamblersBrew"},{"floor":37.0,"key":"SpeedPotion"}],"is_trial":false,"path_per_floor":["M","$","?","?","$","E","M","M","T","$","E","R","M","E","R","B",null,"M","M","?","M","M","R","E","R","T","M","E","M","M","T","R","B",null,"M","$","M","M","?","R","E","R","T","E"],"character_chosen":"IRONCLAD","items_purchased":["Shrug It Off","Shrug It Off","Battle Trance","Lantern","Dream Catcher"],"campfire_rested":2,"item_purchase_floors":[2,5,10,36,36],"current_hp_per_floor":[78,78,71,55,55,61,67,73,73,73,61,61,64,58,58,21,65,33,25,25,31,33,33,22,46,46,19,7,10,16,16,40,38,70,50,50,56,39,39,39,39,39,39,0],"gold":130,"neow_bonus":"THREE_ENEMY_KILL","is_prod":false,"is_daily":false,"chose_seed":false,"campfire_upgraded":4,"win_rate":0,"timestamp":1567367939,"path_taken":["M","$","?","?","?","E","M","M","T","$","E","R","M","E","R","BOSS","M","M","?","M","M","R","E","R","T","M","E","M","?","?","R","BOSS","M","$","M","M","?","R","E","R","T","E"],"build_version":"2019-07-17","purchased_purges":1,"victory":false,"max_hp_per_floor":[80,80,80,80,80,80,80,80,80,80,80,80,80,80,80,80,80,80,80,80,80,80,80,80,80,80,80,80,80,80,80,80,80,80,80,80,80,80,80,80,80,80,80,80],"card_choices":[{"not_picked":["Headbutt","Heavy Blade","Sword Boomerang"],"picked":"SKIP","floor":1.0},{"not_picked":["Heavy Blade","True Grit","Sword Boomerang"],"picked":"SKIP","floor":6.0},{"not_picked":["Headbutt","Perfected Strike","Iron Wave"],"picked":"SKIP","floor":7.0},{"not_picked":["True Grit","Heavy Blade","Blood for Blood"],"picked":"SKIP","floor":8.0},{"not_picked":["Uppercut","Intimidate","Armaments"],"picked":"SKIP","floor":11.0},{"not_picked":["Intimidate","Dark Embrace","Warcry"],"picked":"SKIP","floor":13.0},{"not_picked":["Flame Barrier","Dropkick","Headbutt"],"picked":"SKIP","floor":14.0},{"not_picked":["Impervious","Berserk","Demon Form"],"picked":"Barricade","floor":16.0},{"not_picked":["Heavy Blade","Bloodletting","Inflame"],"picked":"Shrug It Off","floor":17.0},{"not_picked":["Sword Boomerang","Clothesline","Flame Barrier"],"picked":"Shrug It Off","floor":17.0},{"not_picked":["True Grit","Thunderclap","Headbutt"],"picked":"Metallicize","floor":17.0},{"not_picked":["Rampage","Sever Soul","Shrug It Off","Pommel Strike"],"picked":"SKIP","floor":18.0},{"not_picked":["Dual Wield+1","Battle Trance","Warcry"],"picked":"Body Slam","floor":19.0},{"not_picked":["Corruption","Hemokinesis","Inflame+1"],"picked":"Body Slam+1","floor":21.0},{"not_picked":["Heavy Blade","Spot Weakness+1","Thunderclap","Pommel Strike"],"picked":"SKIP","floor":22.0},{"not_picked":["Limit Break","Wild Strike","Sever Soul","Armaments+1"],"picked":"SKIP","floor":24.0},{"not_picked":["Searing Blow+1","Iron Wave","Seeing Red","Clothesline"],"picked":"SKIP","floor":27.0},{"not_picked":["True Grit","Anger","Reckless Charge"],"picked":"Metallicize+1","floor":28.0},{"not_picked":["Thunderclap","Iron Wave","Sword Boomerang","Wild Strike"],"picked":"SKIP","floor":29.0},{"not_picked":["Limit Break","Cleave+1","Pommel Strike","Searing Blow+1"],"picked":"SKIP","floor":30.0},{"not_picked":["Flex","Flame Barrier","Thunderclap"],"picked":"Metallicize","floor":35.0},{"not_picked":["Rupture","Whirlwind","Shrug It Off+1","Headbutt+1"],"picked":"SKIP","floor":37.0},{"not_picked":["Thunderclap","Dropkick+1","Cleave","Anger"],"picked":"SKIP","floor":38},{"not_picked":["Deep Breath","Purity","Madness"],"picked":"Violence","floor":39},{"not_picked":["Cleave","Sword Boomerang+1","Warcry+1","Spot Weakness"],"picked":"SKIP","floor":41}],"player_experience":144494,"relics_obtained":[{"floor":6.0,"key":"Matryoshka"},{"floor":9.0,"key":"Whetstone"},{"floor":9.0,"key":"Anchor"},{"floor":11.0,"key":"Potion Belt"},{"floor":14.0,"key":"Question Card"},{"floor":24.0,"key":"Incense Burner"},{"floor":26.0,"key":"Boot"},{"floor":26.0,"key":"Smiling Mask"},{"floor":28.0,"key":"Sundial"},{"floor":31.0,"key":"Ornamental Fan"},{"floor":41,"key":"Shovel"},{"floor":42,"key":"Centennial Puzzle"},{"floor":43,"key":"Bottled Tornado"}],"event_choices":[{"cards_removed":["Strike_R"],"damage_healed":0.0,"max_hp_gain":0.0,"max_hp_loss":0.0,"gold_gain":0.0,"event_name":"Golden Wing","player_choice":"Card Removal","floor":3.0,"gold_loss":0.0,"damage_taken":7.0},{"damage_healed":0.0,"max_hp_gain":0.0,"max_hp_loss":0.0,"gold_gain":0.0,"event_name":"Shining Light","player_choice":"Entered Light","floor":4.0,"gold_loss":0.0,"damage_taken":16.0,"cards_upgraded":["Strike_R","Defend_R"]},{"damage_healed":0.0,"max_hp_gain":0.0,"max_hp_loss":0.0,"gold_gain":0.0,"event_name":"The Woman in Blue","player_choice":"Bought 3 Potions","floor":20.0,"gold_loss":0.0,"damage_taken":0.0},{"damage_healed":0,"gold_gain":0,"player_choice":"Memory 1","damage_taken":0,"max_hp_gain":0,"max_hp_loss":0,"event_name":"SensoryStone","floor":39,"gold_loss":0}],"is_beta":false,"boss_relics":[{"not_picked":["Black Star","White Beast Statue"],"picked":"Orrery"},{"not_picked":["Mark of Pain","Snecko Eye"],"picked":"Empty Cage"}],"items_purged_floors":[36],"is_endless":false,"potions_floor_spawned":[7,8,14,18,19,24,28,33,35,37],"killed_by":"Reptomancer","ascension_level":6}