{"gold_per_floor":[15,32,42,60,74,100,100,112,136,171,7,17,17,17,17,17],"floor_reached":16,"playtime":538,"items_purged":[],"score":228,"play_id":"0459541f-9ab6-4c32-ab88-92900f3ad813","local_time":"20190815125152","is_ascension_mode":true,"campfire_choices":[{"floor":7,"key":"REST"},{"floor":15,"key":"REST"}],"neow_cost":"NO_GOLD","seed_source_timestamp":141366033219100,"circlet_count":0,"master_deck":["AscendersBane","Strike_G","Strike_G","Strike_G","Strike_G","Strike_G","Defend_G","Defend_G+1","Defend_G","Defend_G","Defend_G","Survivor","Neutralize","Leg Sweep","Dagger Spray","Skewer","Dagger Throw","Flying Knee","Dash","Deadly Poison+1"],"relics":["Ring of the Snake","Boot","Omamori","Pen Nib","Snake Skull"],"potions_floor_usage":[6,10,16,16],"damage_taken":[{"damage":0,"enemies":"Small Slimes","floor":1,"turns":4},{"damage":1,"enemies":"Jaw Worm","floor":2,"turns":7},{"damage":10,"enemies":"2 Louse","floor":3,"turns":4},{"damage":16,"enemies":"Red Slaver","floor":4,"turns":5},{"damage":6,"enemies":"Lots of Slimes","floor":5,"turns":3},{"damage":22,"enemies":"3 Sentries","floor":6,"turns":12},{"damage":4,"enemies":"2 Fungi Beasts","floor":8,"turns":4},{"damage":20,"enemies":"Lagavulin","floor":10,"turns":8},{"damage":3,"enemies":"Blue Slaver","floor":12,"turns":4},{"damage":42,"enemies":"Slime Boss","floor":16,"turns":7}],"seed_played":"3305347294681278756","potions_obtained":[{"floor":5,"key":"FearPotion"},{"floor":6,"key":"GhostInAJar"},{"floor":10,"key":"Fire Potion"},{"floor":12,"key":"Weak Potion"}],"is_trial":false,"path_per_floor":["M","M","M","M","M","E","R","M","T","E","$","M","?","?","R","B"],"character_chosen":"THE_SILENT","items_purchased":["Snake Skull"],"campfire_rested":2,"item_purchase_floors":[11],"current_hp_per_floor":[71,70,60,44,38,16,39,35,35,15,15,12,31,8,31,0],"gold":17,"neow_bonus":"TWENTY_PERCENT_HP_BONUS","is_prod":false,"is_daily":false,"chose_seed":false,"campfire_upgraded":0,"win_rate":0,"timestamp":1565887912,"path_taken":["M","M","M","M","M","E","R","M","T","E","$","M","?","?","R","BOSS"],"build_version":"2019-07-17","purchased_purges":0,"victory":false,"max_hp_per_floor":[78,78,78,78,78,78,78,78,78,78,78,78,78,78,78,78],"card_choices":[{"not_picked":["PiercingWail","Prepared"],"picked":"Leg Sweep","floor":1},{"not_picked":["Eviscerate","Reflex"],"picked":"Dagger Spray","floor":2},{"not_picked":["Dagger Spray","Blade Dance"],"picked":"Skewer","floor":3},{"not_picked":["Acrobatics","Accuracy"],"picked":"Dagger Throw","floor":4},{"not_picked":["Escape Plan","Unload"],"picked":"Flying Knee","floor":5},{"not_picked":["Endless Agony","Tactician"],"picked":"Dash","floor":6},{"not_picked":["Poisoned Stab","Bane","Acrobatics"],"picked":"SKIP","floor":8},{"not_picked":["Blade Dance","Heel Hook"],"picked":"Deadly Poison","floor":10},{"not_picked":["Slice","Doppelganger","Flying Knee"],"picked":"SKIP","floor":12}],"player_experience":559406,"relics_obtained":[{"floor":6,"key":"Boot"},{"floor":9,"key":"Omamori"},{"floor":10,"key":"Pen Nib"}],"event_choices":[{"damage_healed":19,"gold_gain":0,"player_choice":"Healed and dodged fight","damage_taken":0,"max_hp_gain":0,"max_hp_loss":0,"event_name":"Mushrooms","floor":13,"gold_loss":0,"cards_obtained":["Parasite"]},{"damage_healed":0,"gold_gain":0,"player_choice":"Entered Light","damage_taken":23,"max_hp_gain":0,"max_hp_loss":0,"event_name":"Shining Light","floor":14,"gold_loss":0,"cards_upgraded":["Deadly Poison","Defend_G"]}],"is_beta":false,"boss_relics":[],"items_purged_floors":[],"is_endless":false,"potions_floor_spawned":[5,6,10,12],"killed_by":"Slime Boss","ascension_level":20}