{"gold_per_floor":[18,32,32,51,51,76,91,91],"floor_reached":8,"playtime":325,"items_purged":[],"score":73,"play_id":"e9fa0b32-2904-4529-9150-e99a39348966","local_time":"20190824101947","is_ascension_mode":true,"campfire_choices":[],"neow_cost":"NO_GOLD","seed_source_timestamp":7630007993063,"circlet_count":0,"master_deck":["Strike_R","Strike_R","Strike_R","Defend_R","Defend_R","Defend_R","Defend_R","Bash","Pommel Strike","Havoc","Armaments","Limit Break"],"relics":["Burning Blood","Bag of Preparation"],"potions_floor_usage":[6,6,8],"damage_taken":[{"damage":8,"enemies":"Jaw Worm","floor":1,"turns":5},{"damage":1,"enemies":"Cultist","floor":2,"turns":3},{"damage":0,"enemies":"Small Slimes","floor":4,"turns":2},{"damage":18,"enemies":"Gremlin Nob","floor":6,"turns":4},{"damage":52,"enemies":"Exordium Thugs","floor":7,"turns":7},{"damage":15,"enemies":"3 Sentries","floor":8,"turns":4}],"seed_played":"-6311877194303637681","potions_obtained":[{"floor":2,"key":"EssenceOfSteel"},{"floor":3,"key":"Swift Potion"},{"floor":3,"key":"AttackPotion"}],"is_trial":false,"path_per_floor":["M","M","?","M","?","E","M","E"],"character_chosen":"IRONCLAD","items_purchased":[],"campfire_rested":0,"item_purchase_floors":[],"current_hp_per_floor":[78,80,80,80,80,68,22,7],"gold":91,"neow_bonus":"REMOVE_TWO","is_prod":false,"is_daily":false,"chose_seed":false,"campfire_upgraded":0,"win_rate":0,"timestamp":1566609587,"path_taken":["M","M","?","?","?","E","M","E"],"build_version":"2019-07-17","purchased_purges":0,"victory":false,"max_hp_per_floor":[80,80,80,80,80,80,80,80],"card_choices":[{"not_picked":["Heavy Blade","Wild Strike"],"picked":"Pommel Strike","floor":1},{"not_picked":["Anger","Fire Breathing"],"picked":"Havoc","floor":2},{"not_picked":["Combust","Power Through"],"picked":"Armaments","floor":4},{"not_picked":["Rage","Power Through"],"picked":"Limit Break","floor":6},{"not_picked":["Wild Strike","Fire Breathing","Heavy Blade"],"picked":"SKIP","floor":7}],"player_experience":230257,"relics_obtained":[{"floor":6,"key":"Bag of Preparation"}],"event_choices":[{"damage_healed":0,"gold_gain":0,"player_choice":"Got Potions","damage_taken":0,"max_hp_gain":0,"max_hp_loss":0,"event_name":"Lab","floor":3,"gold_loss":0},{"damage_healed":0,"gold_gain":0,"player_choice":"Ignored","damage_taken":0,"max_hp_gain":0,"max_hp_loss":0,"event_name":"Liars Game","floor":5,"gold_loss":0}],"is_beta":false,"boss_relics":[],"items_purged_floors":[],"is_endless":false,"potions_floor_spawned":[2],"killed_by":"3 Sentries","ascension_level":5}