{"gold_per_floor":[113,188,203,128,0,29,29,61,138,138,149,166,182,195,195,272,272,284,284,14,33,43,43,43,43,43,55,55,88,88],"floor_reached":30,"playtime":1821,"items_purged":["Strike_G"],"score":556,"play_id":"5fba88da-e9ea-41a1-988c-d493046b4bd3","local_time":"20190522013358","is_ascension_mode":true,"campfire_choices":[{"data":"Noxious Fumes","floor":7,"key":"SMITH"},{"data":"Neutralize","floor":10,"key":"SMITH"},{"data":"Bouncing Flask","floor":15,"key":"SMITH"},{"data":"After Image","floor":23,"key":"SMITH"},{"floor":28,"key":"REST"}],"neow_cost":"NONE","seed_source_timestamp":972102940372497,"circlet_count":0,"master_deck":["AscendersBane","Defend_G","Defend_G","Defend_G","Defend_G","Defend_G","Strike_G","Strike_G","Strike_G","Survivor","Neutralize+1","Noxious Fumes+1","Backflip","Dagger Spray","Dagger Spray","PiercingWail","Bouncing Flask+1","Die Die Die","After Image+1","PiercingWail+1","Crippling Poison"],"relics":["Ring of the Snake","NeowsBlessing","Smiling Mask","Question Card","Singing Bowl","Busted Crown","Meat on the Bone","Shovel","The Courier"],"potions_floor_usage":[21,29,29],"damage_taken":[{"damage":0,"enemies":"Jaw Worm","floor":1,"turns":1},{"damage":0,"enemies":"2 Louse","floor":3,"turns":1},{"damage":0,"enemies":"Gremlin Nob","floor":6,"turns":1},{"damage":12,"enemies":"3 Sentries","floor":8,"turns":6},{"damage":0,"enemies":"Cultist","floor":11,"turns":3},{"damage":0,"enemies":"Exordium Wildlife","floor":12,"turns":3},{"damage":5,"enemies":"Looter","floor":13,"turns":4},{"damage":8,"enemies":"Blue Slaver","floor":14,"turns":4},{"damage":6,"enemies":"The Guardian","floor":16,"turns":10},{"damage":8,"enemies":"Spheric Guardian","floor":18,"turns":6},{"damage":6,"enemies":"Chosen","floor":21,"turns":6},{"damage":6,"enemies":"Snecko","floor":22,"turns":7},{"damage":1,"enemies":"Sentry and Sphere","floor":27,"turns":5},{"damage":37,"enemies":"Slavers","floor":29,"turns":4},{"damage":40,"enemies":"Cultist and Chosen","floor":30,"turns":4}],"seed_played":"-4317711648376191707","potions_obtained":[{"floor":6,"key":"Ancient Potion"},{"floor":12,"key":"Swift Potion"},{"floor":27,"key":"GamblersBrew"}],"is_trial":false,"path_per_floor":["M","?","M","?","$","E","R","E","T","R","M","M","M","M","R","B",null,"M","?","$","M","M","R","$","?","T","M","R","E","M"],"character_chosen":"THE_SILENT","items_purchased":["Dagger Spray","Meat on the Bone"],"campfire_rested":1,"item_purchase_floors":[5,20],"current_hp_per_floor":[59,48,48,48,48,48,48,36,36,36,36,36,33,27,27,21,58,50,50,50,46,40,40,40,40,40,41,63,40,0],"gold":88,"neow_bonus":"THREE_ENEMY_KILL","is_prod":false,"is_daily":false,"chose_seed":false,"campfire_upgraded":4,"win_rate":0,"timestamp":1558503238,"path_taken":["M","?","M","?","?","E","R","E","T","R","M","M","?","M","R","BOSS","M","?","$","M","M","R","$","?","T","M","R","E","M"],"build_version":"2019-01-23","purchased_purges":1,"victory":false,"max_hp_per_floor":[66,66,66,66,66,66,66,66,66,66,66,66,68,70,70,70,70,70,70,70,72,72,72,72,72,72,74,74,76,76],"card_choices":[{"not_picked":["Dagger Throw","Backflip"],"picked":"Noxious Fumes","floor":1},{"not_picked":["Finisher","Acrobatics"],"picked":"Backflip","floor":3},{"not_picked":["Deflect","Endless Agony"],"picked":"Dagger Spray","floor":6},{"not_picked":["Skewer","Blade Dance"],"picked":"PiercingWail","floor":8},{"not_picked":["Deflect","Slice","Outmaneuver"],"picked":"Bouncing Flask","floor":11},{"not_picked":["Flying Knee","Dodge and Roll","Infinite Blades"],"picked":"Die Die Die","floor":12},{"not_picked":["Acrobatics","Flying Knee","Heel Hook","Endless Agony"],"picked":"Singing Bowl","floor":13},{"not_picked":["Bouncing Flask","Slice","Predator","Backflip"],"picked":"Singing Bowl","floor":14},{"not_picked":["Venomology","Unload","Phantasmal Killer"],"picked":"After Image","floor":16},{"not_picked":["Underhanded Strike"],"picked":"PiercingWail+1","floor":18},{"not_picked":["Flechettes","Slice"],"picked":"Singing Bowl","floor":21},{"not_picked":["Dash"],"picked":"Crippling Poison","floor":22},{"not_picked":["Deadly Poison","Quick Slash"],"picked":"Singing Bowl","floor":27},{"not_picked":["Flechettes+1","Deflect"],"picked":"Singing Bowl","floor":29}],"player_experience":394131,"relics_obtained":[{"floor":6,"key":"Smiling Mask"},{"floor":8,"key":"Question Card"},{"floor":9,"key":"Singing Bowl"},{"floor":26,"key":"Shovel"},{"floor":29,"key":"The Courier"}],"event_choices":[{"damage_healed":0,"gold_gain":75,"player_choice":"Gather Gold","damage_taken":11,"max_hp_gain":0,"max_hp_loss":0,"event_name":"World of Goop","floor":2,"gold_loss":0},{"cards_removed":["Strike_G"],"damage_healed":0,"gold_gain":0,"player_choice":"Card Removal","damage_taken":0,"max_hp_gain":0,"max_hp_loss":0,"event_name":"The Cleric","floor":4,"gold_loss":75},{"damage_healed":0,"gold_gain":0,"player_choice":"Ignored","damage_taken":0,"max_hp_gain":0,"max_hp_loss":0,"event_name":"Vampires","floor":19,"gold_loss":0},{"damage_healed":0,"gold_gain":0,"player_choice":"Ignored","damage_taken":0,"max_hp_gain":0,"max_hp_loss":0,"event_name":"Ghosts","floor":25,"gold_loss":0}],"is_beta":false,"boss_relics":[{"not_picked":["White Beast Statue","Runic Pyramid"],"picked":"Busted Crown"}],"items_purged_floors":[5],"is_endless":false,"potions_floor_spawned":[6,12,14,18,27],"killed_by":"Cultist and Chosen","ascension_level":19}