{"gold_per_floor":[114,129,79,98,114,114,134,134,159,84,114,114,128,128,128,128],"floor_reached":16,"playtime":530,"items_purged":["Strike_R"],"score":168,"play_id":"69adeb06-8d4a-4f2d-b32d-161dc4d22bc3","local_time":"20190903034217","is_ascension_mode":true,"campfire_choices":[{"data":"Body Slam","floor":6.0,"key":"SMITH"},{"data":"Body Slam","floor":8.0,"key":"SMITH"},{"data":"Cleave","floor":12.0,"key":"SMITH"},{"floor":15,"key":"REST"}],"neow_cost":"NONE","seed_source_timestamp":43779163501517,"circlet_count":0,"master_deck":["AscendersBane","Strike_R","Strike_R","Defend_R","Defend_R","Defend_R","Defend_R","Bash","Cleave+1","Body Slam+1","Body Slam+1","Shockwave"],"special_seed":0,"relics":["Burning Blood","Boot","Bronze Scales"],"potions_floor_usage":[],"damage_taken":[{"damage":1.0,"enemies":"Cultist","floor":1.0,"turns":4.0},{"damage":10.0,"enemies":"Small Slimes","floor":2.0,"turns":3.0},{"damage":2.0,"enemies":"Jaw Worm","floor":4.0,"turns":3.0},{"damage":17.0,"enemies":"Blue Slaver","floor":5.0,"turns":5.0},{"damage":6.0,"enemies":"Exordium Wildlife","floor":7.0,"turns":3.0},{"damage":35.0,"enemies":"3 Sentries","floor":11.0,"turns":8.0},{"damage":16.0,"enemies":"Exordium Thugs","floor":13.0,"turns":5.0},{"damage":56,"enemies":"Slime Boss","floor":16,"turns":6}],"seed_played":"6101861658147617750","potions_obtained":[{"floor":2.0,"key":"Block Potion"}],"is_trial":false,"path_per_floor":["M","M","?","M","M","R","M","R","T","$","E","R","M","?","R","B"],"character_chosen":"IRONCLAD","items_purchased":[],"campfire_rested":1,"item_purchase_floors":[],"current_hp_per_floor":[77,73,73,77,66,66,66,66,66,66,37,37,27,27,51,0],"gold":128,"neow_bonus":"REMOVE_CARD","is_prod":false,"is_daily":false,"chose_seed":false,"campfire_upgraded":3,"win_rate":0,"timestamp":1567474937,"path_taken":["M","M","?","M","M","R","M","R","T","$","E","R","M","?","R","BOSS"],"build_version":"2019-07-17","purchased_purges":1,"victory":false,"max_hp_per_floor":[80,80,80,80,80,80,80,80,80,80,80,80,80,80,80,80],"card_choices":[{"not_picked":["Iron Wave","True Grit"],"picked":"Cleave","floor":1.0},{"not_picked":["Thunderclap","Havoc"],"picked":"Body Slam","floor":2.0},{"not_picked":["Perfected Strike","Headbutt"],"picked":"Body Slam","floor":4.0},{"not_picked":["Evolve","Perfected Strike","Sever Soul"],"picked":"SKIP","floor":5.0},{"not_picked":["Sword Boomerang","Heavy Blade","Sentinel"],"picked":"SKIP","floor":7.0},{"not_picked":["Warcry","Seeing Red"],"picked":"Shockwave","floor":11.0},{"not_picked":["Infernal Blade","Perfected Strike","Pommel Strike"],"picked":"SKIP","floor":13.0}],"player_experience":203058,"relics_obtained":[{"floor":9.0,"key":"Boot"},{"floor":11.0,"key":"Bronze Scales"}],"event_choices":[{"cards_removed":["Strike_R"],"damage_healed":0.0,"max_hp_gain":0.0,"max_hp_loss":0.0,"gold_gain":0.0,"event_name":"The Cleric","player_choice":"Card Removal","floor":3.0,"gold_loss":50.0,"damage_taken":0.0},{"damage_healed":0,"gold_gain":0,"player_choice":"Searched \u00271\u0027 times","damage_taken":0,"max_hp_gain":0,"max_hp_loss":0,"event_name":"Dead Adventurer","floor":14,"gold_loss":0}],"is_beta":false,"boss_relics":[],"items_purged_floors":[10],"is_endless":false,"potions_floor_spawned":[2],"killed_by":"Slime Boss","ascension_level":13}