{"gold_per_floor":[111,126,106,122,132,157,157,177,200,212,212,212,212,212],"floor_reached":14,"playtime":341,"items_purged":[],"score":166,"play_id":"dcab0a0d-0cf8-4042-8d85-03bfa299eade","local_time":"20190413110446","is_ascension_mode":true,"campfire_choices":[{"data":"1","floor":7,"key":"LIFT"},{"data":"2","floor":11,"key":"LIFT"},{"data":"Noxious Fumes","floor":13,"key":"SMITH"}],"neow_cost":"PERCENT_DAMAGE","seed_source_timestamp":234708281195848,"circlet_count":0,"master_deck":["AscendersBane","Defend_G","Defend_G","Defend_G","Defend_G","Defend_G","Strike_G","Strike_G","Strike_G","Strike_G","Strike_G","Survivor","Neutralize","PiercingWail","Skewer","Cloak And Dagger","Noxious Fumes+1","Well Laid Plans","Footwork"],"special_seed":0,"relics":["Ring of the Snake","Girya","Pocketwatch","Bag of Marbles"],"potions_floor_usage":[6,6,8],"damage_taken":[{"damage":0.0,"enemies":"2 Louse","floor":1.0,"turns":4.0},{"damage":3.0,"enemies":"Cultist","floor":2.0,"turns":5.0},{"damage":0.0,"enemies":"Jaw Worm","floor":4.0,"turns":4.0},{"damage":0.0,"enemies":"Lots of Slimes","floor":5.0,"turns":2.0},{"damage":24,"enemies":"Lagavulin","floor":6,"turns":7},{"damage":27,"enemies":"Exordium Thugs","floor":8,"turns":6},{"damage":0,"enemies":"3 Louse","floor":10,"turns":4},{"damage":8,"enemies":"Lots of Slimes","floor":14,"turns":1}],"seed_played":"-6090732770800302421","potions_obtained":[{"floor":1.0,"key":"PowerPotion"},{"floor":3.0,"key":"Block Potion"},{"floor":4.0,"key":"Explosive Potion"},{"floor":5.0,"key":"Regen Potion"},{"floor":6,"key":"FearPotion"}],"is_trial":false,"path_per_floor":["M","M","?","M","M","E","R","M","T","M","R","?","R","M"],"character_chosen":"THE_SILENT","items_purchased":[],"campfire_rested":0,"item_purchase_floors":[],"current_hp_per_floor":[44,41,41,41,41,32,32,5,5,5,5,5,5,0],"gold":212,"neow_bonus":"ONE_RARE_RELIC","is_prod":false,"is_daily":false,"chose_seed":false,"campfire_upgraded":1,"win_rate":0,"timestamp":1555167886,"path_taken":["M","M","?","M","M","E","R","M","T","?","R","?","R","?"],"build_version":"2019-01-23","purchased_purges":0,"victory":false,"max_hp_per_floor":[66,66,66,66,66,66,66,66,66,66,66,66,66,66],"card_choices":[{"not_picked":["Quick Slash","Underhanded Strike"],"picked":"PiercingWail","floor":1.0},{"not_picked":["Outmaneuver","Flying Knee"],"picked":"Skewer","floor":2.0},{"not_picked":["Poisoned Stab","Outmaneuver"],"picked":"Cloak And Dagger","floor":4.0},{"not_picked":["Poisoned Stab","Backflip"],"picked":"Noxious Fumes","floor":5.0},{"not_picked":["Accuracy","Distraction","Heel Hook"],"picked":"SKIP","floor":6},{"not_picked":["Outmaneuver","Poisoned Stab"],"picked":"Well Laid Plans","floor":8},{"not_picked":["Prepared","Sucker Punch","Phantasmal Killer"],"picked":"SKIP","floor":10}],"player_experience":282332,"relics_obtained":[{"floor":6,"key":"Pocketwatch"},{"floor":9,"key":"Bag of Marbles"}],"event_choices":[{"damage_healed":0.0,"max_hp_gain":0.0,"max_hp_loss":0.0,"gold_gain":0.0,"event_name":"The Woman in Blue","player_choice":"Bought 1 Potion","floor":3.0,"gold_loss":0.0,"damage_taken":0.0},{"damage_healed":0,"gold_gain":0,"player_choice":"1 cards matched","damage_taken":0,"max_hp_gain":0,"max_hp_loss":0,"event_name":"Match and Keep!","floor":12,"gold_loss":0,"cards_obtained":["Footwork"]}],"is_beta":false,"boss_relics":[],"items_purged_floors":[],"is_endless":false,"potions_floor_spawned":[1,4,5,6],"killed_by":"Lots of Slimes","ascension_level":16}