{"gold_per_floor":[113,8,158,158,174,174,207,217,217,279,279,279,299,313,313,390,390],"floor_reached":17,"playtime":679,"items_purged":[],"score":330,"play_id":"9cb4fb62-6507-4e9a-833c-472717b380b2","local_time":"20190830211047","is_ascension_mode":true,"campfire_choices":[{"data":"Hologram","floor":6,"key":"SMITH"},{"floor":11,"key":"REST"},{"data":"Loop","floor":15,"key":"SMITH"}],"neow_cost":"NONE","seed_source_timestamp":0,"circlet_count":0,"master_deck":["AscendersBane","Strike_B","Strike_B","Strike_B","Strike_B","Defend_B","Defend_B","Defend_B","Defend_B","Zap","Dualcast","Blind","Cold Snap","Capacitor","Hologram+1","Cold Snap","Loop+1","Streamline","Melter","Steam","Cold Snap","Creative AI"],"special_seed":0,"relics":["Cracked Core","NlothsMask","Gremlin Horn","Tiny Chest"],"potions_floor_usage":[7,7,14,16],"damage_taken":[{"damage":1,"enemies":"Small Slimes","floor":1,"turns":4},{"damage":12,"enemies":"Jaw Worm","floor":5,"turns":6},{"damage":11,"enemies":"Lagavulin","floor":7,"turns":7},{"damage":0,"enemies":"Cultist","floor":8,"turns":3},{"damage":34,"enemies":"Gremlin Nob","floor":10,"turns":5},{"damage":0,"enemies":"2 Fungi Beasts","floor":13,"turns":4},{"damage":19,"enemies":"Gremlin Gang","floor":14,"turns":4},{"damage":19,"enemies":"The Guardian","floor":16,"turns":12}],"seed_played":"-6646668661471732152","potions_obtained":[{"floor":1,"key":"Poison Potion"},{"floor":5,"key":"PowerPotion"},{"floor":13,"key":"Fire Potion"},{"floor":14,"key":"Regen Potion"}],"is_trial":false,"path_per_floor":["M","$","?","?","M","R","E","M","T","E","R","?","M","M","R","B",null],"character_chosen":"DEFECT","items_purchased":["Capacitor","Hologram"],"campfire_rested":1,"item_purchase_floors":[2,2],"current_hp_per_floor":[63,63,63,63,51,51,40,40,40,6,27,27,27,8,8,4,54],"gold":390,"neow_bonus":"RANDOM_COLORLESS","is_prod":false,"is_daily":false,"chose_seed":false,"campfire_upgraded":2,"win_rate":0,"timestamp":1567224647,"path_taken":["M","$","?","?","?","R","E","M","T","E","R","?","M","M","R","BOSS"],"build_version":"2019-08-26","purchased_purges":0,"victory":false,"max_hp_per_floor":[71,71,71,71,71,71,71,71,71,71,71,71,71,71,71,71,71],"card_choices":[{"not_picked":["Go for the Eyes","Capacitor"],"picked":"Cold Snap","floor":1},{"not_picked":["Streamline","Stack"],"picked":"Cold Snap","floor":5},{"not_picked":["Steam","Recycle"],"picked":"Loop","floor":7},{"not_picked":["Beam Cell","Static Discharge"],"picked":"Streamline","floor":8},{"not_picked":["Skim","Multi-Cast"],"picked":"Melter","floor":10},{"not_picked":["Auto Shields","Darkness"],"picked":"Steam","floor":13},{"not_picked":["Undo","Beam Cell"],"picked":"Cold Snap","floor":14},{"not_picked":["Biased Cognition","Thunder Strike"],"picked":"Creative AI","floor":16}],"player_experience":3069435,"relics_obtained":[{"floor":7,"key":"Gremlin Horn"},{"floor":10,"key":"Tiny Chest"}],"event_choices":[{"damage_healed":0,"gold_gain":150,"player_choice":"AGREE","damage_taken":0,"max_hp_gain":0,"max_hp_loss":0,"event_name":"Liars Game","floor":3,"gold_loss":0,"cards_obtained":["Doubt"]},{"damage_healed":0,"gold_gain":0,"player_choice":"Trade","damage_taken":0,"relics_obtained":["NlothsMask"],"max_hp_gain":0,"max_hp_loss":0,"event_name":"FaceTrader","floor":4,"gold_loss":0},{"cards_removed":["Doubt"],"damage_healed":0,"gold_gain":0,"player_choice":"Purged","damage_taken":0,"max_hp_gain":0,"max_hp_loss":0,"event_name":"Purifier","floor":12,"gold_loss":0}],"is_beta":true,"boss_relics":[{"not_picked":[]}],"items_purged_floors":[],"is_endless":false,"potions_floor_spawned":[1,5,13,14],"ascension_level":20}