{"gold_per_floor":[119,99,118,129,142,142,174,174,174,193,213,228,228,248,248,327,327,340,356,356,371,385,385,400,400,400,416,427,427,443,463,463,463],"floor_reached":33,"playtime":1597,"items_purged":[],"score":643,"play_id":"623641d7-38d7-420a-859a-54cf562926c5","local_time":"20190316033528","is_ascension_mode":true,"campfire_choices":[{"data":"Zap","floor":6.0,"key":"SMITH"},{"data":"Streamline","floor":8.0,"key":"SMITH"},{"floor":13.0,"key":"REST"},{"data":"Defragment","floor":15.0,"key":"SMITH"},{"data":"Hologram","floor":23,"key":"SMITH"},{"floor":25,"key":"REST"},{"floor":29,"key":"REST"},{"floor":32,"key":"REST"}],"neow_cost":"NONE","seed_source_timestamp":214168846486704,"circlet_count":0,"master_deck":["AscendersBane","Strike_B","Strike_B","Strike_B","Strike_B","Defend_B","Defend_B","Defend_B","Defend_B","Zap+1","Dualcast","All For One","Conserve Battery","Gash","Beam Cell","Beam Cell","Streamline+1","Gash","Leap","Cold Snap","Defragment+1","Leap","Hologram+1","Skim+1","Turbo","Chaos+1","Decay","Glacier","Steam Power","Glacier+1","Beam Cell"],"special_seed":0,"relics":["Cracked Core","Boot","Pear","Cursed Key","Du-Vu Doll"],"potions_floor_usage":[21,33],"damage_taken":[{"damage":0.0,"enemies":"Cultist","floor":1.0,"turns":4.0},{"damage":7.0,"enemies":"Jaw Worm","floor":3.0,"turns":4.0},{"damage":2.0,"enemies":"Small Slimes","floor":4.0,"turns":4.0},{"damage":20.0,"enemies":"Exordium Thugs","floor":5.0,"turns":5.0},{"damage":11.0,"enemies":"Gremlin Nob","floor":7.0,"turns":3.0},{"damage":0.0,"enemies":"Large Slime","floor":10.0,"turns":3.0},{"damage":0.0,"enemies":"Looter","floor":11.0,"turns":1.0},{"damage":21.0,"enemies":"Exordium Thugs","floor":12.0,"turns":3.0},{"damage":0.0,"enemies":"2 Fungi Beasts","floor":14.0,"turns":2.0},{"damage":0.0,"enemies":"Slime Boss","floor":16.0,"turns":3.0},{"damage":24.0,"enemies":"Shell Parasite","floor":18.0,"turns":4.0},{"damage":11.0,"enemies":"Spheric Guardian","floor":19.0,"turns":4.0},{"damage":30,"enemies":"Snake Plant","floor":21,"turns":4},{"damage":5,"enemies":"Cultist and Chosen","floor":22,"turns":5},{"damage":40,"enemies":"Chosen and Byrds","floor":24,"turns":6},{"damage":11,"enemies":"3 Cultists","floor":27,"turns":5},{"damage":21,"enemies":"Centurion and Healer","floor":28,"turns":5},{"damage":17,"enemies":"Shelled Parasite and Fungi","floor":30,"turns":6},{"damage":12,"enemies":"Snake Plant","floor":31,"turns":3},{"damage":41,"enemies":"Champ","floor":33,"turns":9}],"seed_played":"9140812562442051680","potions_obtained":[{"floor":2.0,"key":"Weak Potion"},{"floor":4.0,"key":"Energy Potion"},{"floor":7.0,"key":"Strength Potion"},{"floor":10.0,"key":"Explosive Potion"},{"floor":14.0,"key":"Fire Potion"},{"floor":19.0,"key":"Poison Potion"},{"floor":28,"key":"SteroidPotion"},{"floor":31,"key":"EssenceOfSteel"}],"is_trial":false,"path_per_floor":["M","?","M","M","M","R","E","R","T","M","M","M","R","M","R","B",null,"M","M","?","M","M","R","M","R","T","M","M","R","M","M","R","B"],"character_chosen":"DEFECT","items_purchased":[],"campfire_rested":4,"item_purchase_floors":[],"current_hp_per_floor":[64,64,57,55,35,35,24,24,34,34,34,13,37,37,37,37,70,46,35,91,61,56,56,16,43,43,32,11,38,21,9,36,0],"gold":463,"neow_bonus":"ONE_RANDOM_RARE_CARD","is_prod":false,"is_daily":false,"chose_seed":false,"campfire_upgraded":4,"win_rate":0,"timestamp":1552732528,"path_taken":["M","?","M","M","M","R","E","R","T","M","M","M","R","M","R","BOSS","M","?","?","M","M","R","M","R","T","?","?","R","?","M","R","BOSS"],"build_version":"2019-03-15","purchased_purges":0,"victory":false,"max_hp_per_floor":[71,71,71,71,71,71,71,71,81,81,81,81,81,81,81,81,81,81,81,91,91,91,91,91,91,91,91,91,91,91,91,91,91],"card_choices":[{"not_picked":["Sweeping Beam","Rebound"],"picked":"Conserve Battery","floor":1.0},{"not_picked":["Darkness","Consume"],"picked":"Gash","floor":3.0},{"not_picked":["FTL","Compile Driver"],"picked":"Beam Cell","floor":4.0},{"not_picked":["Sweeping Beam","Ball Lightning"],"picked":"Beam Cell","floor":5.0},{"not_picked":["Lockon","Compile Driver"],"picked":"Streamline","floor":7.0},{"not_picked":["Go for the Eyes","Redo"],"picked":"Gash","floor":10.0},{"not_picked":["Stack","Compile Driver"],"picked":"Leap","floor":11.0},{"not_picked":["Static Discharge","Ball Lightning"],"picked":"Cold Snap","floor":12.0},{"not_picked":["Blizzard","Sunder"],"picked":"Defragment","floor":14.0},{"not_picked":["Core Surge","Electrodynamics"],"picked":"Machine Learning","floor":16.0},{"not_picked":["Chaos","Streamline"],"picked":"Leap","floor":18.0},{"not_picked":["Consume","Ball Lightning"],"picked":"Hologram","floor":19.0},{"not_picked":["Chill","Gash"],"picked":"Skim+1","floor":21},{"not_picked":["Undo","Beam Cell"],"picked":"Turbo","floor":22},{"not_picked":["Hologram","Rebound"],"picked":"Chaos+1","floor":24},{"not_picked":["Blizzard","Cold Snap"],"picked":"Glacier","floor":27},{"not_picked":["Streamline","Rip and Tear"],"picked":"Steam Power","floor":28},{"not_picked":["Chaos","Thunder Strike"],"picked":"Glacier+1","floor":30},{"not_picked":["Streamline","Consume"],"picked":"Beam Cell","floor":31}],"player_experience":2792110,"relics_obtained":[{"floor":7.0,"key":"Boot"},{"floor":9.0,"key":"Pear"},{"floor":26,"key":"Du-Vu Doll"}],"event_choices":[{"damage_healed":0.0,"max_hp_gain":0.0,"max_hp_loss":0.0,"gold_gain":0.0,"event_name":"The Woman in Blue","player_choice":"Bought 1 Potion","floor":2.0,"gold_loss":0.0,"damage_taken":0.0},{"cards_removed":["Machine Learning"],"damage_healed":46.0,"max_hp_gain":10.0,"max_hp_loss":0.0,"gold_gain":0.0,"event_name":"Bonfire Elementals","player_choice":"Offered Rare","floor":20.0,"gold_loss":0.0,"damage_taken":0.0}],"is_beta":true,"boss_relics":[{"not_picked":["Runic Dome","Runic Pyramid"],"picked":"Cursed Key"}],"items_purged_floors":[],"is_endless":false,"potions_floor_spawned":[4,7,10,14,19,28,31],"killed_by":"Champ","ascension_level":20}