{"gold_per_floor":[110,110,129,129,148,148,181,181,204,45,66,109,129,129,129,227,227,251,251,204,204,32,32,56,69,146,146,61,101,8,44,44,140,140,155,155,111,129,145,178,178,192,192,205,245,260,2,21,21,21,21],"floor_reached":52,"playtime":2911,"items_purged":["Strike_G","Decay"],"score":2024,"play_id":"43a2e9cd-f761-4cc2-bb8c-b2c45db75111","local_time":"20190824152013","is_ascension_mode":true,"campfire_choices":[{"data":"Cloak And Dagger","floor":6.0,"key":"SMITH"},{"data":"Poisoned Stab","floor":8.0,"key":"SMITH"},{"floor":15.0,"key":"REST"},{"floor":23.0,"key":"REST"},{"floor":32.0,"key":"REST"},{"floor":41,"key":"REST"},{"data":"Malaise","floor":49,"key":"SMITH"}],"neow_cost":"NONE","seed_source_timestamp":658756330637935,"circlet_count":0,"master_deck":["AscendersBane","Defend_G","Defend_G","Defend_G","Defend_G","Defend_G","Survivor","Neutralize","Cloak And Dagger+1","Poisoned Stab+1","PiercingWail","Noxious Fumes","Envenom","Well Laid Plans","Malaise+1","Escape Plan","Deflect+1","Bite","Bite","Bite","Bite","Bite","PiercingWail","Backflip","Catalyst","Backstab","Well Laid Plans","Cloak And Dagger","PiercingWail","Adrenaline","Finesse","Finesse","Noxious Fumes","PiercingWail","Blur","Footwork+1","Bullet Time"],"special_seed":0,"relics":["Ring of the Snake","NeowsBlessing","Golden Idol","Bag of Marbles","Oddly Smooth Stone","Regal Pillow","Philosopher\u0027s Stone","Dream Catcher","Happy Flower","Singing Bowl","Enchiridion","Dead Branch","Vajra","Mummified Hand","Cursed Key","Nunchaku","Shuriken","Turnip","Lantern"],"potions_floor_usage":[40,40,44,50,51],"damage_taken":[{"damage":0.0,"enemies":"Cultist","floor":1.0,"turns":1.0},{"damage":0.0,"enemies":"2 Louse","floor":3.0,"turns":1.0},{"damage":0.0,"enemies":"Small Slimes","floor":5.0,"turns":1.0},{"damage":5.0,"enemies":"3 Sentries","floor":7.0,"turns":8.0},{"damage":0.0,"enemies":"3 Louse","floor":11.0,"turns":3.0},{"damage":27.0,"enemies":"Gremlin Nob","floor":12.0,"turns":4.0},{"damage":0.0,"enemies":"Blue Slaver","floor":13.0,"turns":3.0},{"damage":15.0,"enemies":"The Guardian","floor":16.0,"turns":11.0},{"damage":11.0,"enemies":"Shell Parasite","floor":18.0,"turns":6.0},{"damage":18.0,"enemies":"2 Thieves","floor":20.0,"turns":5.0},{"damage":0.0,"enemies":"Centurion and Healer","floor":24.0,"turns":9.0},{"damage":0.0,"enemies":"3 Cultists","floor":25.0,"turns":6.0},{"damage":2.0,"enemies":"Book of Stabbing","floor":29.0,"turns":6.0},{"damage":18.0,"enemies":"Gremlin Leader","floor":31.0,"turns":6.0},{"damage":22.0,"enemies":"Collector","floor":33.0,"turns":8.0},{"damage":3.0,"enemies":"Orb Walker","floor":35.0,"turns":3.0},{"damage":0.0,"enemies":"3 Darklings","floor":38.0,"turns":1.0},{"damage":0.0,"enemies":"Maw","floor":39.0,"turns":6.0},{"damage":27,"enemies":"Giant Head","floor":40,"turns":6},{"damage":10,"enemies":"Spire Growth","floor":42,"turns":4},{"damage":0,"enemies":"Transient","floor":44,"turns":6},{"damage":19,"enemies":"Nemesis","floor":45,"turns":7},{"damage":11,"enemies":"4 Shapes","floor":46,"turns":4},{"damage":0,"enemies":"Jaw Worm Horde","floor":48,"turns":4},{"damage":38,"enemies":"Time Eater","floor":50,"turns":14},{"damage":31,"enemies":"Donu and Deca","floor":51,"turns":12}],"seed_played":"-164455568827082180","potions_obtained":[{"floor":3.0,"key":"Block Potion"},{"floor":4.0,"key":"AttackPotion"},{"floor":12.0,"key":"EssenceOfSteel"},{"floor":16.0,"key":"Poison Potion"},{"floor":25.0,"key":"GhostInAJar"},{"floor":31.0,"key":"Swift Potion"},{"floor":35.0,"key":"Block Potion"},{"floor":38.0,"key":"Weak Potion"},{"floor":42,"key":"Swift Potion"},{"floor":44,"key":"Energy Potion"},{"floor":46,"key":"GhostInAJar"}],"is_trial":false,"path_per_floor":["M","?","M","?","M","R","E","R","T","$","M","E","M","?","R","B",null,"M","?","M","?","$","R","M","M","T","?","?","E","$","E","R","B",null,"M","?","$","M","M","E","R","M","T","M","E","M","$","M","R","B","B",null],"character_chosen":"THE_SILENT","items_purchased":["Noxious Fumes","Happy Flower","Well Laid Plans","Cloak And Dagger","Noxious Fumes","Lantern"],"campfire_rested":4,"item_purchase_floors":[10,22,30,30,37,47],"current_hp_per_floor":[59,36,36,36,36,36,31,31,31,31,31,4,4,4,38,23,55,44,44,26,26,26,46,46,46,46,25,25,37,37,25,48,38,46,49,41,41,43,54,32,56,50,50,58,47,42,42,52,52,30,17],"gold":21,"neow_bonus":"THREE_ENEMY_KILL","is_prod":false,"is_daily":false,"chose_seed":false,"campfire_upgraded":3,"win_rate":0,"timestamp":1566674413,"path_taken":["M","?","M","?","?","R","E","R","T","?","M","E","M","?","R","BOSS","M","?","?","?","$","R","M","M","T","?","?","E","$","E","R","BOSS","M","?","$","M","M","E","R","M","T","M","E","M","$","M","R","BOSS","BOSS"],"build_version":"2019-07-17","purchased_purges":2,"victory":true,"max_hp_per_floor":[66,66,66,66,66,66,66,66,66,66,66,66,66,66,66,66,66,66,66,66,46,46,46,46,46,46,46,46,46,46,48,48,48,48,50,52,52,52,54,56,56,56,56,58,58,60,60,62,62,62,62],"card_choices":[{"not_picked":["PiercingWail","Deadly Poison"],"picked":"Cloak And Dagger","floor":1.0},{"not_picked":["All Out Attack","Sucker Punch"],"picked":"Poisoned Stab","floor":3.0},{"not_picked":["PiercingWail","Quick Slash"],"picked":"Poisoned Stab","floor":5.0},{"not_picked":["Masterful Stab","Predator"],"picked":"PiercingWail","floor":7.0},{"not_picked":["Backflip","Blade Dance"],"picked":"Envenom","floor":11.0},{"not_picked":["Blade Dance","Eviscerate","Distraction"],"picked":"SKIP","floor":12.0},{"not_picked":["Deadly Poison","Bane"],"picked":"Well Laid Plans","floor":13.0},{"not_picked":["A Thousand Cuts","Tools of the Trade"],"picked":"Malaise","floor":16.0},{"not_picked":["Cloak And Dagger","Dagger Spray"],"picked":"Escape Plan","floor":18.0},{"not_picked":["Outmaneuver","Underhanded Strike"],"picked":"Deflect+1","floor":20.0},{"not_picked":["Flying Knee+1","Blade Dance"],"picked":"PiercingWail","floor":23.0},{"not_picked":["Sucker Punch","Deadly Poison"],"picked":"Backflip","floor":24.0},{"not_picked":["Quick Slash","Dagger Spray+1"],"picked":"Catalyst","floor":25.0},{"not_picked":["Distraction","Crippling Poison"],"picked":"Backstab","floor":29.0},{"not_picked":["Die Die Die","Blur","Expertise"],"picked":"Singing Bowl","floor":31.0},{"not_picked":["Sucker Punch","Underhanded Strike+1"],"picked":"PiercingWail","floor":32.0},{"not_picked":["Tools of the Trade","Unload"],"picked":"Adrenaline","floor":33.0},{"not_picked":["Underhanded Strike+1","Finisher","Caltrops"],"picked":"Singing Bowl","floor":35.0},{"not_picked":["Purity","Trip"],"picked":"Finesse","floor":36.0},{"not_picked":["Master of Strategy","Purity"],"picked":"Finesse","floor":36.0},{"not_picked":["Good Instincts","PanicButton","Transmutation"],"picked":"Singing Bowl","floor":36.0},{"not_picked":["Outmaneuver","Deadly Poison"],"picked":"PiercingWail","floor":38.0},{"not_picked":["Bane","Endless Agony","Acrobatics"],"picked":"Singing Bowl","floor":39.0},{"not_picked":["Catalyst","Backflip","Well Laid Plans"],"picked":"Singing Bowl","floor":40},{"not_picked":["Setup+1","Heel Hook"],"picked":"Blur","floor":41},{"not_picked":["Night Terror","Dodge and Roll"],"picked":"Footwork+1","floor":42},{"not_picked":["All Out Attack+1","Underhanded Strike","Blade Dance"],"picked":"Singing Bowl","floor":44},{"not_picked":["Prepared+1","Endless Agony"],"picked":"Bullet Time","floor":45},{"not_picked":["Poisoned Stab+1","Flechettes","Backflip"],"picked":"Singing Bowl","floor":46},{"not_picked":["Dodge and Roll","Slice","Terror"],"picked":"Singing Bowl","floor":48}],"player_experience":599629,"relics_obtained":[{"floor":7.0,"key":"Bag of Marbles"},{"floor":9.0,"key":"Oddly Smooth Stone"},{"floor":12.0,"key":"Regal Pillow"},{"floor":26.0,"key":"Singing Bowl"},{"floor":27.0,"key":"Enchiridion"},{"floor":29.0,"key":"Vajra"},{"floor":31.0,"key":"Mummified Hand"},{"floor":40,"key":"Nunchaku"},{"floor":43,"key":"Shuriken"},{"floor":45,"key":"Turnip"}],"event_choices":[{"damage_healed":0.0,"max_hp_gain":0.0,"max_hp_loss":0.0,"gold_gain":0.0,"event_name":"Golden Idol","player_choice":"Take Damage","floor":2.0,"gold_loss":0.0,"damage_taken":23.0,"relics_obtained":["Golden Idol"]},{"damage_healed":0.0,"max_hp_gain":0.0,"max_hp_loss":0.0,"gold_gain":0.0,"event_name":"Lab","player_choice":"Got Potions","floor":4.0,"gold_loss":0.0,"damage_taken":0.0},{"damage_healed":0.0,"max_hp_gain":0.0,"max_hp_loss":0.0,"gold_gain":0.0,"event_name":"Golden Wing","player_choice":"Ignored","floor":14.0,"gold_loss":0.0,"damage_taken":0.0},{"cards_removed":["Poisoned Stab"],"damage_healed":0.0,"max_hp_gain":0.0,"max_hp_loss":0.0,"gold_gain":0.0,"event_name":"WeMeetAgain","player_choice":"Gave Card","floor":19.0,"gold_loss":0.0,"damage_taken":0.0,"relics_obtained":["Dream Catcher"]},{"damage_healed":0.0,"max_hp_gain":0.0,"max_hp_loss":20.0,"gold_gain":0.0,"event_name":"Vampires","player_choice":"Became a vampire","floor":21.0,"gold_loss":0.0,"damage_taken":0.0,"cards_obtained":["Bite","Bite","Bite","Bite","Bite"]},{"damage_healed":0.0,"max_hp_gain":0.0,"max_hp_loss":0.0,"gold_gain":0.0,"event_name":"Cursed Tome","player_choice":"Obtained Book","floor":27.0,"gold_loss":0.0,"damage_taken":21.0},{"damage_healed":0.0,"max_hp_gain":0.0,"max_hp_loss":0.0,"gold_gain":0.0,"event_name":"Addict","player_choice":"Obtained Relic","floor":28.0,"gold_loss":85.0,"damage_taken":0.0,"relics_obtained":["Dead Branch"]},{"damage_healed":0.0,"max_hp_gain":0.0,"max_hp_loss":0.0,"gold_gain":0.0,"event_name":"SensoryStone","player_choice":"Memory 3","floor":36.0,"gold_loss":0.0,"damage_taken":10.0}],"is_beta":false,"boss_relics":[{"not_picked":["Ectoplasm","Ring of the Serpent"],"picked":"Philosopher\u0027s Stone"},{"not_picked":["HoveringKite","WristBlade"],"picked":"Cursed Key"}],"items_purged_floors":[10,47],"is_endless":false,"potions_floor_spawned":[3,5,12,16,20,25,31,35,38,42,44,46],"ascension_level":20}