{"gold_per_floor":[116,128,53,64,88,88,113,113,113,127,127,127,127,151,151,247,247,271,271,271,12,36,36,36],"floor_reached":24,"playtime":923,"items_purged":[],"score":388,"play_id":"5bd50464-4e45-4997-8960-debab428e527","local_time":"20181013001852","is_ascension_mode":true,"campfire_choices":[{"data":"Biased Cognition","floor":6.0,"key":"SMITH"},{"data":"Capacitor","floor":15.0,"key":"SMITH"},{"floor":23,"key":"REST"}],"neow_cost":"NONE","seed_source_timestamp":200712169610383,"circlet_count":0,"master_deck":["Strike_B","Strike_B","Strike_B","Defend_B","Defend_B","Defend_B","Defend_B","Zap+1","Dualcast","AscendersBane","Biased Cognition+1","Coolheaded","Ball Lightning","Machine Learning","Capacitor+1","Conserve Battery","Force Field","Echo Form","Sweeping Beam","Echo Form","Writhe","Capacitor","Stack+1"],"special_seed":0,"relics":["Cracked Core","PreservedInsect","Letter Opener","Golden Idol","Potion Belt","Symbiotic Virus","Philosopher\u0027s Stone","Boot","OrangePellets"],"potions_floor_usage":[22,22],"damage_taken":[{"damage":0.0,"enemies":"Small Slimes","floor":1.0,"turns":2.0},{"damage":1.0,"enemies":"Jaw Worm","floor":2.0,"turns":3.0},{"damage":1.0,"enemies":"2 Louse","floor":4.0,"turns":2.0},{"damage":5.0,"enemies":"Lagavulin","floor":7.0,"turns":5.0},{"damage":21.0,"enemies":"Exordium Wildlife","floor":10.0,"turns":4.0},{"damage":0.0,"enemies":"Looter","floor":14.0,"turns":3.0},{"damage":22.0,"enemies":"Hexaghost","floor":16.0,"turns":7.0},{"damage":26.0,"enemies":"Spheric Guardian","floor":18.0,"turns":4.0},{"damage":24,"enemies":"Shell Parasite","floor":22,"turns":3},{"damage":35,"enemies":"Slavers","floor":24,"turns":2}],"seed_played":"-577017174289591889","potions_obtained":[{"floor":7.0,"key":"FearPotion"},{"floor":10.0,"key":"Strength Potion"},{"floor":14.0,"key":"Strength Potion"},{"floor":16.0,"key":"Poison Potion"},{"floor":18.0,"key":"FairyPotion"},{"floor":22,"key":"Poison Potion"}],"is_trial":false,"path_per_floor":["M","M","?","M","T","R","E","?","T","M","T","?","$","M","R","B",null,"M","?","?","$","M","R"],"character_chosen":"DEFECT","items_purchased":["OrangePellets","Capacitor"],"campfire_rested":1,"item_purchase_floors":[21,21],"current_hp_per_floor":[64,63,63,62,62,62,57,57,57,36,36,36,36,36,36,14,52,26,26,26,26,2,21,0],"gold":36,"neow_bonus":"ONE_RANDOM_RARE_CARD","is_prod":false,"is_daily":false,"chose_seed":false,"campfire_upgraded":2,"win_rate":0,"timestamp":1539415132,"path_taken":["M","M","?","M","?","R","E","?","T","M","?","?","?","M","R","BOSS","M","?","?","$","M","R","E"],"build_version":"2018-10-11","purchased_purges":0,"victory":false,"max_hp_per_floor":[71,71,71,71,71,71,71,64,64,64,64,64,64,64,64,64,64,64,64,64,64,64,64,64],"card_choices":[{"not_picked":["Sweeping Beam","Gash"],"picked":"Coolheaded","floor":1.0},{"not_picked":["Barrage","Beam Cell"],"picked":"Ball Lightning","floor":2.0},{"not_picked":["Sunder","Cold Snap"],"picked":"Machine Learning","floor":4.0},{"not_picked":["Rip and Tear","Steam Power"],"picked":"Capacitor","floor":7.0},{"not_picked":["Blizzard","Consume"],"picked":"Conserve Battery","floor":10.0},{"not_picked":["Coolheaded","Beam Cell"],"picked":"Force Field","floor":14.0},{"not_picked":["Fission","All For One"],"picked":"Echo Form","floor":16.0},{"not_picked":["Barrage","Blizzard"],"picked":"Sweeping Beam","floor":18.0},{"not_picked":["Steam Power+1","Skim"],"picked":"Stack+1","floor":22}],"player_experience":2527667,"relics_obtained":[{"floor":5.0,"key":"PreservedInsect"},{"floor":7.0,"key":"Letter Opener"},{"floor":9.0,"key":"Potion Belt"},{"floor":11.0,"key":"Symbiotic Virus"}],"event_choices":[{"event_name":"The Cleric","player_choice":"Card Removal","floor":3.0,"damage_taken":0.0},{"event_name":"Golden Idol","player_choice":"Lose Max HP","floor":8.0,"damage_taken":0.0},{"event_name":"Living Wall","player_choice":"Grow","floor":12.0,"damage_taken":0.0},{"event_name":"Duplicator","player_choice":"One dupe","floor":19.0,"damage_taken":0.0},{"event_name":"The Mausoleum","player_choice":"Yes","floor":20.0,"damage_taken":0.0}],"is_beta":true,"boss_relics":[{"not_picked":["Coffee Dripper","Calling Bell"],"picked":"Philosopher\u0027s Stone"}],"items_purged_floors":[],"is_endless":false,"potions_floor_spawned":[7,10,14,16,18,22],"killed_by":"Slavers","ascension_level":20}