{"gold_per_floor":[110,110,110,126,141,168,187,187,187,205,205,34,34,64,64,64],"floor_reached":16,"playtime":406,"items_purged":[],"score":198,"play_id":"faf4480d-a926-4f19-9bb2-b1a509c02fe0","local_time":"20190415134552","is_ascension_mode":true,"campfire_choices":[{"data":"Footwork","floor":8,"key":"SMITH"},{"data":"Footwork","floor":11,"key":"SMITH"},{"data":"Envenom","floor":15,"key":"SMITH"}],"neow_cost":"NONE","seed_source_timestamp":417177762736558,"circlet_count":0,"master_deck":["AscendersBane","Defend_G","Defend_G+1","Defend_G","Defend_G","Defend_G","Strike_G","Strike_G","Strike_G","Strike_G+1","Survivor","Neutralize","Malaise","Sucker Punch","All Out Attack","Footwork+1","PiercingWail","Dash","Footwork+1","Envenom+1","Parasite","Deadly Poison"],"relics":["Ring of the Snake","Nunchaku","Bottled Tornado","Anchor","Paper Crane"],"potions_floor_usage":[6,14],"damage_taken":[{"damage":0,"enemies":"2 Louse","floor":1,"turns":3},{"damage":0,"enemies":"Small Slimes","floor":4,"turns":3},{"damage":0,"enemies":"Cultist","floor":5,"turns":4},{"damage":25,"enemies":"Lagavulin","floor":6,"turns":10},{"damage":1,"enemies":"Exordium Thugs","floor":7,"turns":6},{"damage":0,"enemies":"Large Slime","floor":10,"turns":6},{"damage":12,"enemies":"Gremlin Nob","floor":14,"turns":5},{"damage":35,"enemies":"Slime Boss","floor":16,"turns":10}],"seed_played":"7000902736679561926","potions_obtained":[{"floor":4,"key":"Regen Potion"},{"floor":10,"key":"AttackPotion"}],"is_trial":false,"path_per_floor":["M","?","?","M","M","E","M","R","T","M","R","$","?","E","R","B"],"character_chosen":"THE_SILENT","items_purchased":["Anchor"],"campfire_rested":0,"item_purchase_floors":[12],"current_hp_per_floor":[59,39,39,39,39,29,28,28,28,28,28,28,44,32,32,0],"gold":64,"neow_bonus":"ONE_RANDOM_RARE_CARD","is_prod":false,"is_daily":false,"chose_seed":false,"campfire_upgraded":3,"win_rate":0,"timestamp":1555350352,"path_taken":["M","?","?","M","M","E","M","R","T","?","R","$","?","E","R","BOSS"],"build_version":"2019-01-23","purchased_purges":0,"victory":false,"max_hp_per_floor":[66,66,66,66,66,66,66,66,66,66,66,66,66,66,66,66],"card_choices":[{"not_picked":["Slice","Blade Dance"],"picked":"Sucker Punch","floor":1},{"not_picked":["Tactician","Dagger Spray"],"picked":"Footwork","floor":4},{"not_picked":["Deflect","Expertise"],"picked":"PiercingWail","floor":5},{"not_picked":["Bullet Time","Dagger Throw"],"picked":"Dash","floor":6},{"not_picked":["Slice","Finisher"],"picked":"Footwork","floor":7},{"not_picked":["Poisoned Stab","Leg Sweep"],"picked":"Envenom","floor":10},{"not_picked":["Blade Dance","Backflip"],"picked":"Deadly Poison","floor":14}],"player_experience":285980,"relics_obtained":[{"floor":6,"key":"Nunchaku"},{"floor":9,"key":"Bottled Tornado"},{"floor":14,"key":"Paper Crane"}],"event_choices":[{"damage_healed":0,"gold_gain":0,"player_choice":"Entered Light","damage_taken":20,"max_hp_gain":0,"max_hp_loss":0,"event_name":"Shining Light","floor":2,"gold_loss":0,"cards_upgraded":["Defend_G","Strike_G"]},{"damage_healed":0,"gold_gain":0,"cards_transformed":["Strike_G"],"player_choice":"Transformed","damage_taken":0,"max_hp_gain":0,"max_hp_loss":0,"event_name":"Transmorgrifier","floor":3,"gold_loss":0,"cards_obtained":["All Out Attack"]},{"damage_healed":16,"gold_gain":0,"player_choice":"Healed and dodged fight","damage_taken":0,"max_hp_gain":0,"max_hp_loss":0,"event_name":"Mushrooms","floor":13,"gold_loss":0,"cards_obtained":["Parasite"]}],"is_beta":false,"boss_relics":[],"items_purged_floors":[],"is_endless":false,"potions_floor_spawned":[4,10],"killed_by":"Slime Boss","ascension_level":16}