{"gold_per_floor":[114,35,103,103,13,40,40,53,80,99,99,114,20,20,20,95,95,95,95,95,95,52,52,52,52,52,52,52,52,52,52,52,52,52,52,52,52,52,52,52,52,52,52,52,52,0,0,0,0,0],"floor_reached":50,"playtime":1977,"items_purged":[],"score":1173,"play_id":"419b20cc-6c94-41eb-a036-4b5b6ac93812","local_time":"20180927044034","is_ascension_mode":true,"campfire_choices":[{"data":"Defragment","floor":7.0,"key":"SMITH"},{"data":"Defragment","floor":11.0,"key":"SMITH"},{"data":"Zap","floor":15.0,"key":"SMITH"},{"floor":25.0,"key":"REST"},{"data":"Defragment","floor":27.0,"key":"SMITH"},{"floor":32.0,"key":"REST"},{"data":"Defragment","floor":40.0,"key":"SMITH"},{"floor":42.0,"key":"REST"},{"floor":47,"key":"REST"},{"floor":49,"key":"REST"}],"neow_cost":"NONE","seed_source_timestamp":1173307343403491,"circlet_count":0,"master_deck":["Strike_B","Strike_B","Strike_B","Strike_B","Defend_B+1","Defend_B","Defend_B","Defend_B","Zap+1","Dualcast","AscendersBane","Gash","Defragment+1","Defragment+1","Defragment+1","Gash","Echo Form","Cold Snap","Storm","Electrodynamics","Gash","Cold Snap","Self Repair","Defragment+1","Decay","Cold Snap","Cold Snap","Undo","Loop","Amplify","Turbo","Hologram+1","Madness","Madness","Cold Snap+1","Defragment+1","Stack","Echo Form","Coolheaded","Aggregate+1"],"special_seed":0,"relics":["Cracked Core","NeowsBlessing","Dodecahedron","Kunai","Ancient Tea Set","Ectoplasm","Unceasing Top","Tiny House","Dead Branch","Dream Catcher","Bag of Preparation"],"potions_floor_usage":[45],"damage_taken":[{"damage":0.0,"enemies":"Cultist","floor":1.0,"turns":1.0},{"damage":0.0,"enemies":"3 Sentries","floor":6.0,"turns":1.0},{"damage":0.0,"enemies":"Small Slimes","floor":8.0,"turns":1.0},{"damage":8.0,"enemies":"2 Louse","floor":10.0,"turns":2.0},{"damage":6.0,"enemies":"Blue Slaver","floor":12.0,"turns":3.0},{"damage":0.0,"enemies":"Slime Boss","floor":16.0,"turns":5.0},{"damage":8.0,"enemies":"3 Byrds","floor":18.0,"turns":2.0},{"damage":30.0,"enemies":"Shell Parasite","floor":19.0,"turns":5.0},{"damage":6.0,"enemies":"Snecko","floor":21.0,"turns":4.0},{"damage":17.0,"enemies":"Colosseum Slavers","floor":23.0,"turns":3.0},{"damage":32.0,"enemies":"Shelled Parasite and Fungi","floor":28.0,"turns":4.0},{"damage":11.0,"enemies":"Chosen and Byrds","floor":29.0,"turns":6.0},{"damage":6.0,"enemies":"Snake Plant","floor":30.0,"turns":4.0},{"damage":2.0,"enemies":"Cultist and Chosen","floor":31.0,"turns":3.0},{"damage":11.0,"enemies":"Collector","floor":33.0,"turns":7.0},{"damage":32.0,"enemies":"3 Darklings","floor":35.0,"turns":5.0},{"damage":18.0,"enemies":"Mind Bloom Boss Battle","floor":36.0,"turns":6.0},{"damage":8.0,"enemies":"3 Shapes","floor":38.0,"turns":4.0},{"damage":4.0,"enemies":"3 Darklings","floor":39.0,"turns":6.0},{"damage":36.0,"enemies":"Giant Head","floor":41.0,"turns":8.0},{"damage":21,"enemies":"Spire Growth","floor":44,"turns":4},{"damage":10,"enemies":"Maw","floor":45,"turns":7},{"damage":18,"enemies":"4 Shapes","floor":48,"turns":3},{"damage":89,"enemies":"Awakened One","floor":50,"turns":3}],"seed_played":"7077835917845364789","potions_obtained":[{"floor":10.0,"key":"SkillPotion"},{"floor":12.0,"key":"Ancient Potion"},{"floor":19.0,"key":"SkillPotion"},{"floor":28.0,"key":"Explosive Potion"},{"floor":31.0,"key":"Energy Potion"},{"floor":34.0,"key":"SkillPotion"},{"floor":35.0,"key":"Energy Potion"},{"floor":39.0,"key":"Block Potion"},{"floor":44,"key":"Block Potion"}],"is_trial":false,"path_per_floor":["M","$","T","?","$","E","R","M","T","M","R","M","$","?","R","B",null,"M","M","?","M","$","?","?","R","T","R","M","M","M","M","R","B",null,"M","?","?","M","M","R","E","R","T","M","M","$","R","M","R"],"character_chosen":"DEFECT","items_purchased":["Defragment","Defragment","Storm","Defragment","Coolheaded"],"campfire_rested":5,"item_purchase_floors":[2,5,13,22,46],"current_hp_per_floor":[64,64,64,64,64,64,64,64,64,56,56,50,50,50,50,50,66,58,28,42,36,36,19,19,40,40,40,22,25,26,24,45,41,69,51,47,33,32,42,42,13,35,35,28,39,39,61,57,76,0],"gold":0,"neow_bonus":"THREE_ENEMY_KILL","is_prod":false,"is_daily":false,"chose_seed":false,"campfire_upgraded":5,"win_rate":0,"timestamp":1538048434,"path_taken":["M","$","?","?","$","E","R","M","T","M","R","?","?","?","R","BOSS","M","M","?","M","$","?","?","R","T","R","M","?","M","M","R","BOSS","M","?","?","?","M","R","E","R","T","M","M","$","R","M","R","BOSS"],"build_version":"2018-09-26v2","purchased_purges":0,"victory":false,"max_hp_per_floor":[71,71,71,71,71,71,71,71,71,71,71,71,71,71,71,71,71,71,71,71,71,71,71,71,71,71,71,71,71,71,71,71,71,76,76,76,76,76,76,76,76,76,76,76,76,76,76,76,76,76],"card_choices":[{"not_picked":["Leap","Conserve Battery"],"picked":"Gash","floor":1.0},{"not_picked":["Stack","Rebound"],"picked":"Defragment","floor":6.0},{"not_picked":["Redo","Go for the Eyes"],"picked":"Gash","floor":8.0},{"not_picked":["Ball Lightning","Fusion"],"picked":"Echo Form","floor":10.0},{"not_picked":["Redo","Rip and Tear"],"picked":"Cold Snap","floor":12.0},{"not_picked":["Multi-Cast","Thunder Strike"],"picked":"Electrodynamics","floor":16.0},{"not_picked":["Redo","Sweeping Beam"],"picked":"Gash","floor":18.0},{"not_picked":["Capacitor","Ball Lightning"],"picked":"Cold Snap","floor":19.0},{"not_picked":["Creative AI","Hologram"],"picked":"Self Repair","floor":21.0},{"not_picked":["Compile Driver","Hologram"],"picked":"Cold Snap","floor":28.0},{"not_picked":["Hello World","Skim+1"],"picked":"Cold Snap","floor":29.0},{"not_picked":["Stack","Turbo"],"picked":"Undo","floor":30.0},{"not_picked":["Scrape","Turbo"],"picked":"Loop","floor":31.0},{"not_picked":["Core Surge","Reboot"],"picked":"Amplify","floor":33.0},{"not_picked":["Scrape","Ball Lightning"],"picked":"Turbo","floor":34.0},{"not_picked":["Steam","Redo","Ball Lightning"],"picked":"SKIP","floor":35.0},{"not_picked":["Gash","Melter+1"],"picked":"Hologram+1","floor":36.0},{"not_picked":["Rebound+1","Scrape"],"picked":"Cold Snap+1","floor":38.0},{"not_picked":["Blizzard","Rebound+1"],"picked":"Defragment","floor":39.0},{"not_picked":["Static Discharge+1","Blizzard"],"picked":"Stack","floor":41.0},{"not_picked":["Leap","Capacitor+1"],"picked":"Echo Form","floor":44},{"not_picked":["Ball Lightning","Undo","Fusion"],"picked":"SKIP","floor":45},{"not_picked":["Steam","Barrage"],"picked":"Aggregate+1","floor":48}],"player_experience":2425336,"relics_obtained":[{"floor":3.0,"key":"Dodecahedron"},{"floor":6.0,"key":"Kunai"},{"floor":9.0,"key":"Ancient Tea Set"},{"floor":26.0,"key":"Unceasing Top"},{"floor":36.0,"key":"Dead Branch"},{"floor":41.0,"key":"Dream Catcher"},{"floor":43.0,"key":"Bag of Preparation"}],"event_choices":[{"event_name":"Living Wall","player_choice":"Grow","floor":4.0,"damage_taken":0.0},{"event_name":"Liars Game","player_choice":"disagreed","floor":14.0,"damage_taken":0.0},{"event_name":"The Library","player_choice":"Heal","floor":20.0,"damage_taken":0.0},{"event_name":"Colosseum","player_choice":"Fight","floor":23.0,"damage_taken":0.0},{"event_name":"Colosseum","player_choice":"Fled From Nobs","floor":23.0,"damage_taken":0.0},{"event_name":"Forgotten Altar","player_choice":"Smashed Altar","floor":24.0,"damage_taken":0.0},{"event_name":"MindBloom","player_choice":"Fight","floor":36.0,"damage_taken":0.0},{"event_name":"Winding Halls","player_choice":"Embrace Madness","floor":37.0,"damage_taken":0.0}],"is_beta":true,"boss_relics":[{"not_picked":["Calling Bell","Lizard Tail"],"picked":"Ectoplasm"},{"not_picked":["FrozenCore","Philosopher\u0027s Stone"],"picked":"Tiny House"}],"items_purged_floors":[],"is_endless":false,"potions_floor_spawned":[10,12,19,23,28,30,31,35,39,44],"killed_by":"Awakened One","ascension_level":20}