{"gold_per_floor":[114,129,79,79,94,94,109,139,189,204,234,264,109,124,124,224,224,239,149,179,194,96,96,126,126,126,141,156,186,201,216,216,316,316,331,346,247,262,41,41],"floor_reached":40,"playtime":2857,"items_purged":["Strike_R","Strike_R","Strike_R","Defend_R"],"score":495,"play_id":"d5a54e37-4a09-4349-9435-0be606afbde4","local_time":"20190828204107","daily_mods":["Heirloom","Blue Cards","DeadlyEvents"],"is_ascension_mode":false,"campfire_choices":[{"data":"Go for the Eyes","floor":6,"key":"SMITH"},{"data":"Armaments","floor":15,"key":"SMITH"},{"data":"Hologram","floor":23,"key":"SMITH"},{"floor":32,"key":"REST"}],"neow_cost":"","seed_source_timestamp":0,"circlet_count":0,"master_deck":["Defend_R","Defend_R","Defend_R","Bash","Ball Lightning","Heavy Blade","Go for the Eyes+1","Capacitor","Armaments+1","Infernal Blade","Dual Wield","Headbutt","Cold Snap","Inflame","Gash","Berserk","Seek+1","Sunder","Ghostly Armor+1","Beam Cell","Coolheaded","Hologram+1","Stack+1","True Grit+1","Turbo+1","Doom and Gloom","Limit Break+1","Seeing Red+1","Intimidate+1","Fusion+1","Hologram+1","Evolve","Reboot+1"],"special_seed":18136,"relics":["Burning Blood","Ice Cream","Anchor","Orichalcum","Turnip","Prayer Wheel","Busted Crown","Smiling Mask","Toxic Egg 2","Shuriken","Shovel","Mark of Pain"],"potions_floor_usage":[11,16,16,24,29,33,40,40],"damage_taken":[{"damage":7,"enemies":"Cultist","floor":1,"turns":5},{"damage":2,"enemies":"Small Slimes","floor":2,"turns":3},{"damage":3,"enemies":"Jaw Worm","floor":5,"turns":3},{"damage":9,"enemies":"Large Slime","floor":7,"turns":6},{"damage":20,"enemies":"Lagavulin","floor":8,"turns":7},{"damage":1,"enemies":"Exordium Thugs","floor":10,"turns":4},{"damage":32,"enemies":"3 Sentries","floor":11,"turns":8},{"damage":13,"enemies":"Lagavulin","floor":12,"turns":6},{"damage":1,"enemies":"Lots of Slimes","floor":14,"turns":5},{"damage":31,"enemies":"Hexaghost","floor":16,"turns":9},{"damage":16,"enemies":"Spheric Guardian","floor":18,"turns":5},{"damage":9,"enemies":"Gremlin Leader","floor":20,"turns":7},{"damage":0,"enemies":"Chosen","floor":21,"turns":4},{"damage":34,"enemies":"Slavers","floor":24,"turns":5},{"damage":0,"enemies":"Sentry and Sphere","floor":27,"turns":3},{"damage":7,"enemies":"Snake Plant","floor":28,"turns":6},{"damage":9,"enemies":"Gremlin Leader","floor":29,"turns":6},{"damage":25,"enemies":"3 Cultists","floor":30,"turns":5},{"damage":17,"enemies":"Sentry and Sphere","floor":31,"turns":4},{"damage":37,"enemies":"Collector","floor":33,"turns":9},{"damage":11,"enemies":"3 Darklings","floor":35,"turns":6},{"damage":0,"enemies":"3 Shapes","floor":36,"turns":2},{"damage":42,"enemies":"Maw","floor":38,"turns":9},{"damage":51,"enemies":"Giant Head","floor":40,"turns":8}],"seed_played":"-4594230523383984228","potions_obtained":[{"floor":2,"key":"BloodPotion"},{"floor":5,"key":"LiquidBronze"},{"floor":14,"key":"AttackPotion"},{"floor":16,"key":"SteroidPotion"},{"floor":21,"key":"PowerPotion"},{"floor":27,"key":"Dexterity Potion"},{"floor":29,"key":"Explosive Potion"},{"floor":30,"key":"Weak Potion"},{"floor":33,"key":"Ancient Potion"},{"floor":38,"key":"PowerPotion"}],"is_trial":false,"path_per_floor":["M","M","?","?","M","R","M","E","T","M","E","E","$","M","R","B",null,"M","?","E","M","$","R","E","?","T","M","M","E","M","M","R","B",null,"M","M","$","M","$","E"],"character_chosen":"IRONCLAD","items_purchased":["Cold Snap","Inflame","Hologram","Hologram+1","Evolve","Reboot+1"],"campfire_rested":1,"item_purchase_floors":[13,13,22,37,39,39],"current_hp_per_floor":[79,80,80,80,80,80,77,63,63,68,62,55,55,60,60,35,80,70,70,67,73,73,73,45,45,45,51,50,47,28,17,41,10,80,75,80,80,44,44,0],"gold":41,"neow_bonus":"","is_prod":false,"is_daily":true,"chose_seed":false,"campfire_upgraded":3,"win_rate":0,"timestamp":1566992467,"path_taken":["M","?","?","?","M","R","M","E","T","?","?","E","$","M","R","BOSS","M","?","?","M","$","R","E","?","T","M","M","E","M","?","R","BOSS","M","?","$","?","$","E"],"build_version":"2019-07-17","purchased_purges":4,"victory":false,"max_hp_per_floor":[80,80,80,80,80,80,80,80,80,80,80,80,80,80,80,80,80,80,80,80,80,80,80,80,80,80,80,80,80,80,80,80,80,80,80,80,80,80,80,80],"card_choices":[{"not_picked":["Clothesline","True Grit"],"picked":"Ball Lightning","floor":1},{"not_picked":["Warcry","Pommel Strike"],"picked":"Heavy Blade","floor":2},{"not_picked":["Clash","Body Slam"],"picked":"Go for the Eyes","floor":5},{"not_picked":["Havoc","Sword Boomerang"],"picked":"Capacitor","floor":7},{"not_picked":["Heatsinks","Tempest"],"picked":"Armaments","floor":8},{"not_picked":["Pommel Strike","Chaos"],"picked":"Infernal Blade","floor":10},{"not_picked":["Aggregate","Reinforced Body"],"picked":"Dual Wield","floor":11},{"not_picked":["Scrape","Carnage"],"picked":"Headbutt","floor":12},{"not_picked":["Wild Strike","Reprogram"],"picked":"Gash","floor":14},{"not_picked":["Sword Boomerang","True Grit"],"picked":"Berserk","floor":14},{"not_picked":["Dark Embrace","Immolate"],"picked":"Seek","floor":16},{"not_picked":[],"picked":"Sunder","floor":18},{"not_picked":[],"picked":"Ghostly Armor+1","floor":18},{"not_picked":[],"picked":"Beam Cell","floor":20},{"not_picked":[],"picked":"Coolheaded","floor":21},{"not_picked":["Beam Cell"],"picked":"SKIP","floor":21},{"not_picked":["Stack"],"picked":"SKIP","floor":24},{"not_picked":[],"picked":"Stack+1","floor":27},{"not_picked":["Darkness+1"],"picked":"SKIP","floor":27},{"not_picked":[],"picked":"True Grit+1","floor":28},{"not_picked":[],"picked":"Turbo+1","floor":28},{"not_picked":[],"picked":"Doom and Gloom","floor":29},{"not_picked":["Lockon"],"picked":"SKIP","floor":30},{"not_picked":["Wild Strike"],"picked":"SKIP","floor":30},{"not_picked":["Stack+1"],"picked":"SKIP","floor":31},{"not_picked":["Combust"],"picked":"SKIP","floor":31},{"not_picked":[],"picked":"Limit Break+1","floor":33},{"not_picked":[],"picked":"Seeing Red+1","floor":35},{"not_picked":[],"picked":"Intimidate+1","floor":35},{"not_picked":[],"picked":"Fusion+1","floor":36},{"not_picked":["Twin Strike+1"],"picked":"SKIP","floor":36},{"not_picked":["Beam Cell+1"],"picked":"SKIP","floor":38},{"not_picked":["Iron Wave+1"],"picked":"SKIP","floor":38}],"player_experience":247562,"relics_obtained":[{"floor":8,"key":"Anchor"},{"floor":9,"key":"Orichalcum"},{"floor":11,"key":"Turnip"},{"floor":12,"key":"Prayer Wheel"},{"floor":20,"key":"Smiling Mask"},{"floor":24,"key":"Toxic Egg 2"},{"floor":26,"key":"Shuriken"},{"floor":29,"key":"Shovel"}],"event_choices":[{"cards_removed":["Strike_R"],"damage_healed":0,"gold_gain":0,"player_choice":"Card Removal","damage_taken":0,"max_hp_gain":0,"max_hp_loss":0,"event_name":"The Cleric","floor":3,"gold_loss":50},{"damage_healed":0,"gold_gain":0,"player_choice":"Ignored","damage_taken":0,"max_hp_gain":0,"max_hp_loss":0,"event_name":"Liars Game","floor":4,"gold_loss":0},{"cards_removed":["Strike_R"],"damage_healed":0,"gold_gain":0,"player_choice":"Upgrade and Remove","damage_taken":0,"max_hp_gain":0,"max_hp_loss":0,"event_name":"Designer","floor":19,"gold_loss":90,"cards_upgraded":["Seek"]},{"damage_healed":0,"gold_gain":0,"player_choice":"Ignored","damage_taken":0,"max_hp_gain":0,"max_hp_loss":0,"event_name":"Vampires","floor":25,"gold_loss":0}],"is_beta":false,"boss_relics":[{"not_picked":["Runic Dome","Fusion Hammer"],"picked":"Busted Crown"},{"not_picked":["Empty Cage","Velvet Choker"],"picked":"Mark of Pain"}],"items_purged_floors":[13,22,37,39],"is_endless":false,"potions_floor_spawned":[2,5,14,16,21,27,29,30,33,36,38],"killed_by":"Giant Head","ascension_level":0}