{"gold_per_floor":[118,118,138,148,148,148,173,187,187,68,68,88,88,108,108,209,209,221,136,136,26,51,51,110,110,135,135,165,185,185,202,202,202],"floor_reached":33,"playtime":712,"items_purged":["Strike_R"],"score":493,"play_id":"8fc3d31b-b866-49d1-9fed-3dcc78b4262b","local_time":"20190323123322","is_ascension_mode":true,"campfire_choices":[{"data":"Uppercut","floor":6,"key":"SMITH"},{"data":"Dual Wield","floor":11,"key":"SMITH"},{"data":"Body Slam","floor":13,"key":"SMITH"},{"data":"True Grit","floor":15,"key":"SMITH"},{"data":"Limit Break","floor":23,"key":"SMITH"},{"data":"Dramatic Entrance","floor":25,"key":"SMITH"},{"data":"Rampage","floor":27,"key":"SMITH"},{"floor":32,"key":"REST"}],"neow_cost":"NONE","seed_source_timestamp":844674993815045,"circlet_count":0,"master_deck":["AscendersBane","Strike_R","Strike_R","Strike_R","Strike_R","Defend_R","Defend_R","Defend_R","Defend_R","Bash","Uppercut+1","Shrug It Off","Armaments+1","Demon Form+1","Rupture+1","Dual Wield+1","Dramatic Entrance+1","Body Slam+1","True Grit+1","Limit Break+1","Rampage+1","Feel No Pain+1","Shockwave","Wild Strike","Combust+1"],"relics":["Burning Blood","NeowsBlessing","Frozen Egg 2","StoneCalendar","Busted Crown","Ice Cream","MutagenicStrength","Juzu Bracelet","Tiny Chest","Orichalcum","Prayer Wheel"],"potions_floor_usage":[24,29,33],"damage_taken":[{"damage":0,"enemies":"Small Slimes","floor":1,"turns":1},{"damage":0,"enemies":"Cultist","floor":3,"turns":1},{"damage":0,"enemies":"Jaw Worm","floor":4,"turns":1},{"damage":17,"enemies":"Gremlin Nob","floor":7,"turns":4},{"damage":0,"enemies":"Exordium Wildlife","floor":8,"turns":4},{"damage":16,"enemies":"Exordium Thugs","floor":12,"turns":5},{"damage":2,"enemies":"2 Fungi Beasts","floor":14,"turns":4},{"damage":35,"enemies":"Slime Boss","floor":16,"turns":7},{"damage":14,"enemies":"Spheric Guardian","floor":18,"turns":6},{"damage":0,"enemies":"Gremlin Leader","floor":24,"turns":6},{"damage":37,"enemies":"Slavers","floor":28,"turns":7},{"damage":7,"enemies":"Chosen","floor":29,"turns":6},{"damage":28,"enemies":"Colosseum Slavers","floor":30,"turns":5},{"damage":24,"enemies":"Sentry and Sphere","floor":31,"turns":5},{"damage":41,"enemies":"Automaton","floor":33,"turns":4}],"seed_played":"-2556266848223735593","potions_obtained":[{"floor":2,"key":"Explosive Potion"},{"floor":2,"key":"Regen Potion"},{"floor":24,"key":"Dexterity Potion"}],"is_trial":false,"path_per_floor":["M","?","M","M","?","R","E","M","T","$","R","M","R","M","R","B",null,"M","?","?","$","T","R","E","R","T","R","E","M","?","M","R","B"],"character_chosen":"IRONCLAD","items_purchased":["Dual Wield","Dramatic Entrance","Feel No Pain+1"],"campfire_rested":1,"item_purchase_floors":[10,10,21],"current_hp_per_floor":[78,78,80,80,80,80,69,75,75,75,75,65,65,69,69,40,70,62,62,62,62,62,62,68,68,68,68,37,51,29,11,35,0],"gold":202,"neow_bonus":"THREE_ENEMY_KILL","is_prod":false,"is_daily":false,"chose_seed":false,"campfire_upgraded":7,"win_rate":0,"timestamp":1553358802,"path_taken":["M","?","?","M","?","R","E","?","T","$","R","M","R","M","R","BOSS","M","?","?","$","?","R","E","R","T","R","E","M","?","M","R","BOSS"],"build_version":"2019-01-23","purchased_purges":1,"victory":false,"max_hp_per_floor":[80,80,80,80,80,80,80,80,80,80,80,80,80,80,80,80,80,80,80,80,80,80,80,80,80,80,80,80,80,80,80,80,80],"card_choices":[{"not_picked":["Wild Strike","Evolve"],"picked":"Uppercut","floor":1},{"not_picked":["Perfected Strike","Battle Trance"],"picked":"Shrug It Off","floor":3},{"not_picked":["True Grit","Warcry"],"picked":"Armaments","floor":4},{"not_picked":["Sword Boomerang","Heavy Blade"],"picked":"Demon Form","floor":7},{"not_picked":["Sword Boomerang","Anger"],"picked":"Rupture+1","floor":8},{"not_picked":["Shockwave","Pommel Strike"],"picked":"Body Slam","floor":12},{"not_picked":["Iron Wave","Perfected Strike"],"picked":"True Grit","floor":14},{"not_picked":["Immolate","Brutality+1"],"picked":"Limit Break","floor":16},{"not_picked":[],"picked":"Rampage","floor":18},{"not_picked":["Bloodletting"],"picked":"SKIP","floor":24},{"not_picked":[],"picked":"Shockwave","floor":28},{"not_picked":[],"picked":"Wild Strike","floor":29},{"not_picked":["Seeing Red"],"picked":"SKIP","floor":29},{"not_picked":[],"picked":"Combust+1","floor":31},{"not_picked":["Dual Wield"],"picked":"SKIP","floor":31}],"player_experience":208302,"relics_obtained":[{"floor":7,"key":"Frozen Egg 2"},{"floor":9,"key":"StoneCalendar"},{"floor":22,"key":"Juzu Bracelet"},{"floor":24,"key":"Tiny Chest"},{"floor":26,"key":"Orichalcum"},{"floor":28,"key":"Prayer Wheel"}],"event_choices":[{"damage_healed":0,"gold_gain":0,"player_choice":"Got Potions","damage_taken":0,"max_hp_gain":0,"max_hp_loss":0,"event_name":"Lab","floor":2,"gold_loss":0},{"damage_healed":0,"gold_gain":0,"player_choice":"Upgraded","damage_taken":0,"max_hp_gain":0,"max_hp_loss":0,"event_name":"Upgrade Shrine","floor":5,"gold_loss":0,"cards_upgraded":["Armaments"]},{"damage_healed":0,"gold_gain":0,"player_choice":"Obtained Relic","damage_taken":0,"relics_obtained":["Ice Cream"],"max_hp_gain":0,"max_hp_loss":0,"event_name":"Addict","floor":19,"gold_loss":85},{"damage_healed":0,"gold_gain":0,"player_choice":"Inject Mutagens","damage_taken":0,"relics_obtained":["MutagenicStrength"],"max_hp_gain":0,"max_hp_loss":0,"event_name":"Drug Dealer","floor":20,"gold_loss":0},{"damage_healed":0,"gold_gain":0,"player_choice":"Fight","damage_taken":0,"max_hp_gain":0,"max_hp_loss":0,"event_name":"Colosseum","floor":30,"gold_loss":0},{"damage_healed":0,"gold_gain":0,"player_choice":"Fled From Nobs","damage_taken":0,"max_hp_gain":0,"max_hp_loss":0,"event_name":"Colosseum","floor":30,"gold_loss":0}],"is_beta":false,"boss_relics":[{"not_picked":["Ectoplasm","Runic Dome"],"picked":"Busted Crown"}],"items_purged_floors":[21],"is_endless":false,"potions_floor_spawned":[3,7,8,24],"killed_by":"Automaton","ascension_level":12}