{"gold_per_floor":[117,134,134,144,144,173,173,200,200,200,211,26,54,54,54,132,132,149,64,64,84,84,84,84],"floor_reached":24,"playtime":821,"items_purged":["Strike_G"],"score":424,"play_id":"539e0239-71d4-430c-af5c-deb702bc5dd4","local_time":"20190529221453","is_ascension_mode":true,"campfire_choices":[{"floor":7.0,"key":"REST"},{"floor":10.0,"key":"REST"},{"data":"Noxious Fumes","floor":15.0,"key":"SMITH"},{"floor":23.0,"key":"REST"}],"neow_cost":"NONE","seed_source_timestamp":1652234592719475,"circlet_count":0,"master_deck":["AscendersBane","Defend_G","Defend_G","Defend_G","Defend_G","Defend_G","Strike_G","Strike_G","Survivor","Neutralize+1","Noxious Fumes+1","Infinite Blades","Skewer","Flying Knee","Dagger Spray","After Image+1","Envenom+1","Backflip","Footwork+1"],"special_seed":0,"relics":["Ring of the Snake","Anchor","Bottled Tornado","Calipers","Art of War","Frozen Egg 2","Snecko Eye","Happy Flower"],"potions_floor_usage":[],"damage_taken":[{"damage":0.0,"enemies":"Small Slimes","floor":1.0,"turns":5.0},{"damage":0.0,"enemies":"2 Louse","floor":2.0,"turns":3.0},{"damage":0.0,"enemies":"Jaw Worm","floor":4.0,"turns":3.0},{"damage":29.0,"enemies":"Lagavulin","floor":6.0,"turns":10.0},{"damage":24.0,"enemies":"Gremlin Nob","floor":8.0,"turns":4.0},{"damage":0.0,"enemies":"2 Fungi Beasts","floor":11.0,"turns":3.0},{"damage":17.0,"enemies":"3 Sentries","floor":13.0,"turns":6.0},{"damage":35.0,"enemies":"Slime Boss","floor":16.0,"turns":10.0},{"damage":8.0,"enemies":"Chosen","floor":18.0,"turns":5.0},{"damage":9.0,"enemies":"Colosseum Slavers","floor":20.0,"turns":6.0},{"damage":4.0,"enemies":"Shell Parasite","floor":21.0,"turns":6.0},{"damage":51,"enemies":"Book of Stabbing","floor":24,"turns":7}],"seed_played":"8669123952061865196","potions_obtained":[{"floor":1.0,"key":"AttackPotion"},{"floor":6.0,"key":"Energy Potion"},{"floor":8.0,"key":"Weak Potion"},{"floor":13.0,"key":"SteroidPotion"},{"floor":18.0,"key":"Weak Potion"}],"is_trial":false,"path_per_floor":["M","M","?","M","?","E","R","E","T","R","M","$","E","?","R","B",null,"M","?","?","M","?","R","E"],"character_chosen":"THE_SILENT","items_purchased":["Explosive Potion","Dagger Spray"],"campfire_rested":3,"item_purchase_floors":[12,12],"current_hp_per_floor":[59,59,54,54,47,18,37,13,13,32,32,32,15,37,37,2,50,42,42,33,29,29,48,0],"gold":84,"neow_bonus":"UPGRADE_CARD","is_prod":false,"is_daily":false,"chose_seed":false,"campfire_upgraded":1,"win_rate":0,"timestamp":1559182493,"path_taken":["M","M","?","M","?","E","R","E","T","R","M","?","E","?","R","BOSS","M","?","?","M","?","R","E"],"build_version":"2019-01-23","purchased_purges":1,"victory":false,"max_hp_per_floor":[66,66,66,66,66,66,66,66,66,66,66,66,66,66,66,66,66,66,66,66,66,66,66,66],"card_choices":[{"not_picked":["Backflip","Cloak And Dagger"],"picked":"Noxious Fumes","floor":1.0},{"not_picked":["Eviscerate","Concentrate","Riddle With Holes"],"picked":"SKIP","floor":2.0},{"not_picked":["Prepared","Deflect"],"picked":"Infinite Blades","floor":4.0},{"not_picked":["Terror","Underhanded Strike"],"picked":"Skewer","floor":6.0},{"not_picked":["Calculated Gamble","Skewer","Endless Agony"],"picked":"SKIP","floor":8.0},{"not_picked":["Dagger Spray","Finisher"],"picked":"Flying Knee","floor":11.0},{"not_picked":["Prepared","Backstab"],"picked":"After Image","floor":13.0},{"not_picked":["Phantasmal Killer","Doppelganger"],"picked":"Envenom+1","floor":16.0},{"not_picked":["Caltrops+1","Dagger Spray"],"picked":"Backflip","floor":18.0},{"not_picked":["Slice","Blade Dance"],"picked":"Footwork+1","floor":21.0}],"player_experience":416499,"relics_obtained":[{"floor":6.0,"key":"Bottled Tornado"},{"floor":8.0,"key":"Calipers"},{"floor":9.0,"key":"Art of War"},{"floor":13.0,"key":"Frozen Egg 2"}],"event_choices":[{"damage_healed":0.0,"max_hp_gain":0.0,"max_hp_loss":0.0,"gold_gain":0.0,"event_name":"Scrap Ooze","player_choice":"Success","floor":3.0,"gold_loss":0.0,"damage_taken":5.0,"relics_obtained":["Anchor"]},{"cards_removed":["Strike_G"],"damage_healed":0.0,"max_hp_gain":0.0,"max_hp_loss":0.0,"gold_gain":0.0,"event_name":"Golden Wing","player_choice":"Card Removal","floor":5.0,"gold_loss":0.0,"damage_taken":7.0},{"damage_healed":22.0,"max_hp_gain":0.0,"max_hp_loss":0.0,"gold_gain":0.0,"event_name":"Big Fish","player_choice":"Banana","floor":14.0,"gold_loss":0.0,"damage_taken":0.0},{"damage_healed":0.0,"max_hp_gain":0.0,"max_hp_loss":0.0,"gold_gain":0.0,"event_name":"Addict","player_choice":"Obtained Relic","floor":19.0,"gold_loss":85.0,"damage_taken":0.0,"relics_obtained":["Happy Flower"]},{"damage_healed":0.0,"max_hp_gain":0.0,"max_hp_loss":0.0,"gold_gain":0.0,"event_name":"Colosseum","player_choice":"Fight","floor":20.0,"gold_loss":0.0,"damage_taken":0.0},{"damage_healed":0.0,"max_hp_gain":0.0,"max_hp_loss":0.0,"gold_gain":0.0,"event_name":"Colosseum","player_choice":"Fled From Nobs","floor":20.0,"gold_loss":0.0,"damage_taken":0.0},{"cards_removed":["Strike_G"],"damage_healed":0.0,"max_hp_gain":0.0,"max_hp_loss":0.0,"gold_gain":0.0,"event_name":"Bonfire Elementals","player_choice":"Offered Basic","floor":22.0,"gold_loss":0.0,"damage_taken":0.0}],"is_beta":false,"boss_relics":[{"not_picked":["Eternal Feather","Black Star"],"picked":"Snecko Eye"}],"items_purged_floors":[12],"is_endless":false,"potions_floor_spawned":[1,6,8,13,18],"killed_by":"Book of Stabbing","ascension_level":20}