{"gold_per_floor":[114,129,106,32,32,62,77,107,132,132,81,96,196,211,211,311,311,326,0,15,30,30,30,60,60,85,85,85,135,150,150,150,250,250,265,265,265,265,280,310,310,325,325,340,318,318],"floor_reached":46,"playtime":2376,"items_purged":[],"score":576,"play_id":"68e3f2cb-e7a7-4299-b806-70d54c62c112","local_time":"20190820221323","daily_mods":["Insanity","Diverse","Night Terrors"],"is_ascension_mode":false,"campfire_choices":[{"floor":10,"key":"REST"},{"data":"Corruption","floor":15,"key":"SMITH"},{"floor":23,"key":"REST"},{"data":"After Image","floor":25,"key":"SMITH"},{"data":"Echo Form","floor":27,"key":"SMITH"},{"data":"Aggregate","floor":32,"key":"SMITH"},{"floor":41,"key":"REST"}],"neow_cost":"","seed_source_timestamp":6220248341482,"circlet_count":0,"master_deck":["Terror","Infinite Blades","True Grit","Cleave","Compile Driver","Backstab","Conserve Battery","Poisoned Stab","Pummel","Choke","Havoc","Sever Soul","True Grit","Carnage","Escape Plan","Cloak And Dagger","Combust","Quick Slash","Iron Wave","Quick Slash","Coolheaded","Conserve Battery","Flying Knee","Chill","Scrape","Turbo","Rupture","Footwork","White Noise","Conserve Battery","Heavy Blade","Pommel Strike","Redo","Iron Wave","Noxious Fumes","Cleave","Ball Lightning","Acrobatics","Evolve","Leap","Ball Lightning","Wild Strike","Deflect","Iron Wave","Aggregate","Dagger Throw","White Noise","Cleave","Dagger Throw","Tactician","Corruption+1","Flying Knee","Feel No Pain","Cloak And Dagger","Hologram","Capacitor","PiercingWail","After Image+1","Deflect","Echo Form+1","Noxious Fumes","Hologram+1","Blur","Bite","Bite","Bite","Bite","Bite","Acrobatics+1","Hello World","Aggregate+1","Phantasmal Killer","Reinforced Body","Madness","Madness","Crippling Poison+1","Rupture+1","Turbo+1","Stack"],"special_seed":18128,"relics":["Ring of the Snake","Vajra","Dodecahedron","Pen Nib","Runic Pyramid","Blood Vial","Bronze Scales","PreservedInsect","White Beast Statue","Boot","Sundial"],"potions_floor_usage":[8,24,39,40,42,44,44,46],"damage_taken":[{"damage":0,"enemies":"Cultist","floor":1,"turns":2},{"damage":6,"enemies":"Small Slimes","floor":2,"turns":3},{"damage":23,"enemies":"Lagavulin","floor":6,"turns":6},{"damage":11,"enemies":"Jaw Worm","floor":7,"turns":2},{"damage":12,"enemies":"Gremlin Nob","floor":8,"turns":3},{"damage":0,"enemies":"Gremlin Gang","floor":12,"turns":3},{"damage":13,"enemies":"Exordium Thugs","floor":14,"turns":2},{"damage":42,"enemies":"Hexaghost","floor":16,"turns":7},{"damage":0,"enemies":"Spheric Guardian","floor":18,"turns":4},{"damage":4,"enemies":"Chosen","floor":20,"turns":4},{"damage":35,"enemies":"Snake Plant","floor":21,"turns":4},{"damage":9,"enemies":"Slavers","floor":24,"turns":2},{"damage":0,"enemies":"Snecko","floor":30,"turns":4},{"damage":11,"enemies":"Champ","floor":33,"turns":10},{"damage":33,"enemies":"3 Darklings","floor":35,"turns":3},{"damage":16,"enemies":"3 Shapes","floor":39,"turns":3},{"damage":27,"enemies":"Nemesis","floor":40,"turns":9},{"damage":30,"enemies":"Writhing Mass","floor":42,"turns":8},{"damage":11,"enemies":"4 Shapes","floor":44,"turns":7},{"damage":11,"enemies":"Maw","floor":46,"turns":7}],"seed_played":"2622380343692794011","potions_obtained":[{"floor":1,"key":"Block Potion"},{"floor":6,"key":"FearPotion"},{"floor":12,"key":"Dexterity Potion"},{"floor":20,"key":"PowerPotion"},{"floor":35,"key":"PowerPotion"},{"floor":39,"key":"Explosive Potion"},{"floor":40,"key":"GhostInAJar"},{"floor":42,"key":"Swift Potion"},{"floor":44,"key":"Weak Potion"}],"is_trial":false,"path_per_floor":["M","M","$","$","?","E","M","E","T","R","$","M","?","M","R","B",null,"M","?","M","M","?","R","E","R","T","R","?","T","M","?","R","B",null,"M","?","?","?","M","E","R","M","T","M","$","M"],"character_chosen":"THE_SILENT","items_purchased":["Flying Knee","Feel No Pain","PiercingWail","Stack"],"campfire_rested":3,"item_purchase_floors":[3,4,11,45],"current_hp_per_floor":[70,64,64,64,64,41,30,18,18,65,65,65,65,52,52,10,65,65,65,61,26,26,40,35,35,35,35,30,30,38,38,38,37,45,18,18,39,34,24,5,34,11,11,6,6,0],"gold":318,"neow_bonus":"","is_prod":false,"is_daily":true,"chose_seed":false,"campfire_upgraded":4,"win_rate":0,"timestamp":1566306803,"path_taken":["M","M","?","$","?","E","M","E","T","R","$","?","?","?","R","BOSS","M","?","M","M","?","R","E","R","T","R","?","?","M","?","R","BOSS","M","?","?","?","M","E","R","M","T","M","?","M"],"build_version":"2019-07-17","purchased_purges":0,"victory":false,"max_hp_per_floor":[70,70,70,70,70,70,70,70,70,65,65,65,65,65,65,65,65,65,65,65,65,45,40,40,40,40,40,45,45,45,45,45,45,45,45,45,39,39,39,39,34,34,34,34,34,34],"card_choices":[{"not_picked":["Leap","Infinite Blades"],"picked":"Tactician","floor":1},{"not_picked":["Bane","Beam Cell"],"picked":"Corruption","floor":2},{"not_picked":["Quick Slash","Twin Strike"],"picked":"Cloak And Dagger","floor":6},{"not_picked":["Body Slam","Deadly Poison"],"picked":"Hologram","floor":7},{"not_picked":["Double Energy","Streamline"],"picked":"Capacitor","floor":8},{"not_picked":["Cleave","Clothesline"],"picked":"After Image","floor":12},{"not_picked":["Chill","Barrage"],"picked":"Deflect","floor":14},{"not_picked":["Hyperbeam","Rainbow"],"picked":"Echo Form","floor":16},{"not_picked":["Turbo","Redo"],"picked":"Noxious Fumes","floor":18},{"not_picked":["Headbutt","Pommel Strike"],"picked":"Hologram+1","floor":20},{"not_picked":["Shrug It Off","Underhanded Strike+1"],"picked":"Blur","floor":21},{"not_picked":["Fusion","Ball Lightning"],"picked":"Acrobatics+1","floor":24},{"not_picked":["Sentinel","Rage+1"],"picked":"Hello World","floor":30},{"not_picked":["Meteor Strike","Grand Finale"],"picked":"Phantasmal Killer","floor":33},{"not_picked":["Compile Driver+1","Reckless Charge"],"picked":"Reinforced Body","floor":35},{"not_picked":["Rupture+1","Flying Knee+1"],"picked":"Crippling Poison+1","floor":39},{"not_picked":["Dodge and Roll+1","Iron Wave+1"],"picked":"Rupture+1","floor":40},{"not_picked":["Dagger Throw","Poisoned Stab+1"],"picked":"Turbo+1","floor":42},{"not_picked":["Anger","Lockon+1","Combust"],"picked":"SKIP","floor":44}],"player_experience":204876,"relics_obtained":[{"floor":6,"key":"Vajra"},{"floor":8,"key":"Dodecahedron"},{"floor":9,"key":"Pen Nib"},{"floor":24,"key":"Blood Vial"},{"floor":26,"key":"Bronze Scales"},{"floor":29,"key":"PreservedInsect"},{"floor":40,"key":"Boot"},{"floor":43,"key":"Sundial"}],"event_choices":[{"cards_removed":["Ball Lightning"],"damage_healed":0,"gold_gain":0,"player_choice":"Purged","damage_taken":0,"max_hp_gain":0,"max_hp_loss":0,"event_name":"Purifier","floor":5,"gold_loss":0},{"damage_healed":0,"gold_gain":100,"player_choice":"Gold","damage_taken":0,"max_hp_gain":0,"max_hp_loss":0,"event_name":"Wheel of Change","floor":13,"gold_loss":0},{"damage_healed":0,"gold_gain":0,"player_choice":"Paid Fearfully","damage_taken":0,"max_hp_gain":0,"max_hp_loss":0,"event_name":"Masked Bandits","floor":19,"gold_loss":326},{"damage_healed":0,"gold_gain":0,"player_choice":"Became a vampire","damage_taken":0,"max_hp_gain":0,"max_hp_loss":20,"event_name":"Vampires","floor":22,"gold_loss":0,"cards_obtained":["Bite","Bite","Bite","Bite","Bite"]},{"damage_healed":0,"gold_gain":0,"player_choice":"Shed Blood","damage_taken":10,"max_hp_gain":5,"max_hp_loss":0,"event_name":"Forgotten Altar","floor":28,"gold_loss":0},{"damage_healed":0,"gold_gain":0,"player_choice":"Read","damage_taken":0,"max_hp_gain":0,"max_hp_loss":0,"event_name":"The Library","floor":31,"gold_loss":0,"cards_obtained":["Aggregate"]},{"damage_healed":0,"gold_gain":0,"player_choice":"Ignored","damage_taken":0,"max_hp_gain":0,"max_hp_loss":0,"event_name":"Tomb of Lord Red Mask","floor":36,"gold_loss":0},{"damage_healed":39,"gold_gain":0,"player_choice":"Heal","damage_taken":0,"max_hp_gain":0,"max_hp_loss":6,"event_name":"The Moai Head","floor":37,"gold_loss":0},{"damage_healed":0,"gold_gain":0,"player_choice":"Embrace Madness","damage_taken":5,"max_hp_gain":0,"max_hp_loss":0,"event_name":"Winding Halls","floor":38,"gold_loss":0,"cards_obtained":["Madness","Madness"]}],"is_beta":false,"boss_relics":[{"not_picked":["Black Star","WristBlade"],"picked":"Runic Pyramid"},{"not_picked":["Empty Cage","Ring of the Serpent"],"picked":"White Beast Statue"}],"items_purged_floors":[],"is_endless":false,"potions_floor_spawned":[1,6,12,20,21,35,39,40,42,44],"killed_by":"Maw","ascension_level":0}