{"gold_per_floor":[113,113,123,123,44,44,76,92,142,142],"floor_reached":10,"playtime":266,"items_purged":[],"score":129,"play_id":"68c1e696-6390-4078-aac5-9e15f7e73fd5","local_time":"20190515230220","is_ascension_mode":true,"campfire_choices":[{"data":"Zap","floor":6.0,"key":"SMITH"}],"neow_cost":"TEN_PERCENT_HP_LOSS","seed_source_timestamp":446107744231041,"circlet_count":0,"master_deck":["AscendersBane","Strike_B","Strike_B","Defend_B","Defend_B","Defend_B","Defend_B","Zap+1","Dualcast","Recycle+1","Rip and Tear","Chill","Coolheaded"],"special_seed":0,"relics":["Cracked Core","Ancient Tea Set","Bird Faced Urn","Juzu Bracelet"],"potions_floor_usage":[10],"damage_taken":[{"damage":1.0,"enemies":"2 Louse","floor":1.0,"turns":2.0},{"damage":2.0,"enemies":"Jaw Worm","floor":3.0,"turns":5.0},{"damage":40.0,"enemies":"3 Sentries","floor":7.0,"turns":8.0},{"damage":0.0,"enemies":"Small Slimes","floor":8.0,"turns":3.0},{"damage":8,"enemies":"3 Louse","floor":10,"turns":1}],"seed_played":"-2817198617188615163","potions_obtained":[{"floor":7.0,"key":"Poison Potion"}],"is_trial":false,"path_per_floor":["M","?","M","?","$","R","E","M","T","M"],"character_chosen":"DEFECT","items_purchased":["Rip and Tear"],"campfire_rested":0,"item_purchase_floors":[5],"current_hp_per_floor":[63,45,43,43,43,43,3,3,3,0],"gold":142,"neow_bonus":"REMOVE_TWO","is_prod":false,"is_daily":false,"chose_seed":false,"campfire_upgraded":1,"win_rate":0,"timestamp":1557975740,"path_taken":["M","?","M","?","$","R","E","M","T","M"],"build_version":"2019-01-23","purchased_purges":0,"victory":false,"max_hp_per_floor":[64,64,64,64,64,64,64,64,64,64],"card_choices":[{"not_picked":["Turbo","Redo"],"picked":"Recycle","floor":1.0},{"not_picked":["Redo","Turbo","Blizzard"],"picked":"SKIP","floor":3.0},{"not_picked":["Go for the Eyes","Turbo"],"picked":"Chill","floor":7.0},{"not_picked":["Reinforced Body","Go for the Eyes"],"picked":"Coolheaded","floor":8.0}],"player_experience":372946,"relics_obtained":[{"floor":7.0,"key":"Bird Faced Urn"},{"floor":9.0,"key":"Juzu Bracelet"}],"event_choices":[{"damage_healed":0.0,"max_hp_gain":0.0,"max_hp_loss":0.0,"gold_gain":0.0,"event_name":"Scrap Ooze","player_choice":"Success","floor":2.0,"gold_loss":0.0,"damage_taken":18.0,"relics_obtained":["Ancient Tea Set"]},{"damage_healed":0.0,"max_hp_gain":0.0,"max_hp_loss":0.0,"gold_gain":0.0,"event_name":"Living Wall","player_choice":"Grow","floor":4.0,"gold_loss":0.0,"damage_taken":0.0,"cards_upgraded":["Recycle"]}],"is_beta":false,"boss_relics":[],"items_purged_floors":[],"is_endless":false,"potions_floor_spawned":[7],"killed_by":"3 Louse","ascension_level":19}