{"gold_per_floor":[112,32,52,52,71,98,98,127,127,127,137,151,76,76,76,153,153,169,30,45,0,0,0,0],"floor_reached":24,"playtime":723,"items_purged":["Strike_B","Strike_B"],"score":388,"play_id":"053c4d96-97de-4e14-b75a-b297e11e7c4d","local_time":"20190506145956","is_ascension_mode":true,"campfire_choices":[{"data":"Defragment","floor":7,"key":"SMITH"},{"data":"Biased Cognition","floor":10,"key":"SMITH"},{"data":"Coolheaded","floor":15,"key":"SMITH"},{"floor":23,"key":"REST"}],"neow_cost":"NONE","seed_source_timestamp":2235884885534533,"circlet_count":0,"master_deck":["AscendersBane","Strike_B","Strike_B","Defend_B","Defend_B","Defend_B","Defend_B","Zap+1","Dualcast","FTL","Defragment+1","Gash","Coolheaded","Coolheaded+1","Biased Cognition+1","Doom and Gloom","Multi-Cast","Coolheaded","Defragment","Darkness","Glacier","Loop","Genetic Algorithm","Capacitor","Glacier"],"relics":["Cracked Core","WingedGreaves","Bird Faced Urn","Turnip","Gremlin Horn","Orrery","Ornamental Fan"],"potions_floor_usage":[6,16,24],"damage_taken":[{"damage":2,"enemies":"2 Louse","floor":1,"turns":2},{"damage":7,"enemies":"Cultist","floor":3,"turns":4},{"damage":2,"enemies":"Jaw Worm","floor":5,"turns":3},{"damage":21,"enemies":"3 Sentries","floor":6,"turns":8},{"damage":14,"enemies":"Lagavulin","floor":8,"turns":7},{"damage":1,"enemies":"Blue Slaver","floor":11,"turns":4},{"damage":0,"enemies":"Large Slime","floor":12,"turns":6},{"damage":5,"enemies":"Hexaghost","floor":16,"turns":9},{"damage":8,"enemies":"Chosen","floor":18,"turns":9},{"damage":52,"enemies":"2 Thieves","floor":20,"turns":5},{"damage":47,"enemies":"Gremlin Leader","floor":24,"turns":8}],"seed_played":"-3819109651197687917","potions_obtained":[{"floor":3,"key":"Regen Potion"},{"floor":6,"key":"LiquidBronze"},{"floor":11,"key":"FearPotion"},{"floor":16,"key":"Dexterity Potion"},{"floor":20,"key":"Swift Potion"}],"is_trial":false,"path_per_floor":["M","$","M","?","M","E","R","E","T","R","M","M","$","T","R","B",null,"M","$","M","?","T","R","E"],"character_chosen":"DEFECT","items_purchased":["Defragment","Capacitor"],"campfire_rested":1,"item_purchase_floors":[2,19],"current_hp_per_floor":[62,62,55,45,43,37,37,23,23,23,26,28,28,28,28,27,60,58,58,12,12,12,33,0],"gold":0,"neow_bonus":"UPGRADE_CARD","is_prod":false,"is_daily":false,"chose_seed":false,"campfire_upgraded":3,"win_rate":0,"timestamp":1557169196,"path_taken":["M","$","M","?","M","E","R","E","T","R","M","M","$","?","R","BOSS","M","$","M","?","?","R","E"],"build_version":"2019-01-23","purchased_purges":2,"victory":false,"max_hp_per_floor":[71,71,71,71,71,71,71,71,71,71,71,71,71,71,71,71,71,71,71,71,71,71,71,71],"card_choices":[{"not_picked":["Conserve Battery","Sweeping Beam"],"picked":"FTL","floor":1},{"not_picked":["Compile Driver","Streamline"],"picked":"Gash","floor":3},{"not_picked":["Capacitor","Chaos"],"picked":"Coolheaded","floor":5},{"not_picked":["Undo","Cold Snap"],"picked":"Coolheaded","floor":6},{"not_picked":["Barrage","Melter"],"picked":"Biased Cognition","floor":8},{"not_picked":["Melter","Hologram"],"picked":"Doom and Gloom","floor":11},{"not_picked":["BootSequence","Double Energy","Go for the Eyes"],"picked":"SKIP","floor":12},{"not_picked":["Core Surge","Fission"],"picked":"Multi-Cast","floor":16},{"not_picked":["Beam Cell","Go for the Eyes"],"picked":"Coolheaded","floor":17},{"not_picked":["Conserve Battery","Recycle"],"picked":"Defragment","floor":17},{"not_picked":["Chaos","Lockon"],"picked":"Darkness","floor":17},{"not_picked":["Beam Cell","Go for the Eyes"],"picked":"Glacier","floor":17},{"not_picked":["Recycle","Conserve Battery"],"picked":"Loop","floor":17},{"not_picked":["Ball Lightning","Lockon"],"picked":"Genetic Algorithm","floor":18},{"not_picked":["Chill","Undo"],"picked":"Glacier","floor":20}],"player_experience":330932,"relics_obtained":[{"floor":6,"key":"WingedGreaves"},{"floor":8,"key":"Bird Faced Urn"},{"floor":9,"key":"Turnip"},{"floor":14,"key":"Gremlin Horn"},{"floor":22,"key":"Ornamental Fan"}],"event_choices":[{"damage_healed":0,"gold_gain":0,"player_choice":"Damaged","damage_taken":10,"max_hp_gain":0,"max_hp_loss":0,"event_name":"Wheel of Change","floor":4,"gold_loss":0},{"damage_healed":0,"gold_gain":0,"player_choice":"Paid Fearfully","damage_taken":0,"max_hp_gain":0,"max_hp_loss":0,"event_name":"Masked Bandits","floor":21,"gold_loss":45}],"is_beta":false,"boss_relics":[{"not_picked":["Tiny House","Philosopher\u0027s Stone"],"picked":"Orrery"}],"items_purged_floors":[13,19],"is_endless":false,"potions_floor_spawned":[3,6,11,16,20],"killed_by":"Gremlin Leader","ascension_level":18}