{"gold_per_floor":[117,117,128,146,23,50,50,107,107,125,156,156,156,167,167,268,268,285,302,313,313,326,326,326,344,344,371,371,371,14,25,25,25],"floor_reached":33,"playtime":1390,"items_purged":["Anger"],"score":416,"play_id":"01d06064-6c31-4c3b-965d-d3f4d06d1ede","local_time":"20190225201345","is_ascension_mode":true,"campfire_choices":[{"data":"Shockwave","floor":7,"key":"SMITH"},{"floor":12,"key":"REST"},{"data":"Combust","floor":15,"key":"SMITH"},{"floor":23,"key":"REST"},{"data":"Barricade","floor":28,"key":"SMITH"},{"floor":32,"key":"REST"}],"neow_cost":"NONE","seed_source_timestamp":575271126334113,"circlet_count":0,"master_deck":["Defend_R","Defend_R","Defend_R","Defend_R","Bash","Shockwave","Intimidate","Shrug It Off","Twin Strike","Shockwave+1","Dropkick","Rage","Combust+1","Impervious","Infernal Blade","Headbutt","Inflame+1","Headbutt","Barricade+1","Feel No Pain","Infernal Blade+1","Impervious","Sentinel","Disarm+1"],"relics":["Black Blood","Blood Vial","Matryoshka","Tiny Chest","The Courier","Ornamental Fan","Regal Pillow","Ancient Tea Set","PreservedInsect","WingedGreaves","Dead Branch"],"potions_floor_usage":[8,11,16,27,27,33,33],"damage_taken":[{"damage":4,"enemies":"2 Louse","floor":1,"turns":3},{"damage":0,"enemies":"Cultist","floor":3,"turns":3},{"damage":1,"enemies":"Small Slimes","floor":4,"turns":4},{"damage":35,"enemies":"3 Sentries","floor":6,"turns":11},{"damage":40,"enemies":"Lagavulin","floor":8,"turns":8},{"damage":6,"enemies":"3 Louse","floor":10,"turns":3},{"damage":20,"enemies":"Gremlin Nob","floor":11,"turns":4},{"damage":14,"enemies":"Gremlin Gang","floor":14,"turns":4},{"damage":32,"enemies":"Slime Boss","floor":16,"turns":10},{"damage":11,"enemies":"Shell Parasite","floor":18,"turns":7},{"damage":7,"enemies":"Chosen","floor":19,"turns":6},{"damage":29,"enemies":"Snake Plant","floor":20,"turns":6},{"damage":37,"enemies":"Cultist and Chosen","floor":22,"turns":8},{"damage":14,"enemies":"Centurion and Healer","floor":25,"turns":5},{"damage":40,"enemies":"Slavers","floor":27,"turns":4},{"damage":15,"enemies":"Snake Plant","floor":31,"turns":6},{"damage":82,"enemies":"Automaton","floor":33,"turns":14}],"seed_played":"-2203531650936171645","potions_obtained":[{"floor":3,"key":"BloodPotion"},{"floor":8,"key":"SteroidPotion"},{"floor":14,"key":"GamblersBrew"},{"floor":20,"key":"Block Potion"},{"floor":22,"key":"Energy Potion"},{"floor":25,"key":"SpeedPotion"},{"floor":27,"key":"Ancient Potion"},{"floor":31,"key":"AttackPotion"}],"is_trial":false,"path_per_floor":["M","?","M","M","$","E","R","E","T","M","E","R","?","M","R","B",null,"M","M","M","?","M","R","?","M","T","E","R","?","$","M","R","B"],"character_chosen":"IRONCLAD","items_purchased":["Twin Strike","Shockwave","Dead Branch","Sentinel"],"campfire_rested":3,"item_purchase_floors":[5,5,30,30],"current_hp_per_floor":[76,76,80,80,80,51,51,27,27,29,17,56,56,50,50,26,67,68,73,56,56,31,70,70,68,68,40,40,40,40,37,76,0],"gold":25,"neow_bonus":"RANDOM_COMMON_RELIC","is_prod":false,"is_daily":false,"chose_seed":false,"campfire_upgraded":3,"win_rate":0,"timestamp":1551143625,"path_taken":["M","?","?","M","$","E","R","E","T","M","E","R","?","M","R","BOSS","M","?","M","?","M","R","?","?","T","E","R","?","$","M","R","BOSS"],"build_version":"2019-01-23","purchased_purges":1,"victory":false,"max_hp_per_floor":[80,80,80,80,80,80,80,80,80,80,80,80,80,80,80,80,80,80,80,80,80,80,80,80,80,80,80,80,80,80,80,80,80],"card_choices":[{"not_picked":["Wild Strike","Clash","Dual Wield"],"picked":"SKIP","floor":1},{"not_picked":["Wild Strike","True Grit"],"picked":"Intimidate","floor":3},{"not_picked":["Armaments","Flex"],"picked":"Shrug It Off","floor":4},{"not_picked":["Dark Embrace","Iron Wave"],"picked":"Dropkick","floor":6},{"not_picked":["Anger","Carnage"],"picked":"Rage","floor":8},{"not_picked":["Armaments","Searing Blow"],"picked":"Combust","floor":10},{"not_picked":["Thunderclap","Searing Blow"],"picked":"Anger","floor":11},{"not_picked":["Brutality","Hemokinesis","Thunderclap"],"picked":"SKIP","floor":14},{"not_picked":["Exhume","Berserk"],"picked":"Impervious","floor":16},{"not_picked":["Clothesline","Searing Blow+1"],"picked":"Infernal Blade","floor":18},{"not_picked":["Warcry","Shrug It Off"],"picked":"Headbutt","floor":19},{"not_picked":["Sever Soul+1","Warcry"],"picked":"Inflame+1","floor":20},{"not_picked":["Headbutt","Power Through","Cleave"],"picked":"SKIP","floor":22},{"not_picked":["Twin Strike","Headbutt+1"],"picked":"Feel No Pain","floor":25},{"not_picked":["Pummel","Bludgeon"],"picked":"Infernal Blade+1","floor":27},{"not_picked":["Twin Strike","Second Wind"],"picked":"Disarm+1","floor":31}],"player_experience":137239,"relics_obtained":[{"floor":6,"key":"Matryoshka"},{"floor":8,"key":"Tiny Chest"},{"floor":9,"key":"The Courier"},{"floor":9,"key":"Ornamental Fan"},{"floor":11,"key":"Regal Pillow"},{"floor":26,"key":"Ancient Tea Set"},{"floor":26,"key":"PreservedInsect"},{"floor":27,"key":"WingedGreaves"}],"event_choices":[{"damage_healed":0,"gold_gain":0,"cards_transformed":["Strike_R"],"player_choice":"Transformed","damage_taken":0,"max_hp_gain":0,"max_hp_loss":0,"event_name":"Transmorgrifier","floor":2,"gold_loss":0,"cards_obtained":["Shockwave"]},{"cards_removed":["Strike_R"],"damage_healed":0,"gold_gain":0,"player_choice":"Purged","damage_taken":0,"max_hp_gain":0,"max_hp_loss":0,"event_name":"Purifier","floor":13,"gold_loss":0},{"damage_healed":0,"gold_gain":0,"cards_transformed":["Strike_R","Strike_R"],"player_choice":"Became Test Subject","damage_taken":0,"max_hp_gain":0,"max_hp_loss":0,"event_name":"Drug Dealer","floor":21,"gold_loss":0,"cards_obtained":["Headbutt","Barricade"]},{"cards_removed":["Strike_R"],"damage_healed":0,"gold_gain":0,"player_choice":"Purged","damage_taken":0,"max_hp_gain":0,"max_hp_loss":0,"event_name":"Purifier","floor":24,"gold_loss":0},{"damage_healed":0,"gold_gain":0,"player_choice":"Copied","damage_taken":0,"max_hp_gain":0,"max_hp_loss":0,"event_name":"Duplicator","floor":29,"gold_loss":0,"cards_obtained":["Impervious"]}],"is_beta":false,"boss_relics":[{"not_picked":["Tiny House","Pandora\u0027s Box"],"picked":"Black Blood"}],"items_purged_floors":[30],"is_endless":false,"potions_floor_spawned":[3,8,14,20,22,25,27,31],"killed_by":"Automaton","ascension_level":9}