{"gold_per_floor":[116,191,16,16,39,39,54,54,54,54,69,69,69,69,69,164,164,188,208,208,224,243,243,266,266,266,266,266,17,56,75,75,75],"floor_reached":33,"playtime":1987,"items_purged":["Normality"],"score":510,"play_id":"c4ac1ea3-11c7-4d7c-bbfe-7ca4883c1228","local_time":"20180917050235","is_ascension_mode":true,"campfire_choices":[{"data":"Beam Cell","floor":6.0,"key":"SMITH"},{"data":"Hyperbeam","floor":8.0,"key":"SMITH"},{"data":"Steam","floor":10.0,"key":"SMITH"},{"floor":15.0,"key":"REST"},{"floor":23.0,"key":"REST"},{"floor":25.0,"key":"REST"},{"floor":27.0,"key":"REST"},{"floor":32,"key":"REST"}],"neow_cost":"NONE","seed_source_timestamp":310680605582553,"circlet_count":0,"master_deck":["Strike_B","Strike_B","Strike_B","Defend_B","Defend_B","Defend_B+1","Defend_B","Zap","Dualcast+1","AscendersBane","Hyperbeam+1","Beam Cell+1","Steam+1","Sweeping Beam","Go for the Eyes","Barrage","All For One","Cold Snap","Gash","Coolheaded","Gash","Chill","Cold Snap","Leap"],"special_seed":0,"relics":["Cracked Core","War Paint","Golden Idol","Orichalcum","Cursed Key","StoneCalendar","PreservedInsect","Vajra"],"potions_floor_usage":[31,33],"damage_taken":[{"damage":2.0,"enemies":"Jaw Worm","floor":1.0,"turns":2.0},{"damage":1.0,"enemies":"2 Louse","floor":5.0,"turns":2.0},{"damage":0.0,"enemies":"Small Slimes","floor":7.0,"turns":2.0},{"damage":0.0,"enemies":"2 Fungi Beasts","floor":11.0,"turns":2.0},{"damage":40.0,"enemies":"Hexaghost","floor":16.0,"turns":10.0},{"damage":19.0,"enemies":"Shell Parasite","floor":18.0,"turns":4.0},{"damage":6.0,"enemies":"Chosen","floor":19.0,"turns":5.0},{"damage":16.0,"enemies":"Snecko","floor":21.0,"turns":5.0},{"damage":0.0,"enemies":"Centurion and Healer","floor":22.0,"turns":5.0},{"damage":28.0,"enemies":"Snake Plant","floor":24.0,"turns":4.0},{"damage":1,"enemies":"Slavers","floor":30,"turns":2},{"damage":4,"enemies":"Snecko","floor":31,"turns":3},{"damage":94,"enemies":"Collector","floor":33,"turns":9}],"seed_played":"-4712393609256270336","potions_obtained":[{"floor":11.0,"key":"Regen Potion"},{"floor":16.0,"key":"GamblersBrew"},{"floor":22.0,"key":"Regen Potion"},{"floor":24.0,"key":"SteroidPotion"}],"is_trial":false,"path_per_floor":["M","?","$","?","M","R","M","R","T","R","M","?","?","?","R","B",null,"M","M","?","M","M","R","M","R","T","R","?","$","E","M","R"],"character_chosen":"DEFECT","items_purchased":["War Paint","PreservedInsect"],"campfire_rested":5,"item_purchase_floors":[3,29],"current_hp_per_floor":[62,51,51,27,26,26,26,26,26,26,26,26,8,8,29,4,54,35,29,29,13,13,34,6,27,27,48,62,62,61,57,71,0],"gold":75,"neow_bonus":"ONE_RANDOM_RARE_CARD","is_prod":false,"is_daily":false,"chose_seed":false,"campfire_upgraded":3,"win_rate":0,"timestamp":1537185755,"path_taken":["M","?","$","?","M","R","?","R","T","R","M","?","?","?","R","BOSS","M","M","?","M","M","R","M","R","T","R","?","$","E","M","R","BOSS"],"build_version":"2018-09-12","purchased_purges":1,"victory":false,"max_hp_per_floor":[71,71,71,71,71,71,71,71,71,71,71,71,71,71,71,71,71,71,71,71,71,71,71,71,71,71,71,71,71,71,71,71,71],"card_choices":[{"not_picked":["Barrage","Loop"],"picked":"Beam Cell","floor":1.0},{"not_picked":["Barrage","Sweeping Beam"],"picked":"Steam","floor":5.0},{"not_picked":["Lockon","Turbo"],"picked":"Sweeping Beam","floor":7.0},{"not_picked":["Beam Cell","Compile Driver"],"picked":"Go for the Eyes","floor":11.0},{"not_picked":["Machine Learning","Fission"],"picked":"All For One","floor":16.0},{"not_picked":["Ball Lightning","Chaos"],"picked":"Cold Snap","floor":18.0},{"not_picked":["Streamline","Glacier"],"picked":"Gash","floor":19.0},{"not_picked":["Aggregate+1","Chaos"],"picked":"Coolheaded","floor":21.0},{"not_picked":["Sweeping Beam","Rebound"],"picked":"Gash","floor":22.0},{"not_picked":["Streamline","Chaos"],"picked":"Chill","floor":24.0},{"not_picked":["Reprogram","Compile Driver"],"picked":"Cold Snap","floor":30},{"not_picked":["Chaos","Lockon"],"picked":"Leap","floor":31}],"player_experience":2351116,"relics_obtained":[{"floor":9.0,"key":"Orichalcum"},{"floor":26.0,"key":"StoneCalendar"},{"floor":30,"key":"Vajra"}],"event_choices":[{"event_name":"World of Goop","player_choice":"Gather Gold","floor":2.0,"damage_taken":0.0},{"event_name":"Golden Idol","player_choice":"Take Damage","floor":4.0,"damage_taken":0.0},{"event_name":"Living Wall","player_choice":"Change","floor":12.0,"damage_taken":0.0},{"event_name":"Scrap Ooze","player_choice":"unsuccessful","floor":13.0,"damage_taken":18.0},{"event_name":"Liars Game","player_choice":"disagreed","floor":14.0,"damage_taken":0.0},{"event_name":"The Mausoleum","player_choice":"No","floor":20.0,"damage_taken":0.0},{"event_name":"The Library","player_choice":"Heal","floor":28.0,"damage_taken":0.0}],"is_beta":true,"boss_relics":[{"not_picked":["Velvet Choker","Tiny House"],"picked":"Cursed Key"}],"items_purged_floors":[29],"is_endless":false,"potions_floor_spawned":[11,16,22,24],"killed_by":"Collector","ascension_level":20}