{"gold_per_floor":[109,32,9,23,198,198,217,217,217,248,128,128,144,144],"floor_reached":14,"playtime":362,"items_purged":["Strike_B"],"score":101,"play_id":"5e1ff3e4-babb-45f0-a550-a11398c2642f","local_time":"20190818211949","is_ascension_mode":true,"campfire_choices":[{"data":"Doubt","floor":6,"key":"PURGE"},{"data":"Hologram","floor":12,"key":"SMITH"}],"neow_cost":"NONE","seed_source_timestamp":39613216012982,"circlet_count":0,"master_deck":["Strike_B","Strike_B","Strike_B","Defend_B","Defend_B","Defend_B","Defend_B","Zap","Dualcast","Hologram+1","Gash","Conserve Battery","Blizzard","Self Repair","Cold Snap","Leap","Coolheaded"],"relics":["Cracked Core","NeowsBlessing","Peace Pipe","Gremlin Horn","Prayer Wheel","Juzu Bracelet"],"potions_floor_usage":[13],"damage_taken":[{"damage":0,"enemies":"Jaw Worm","floor":1,"turns":1},{"damage":0,"enemies":"Cultist","floor":4,"turns":1},{"damage":0,"enemies":"Small Slimes","floor":7,"turns":1},{"damage":35,"enemies":"3 Sentries","floor":10,"turns":10},{"damage":0,"enemies":"Gremlin Gang","floor":13,"turns":2},{"damage":48,"enemies":"Gremlin Nob","floor":14,"turns":4}],"seed_played":"4464449155159669335","potions_obtained":[{"floor":7,"key":"Explosive Potion"}],"is_trial":false,"path_per_floor":["M","?","$","M","?","R","M","?","T","E","$","R","M","E"],"character_chosen":"DEFECT","items_purchased":["Gash","Cold Snap"],"campfire_rested":0,"item_purchase_floors":[3,11],"current_hp_per_floor":[75,75,75,75,75,75,75,63,63,28,28,28,28,0],"gold":144,"neow_bonus":"THREE_ENEMY_KILL","is_prod":false,"is_daily":false,"chose_seed":false,"campfire_upgraded":1,"win_rate":0,"timestamp":1566130789,"path_taken":["M","?","?","M","?","R","?","?","T","E","$","R","M","E"],"build_version":"2019-07-17","purchased_purges":1,"victory":false,"max_hp_per_floor":[75,75,75,75,75,75,75,75,75,75,75,75,75,75],"card_choices":[{"not_picked":["Barrage","Redo"],"picked":"Hologram","floor":1},{"not_picked":["Fusion","Stack"],"picked":"Conserve Battery","floor":4},{"not_picked":["Steam","Turbo"],"picked":"Blizzard","floor":7},{"not_picked":["Ball Lightning","BootSequence"],"picked":"Self Repair","floor":10},{"not_picked":["Gash","Blizzard"],"picked":"Leap","floor":13},{"not_picked":["Gash","Ball Lightning"],"picked":"Coolheaded","floor":13}],"player_experience":184889,"relics_obtained":[{"floor":9,"key":"Prayer Wheel"},{"floor":10,"key":"Juzu Bracelet"}],"event_choices":[{"damage_healed":0,"gold_gain":0,"player_choice":"Paid Gold","damage_taken":0,"relics_obtained":["Peace Pipe"],"max_hp_gain":0,"max_hp_loss":0,"event_name":"WeMeetAgain","floor":2,"gold_loss":77},{"damage_healed":0,"gold_gain":175,"player_choice":"AGREE","damage_taken":0,"max_hp_gain":0,"max_hp_loss":0,"event_name":"Liars Game","floor":5,"gold_loss":0,"cards_obtained":["Doubt"]},{"damage_healed":0,"gold_gain":0,"player_choice":"Success","damage_taken":12,"relics_obtained":["Gremlin Horn"],"max_hp_gain":0,"max_hp_loss":0,"event_name":"Scrap Ooze","floor":8,"gold_loss":0}],"is_beta":false,"boss_relics":[],"items_purged_floors":[11],"is_endless":false,"potions_floor_spawned":[7],"killed_by":"Gremlin Nob","ascension_level":3}