{"gold_per_floor":[119,17,17,32,32,60,60,10,58,58,88,106,132,211,211,309,309,322,322,322,135,149,183,183,214,263,273,293,293],"floor_reached":29,"playtime":1714,"items_purged":[],"score":318,"play_id":"fb682f67-ceea-45b3-ab6e-e39b151aa992","local_time":"20190827033833","is_ascension_mode":true,"campfire_choices":[{"data":"Rage","floor":7,"key":"SMITH"},{"data":"Perfected Strike","floor":10,"key":"SMITH"},{"floor":15,"key":"REST"}],"neow_cost":"NONE","seed_source_timestamp":283328396725809,"circlet_count":0,"master_deck":["Strike_R+1","Strike_R+1","Strike_R+1","Strike_R+1","Strike_R+1","Defend_R+1","Defend_R+1","Defend_R+1","Defend_R+1","Bash","Perfected Strike+1","Armaments+1","Flex","Wild Strike","Rage+1","Armaments","Dual Wield","Wild Strike","Berserk","True Grit","Headbutt","Clothesline","Deep Breath","Twin Strike","Flex","Sever Soul","Clothesline+1","Feel No Pain+1","Armaments"],"relics":["Burning Blood","Kunai","Unceasing Top","Orichalcum","Lantern","Letter Opener","White Beast Statue","Torii","Shuriken","Strawberry"],"potions_floor_usage":[13,13,23,23,27,27,27,28,29],"damage_taken":[{"damage":2,"enemies":"Small Slimes","floor":1,"turns":4},{"damage":6,"enemies":"2 Louse","floor":4,"turns":2},{"damage":48,"enemies":"Lagavulin","floor":6,"turns":7},{"damage":18,"enemies":"3 Sentries","floor":11,"turns":8},{"damage":5,"enemies":"Jaw Worm","floor":12,"turns":2},{"damage":15,"enemies":"Lagavulin","floor":13,"turns":7},{"damage":32,"enemies":"Slime Boss","floor":16,"turns":12},{"damage":0,"enemies":"Chosen","floor":18,"turns":4},{"damage":3,"enemies":"Shell Parasite","floor":22,"turns":3},{"damage":40,"enemies":"Book of Stabbing","floor":23,"turns":5},{"damage":23,"enemies":"Gremlin Leader","floor":25,"turns":7},{"damage":50,"enemies":"Sentry and Sphere","floor":27,"turns":6},{"damage":1,"enemies":"Cultist and Chosen","floor":28,"turns":4},{"damage":16,"enemies":"Snake Plant","floor":29,"turns":3}],"seed_played":"-3385941270199691198","potions_obtained":[{"floor":11,"key":"SkillPotion"},{"floor":12,"key":"Block Potion"},{"floor":16,"key":"Regen Potion"},{"floor":18,"key":"Swift Potion"},{"floor":22,"key":"Poison Potion"},{"floor":23,"key":"Dexterity Potion"},{"floor":25,"key":"FearPotion"},{"floor":27,"key":"FearPotion"},{"floor":28,"key":"Strength Potion"}],"is_trial":false,"path_per_floor":["M","$","?","M","?","E","R","?","T","R","E","M","E","?","R","B",null,"M","?","?","$","M","E","T","E","T","M","M","M"],"character_chosen":"IRONCLAD","items_purchased":["Armaments","Flex","Clothesline","Deep Breath","Twin Strike"],"campfire_rested":1,"item_purchase_floors":[2,2,21,21,21],"current_hp_per_floor":[88,88,88,88,88,46,46,46,46,46,34,35,26,26,52,26,88,88,88,88,88,88,63,63,53,53,9,14,0],"gold":293,"neow_bonus":"TEN_PERCENT_HP_BONUS","is_prod":false,"is_daily":false,"chose_seed":false,"campfire_upgraded":2,"win_rate":0,"timestamp":1566869913,"path_taken":["M","$","?","M","?","E","R","?","T","R","E","M","E","?","R","BOSS","M","?","?","$","M","E","?","E","T","M","M","M"],"build_version":"2019-06-28","purchased_purges":0,"victory":false,"max_hp_per_floor":[88,88,88,88,88,88,88,88,88,88,88,88,88,88,88,88,88,88,88,88,88,88,88,88,95,95,95,95,95],"card_choices":[{"not_picked":["Spot Weakness","Feel No Pain"],"picked":"Perfected Strike","floor":1},{"not_picked":["Anger","Infernal Blade"],"picked":"Wild Strike","floor":4},{"not_picked":["Fire Breathing","Thunderclap"],"picked":"Rage","floor":6},{"not_picked":["True Grit","Flame Barrier"],"picked":"Armaments","floor":11},{"not_picked":["Double Tap","True Grit"],"picked":"Dual Wield","floor":12},{"not_picked":["Clash","Flame Barrier"],"picked":"Wild Strike","floor":13},{"not_picked":["Offering","Limit Break"],"picked":"Berserk","floor":16},{"not_picked":["Power Through","Warcry"],"picked":"True Grit","floor":18},{"not_picked":["Iron Wave","Cleave"],"picked":"Flex","floor":22},{"not_picked":["Heavy Blade","Combust+1"],"picked":"Sever Soul","floor":23},{"not_picked":["Combust","Power Through+1"],"picked":"Clothesline+1","floor":25},{"not_picked":["Flame Barrier+1","Spot Weakness+1"],"picked":"Feel No Pain+1","floor":27},{"not_picked":["Rupture+1","Blood for Blood"],"picked":"Armaments","floor":28}],"player_experience":87002,"relics_obtained":[{"floor":6,"key":"Unceasing Top"},{"floor":9,"key":"Orichalcum"},{"floor":11,"key":"Lantern"},{"floor":13,"key":"Letter Opener"},{"floor":23,"key":"Torii"},{"floor":24,"key":"Shuriken"},{"floor":25,"key":"Strawberry"}],"event_choices":[{"damage_healed":0,"gold_gain":0,"player_choice":"Grow","damage_taken":0,"max_hp_gain":0,"max_hp_loss":0,"event_name":"Living Wall","floor":3,"gold_loss":0,"cards_upgraded":["Armaments"]},{"damage_healed":0,"gold_gain":0,"player_choice":"Box","damage_taken":0,"relics_obtained":["Kunai"],"max_hp_gain":0,"max_hp_loss":0,"event_name":"Big Fish","floor":5,"gold_loss":0,"cards_obtained":["Regret"]},{"cards_removed":["Regret"],"damage_healed":0,"gold_gain":0,"player_choice":"Card Removal","damage_taken":0,"max_hp_gain":0,"max_hp_loss":0,"event_name":"The Cleric","floor":8,"gold_loss":50},{"damage_healed":0,"gold_gain":79,"player_choice":"Gained Gold","damage_taken":0,"max_hp_gain":0,"max_hp_loss":0,"event_name":"Golden Wing","floor":14,"gold_loss":0},{"damage_healed":0,"gold_gain":0,"player_choice":"Simplicity","damage_taken":0,"max_hp_gain":0,"max_hp_loss":0,"event_name":"Back to Basics","floor":19,"gold_loss":0,"cards_upgraded":["Strike_R","Strike_R","Strike_R","Strike_R","Strike_R","Defend_R","Defend_R","Defend_R","Defend_R"]},{"damage_healed":0,"gold_gain":0,"player_choice":"Read","damage_taken":0,"max_hp_gain":0,"max_hp_loss":0,"event_name":"The Library","floor":20,"gold_loss":0,"cards_obtained":["Headbutt"]}],"is_beta":true,"boss_relics":[{"not_picked":["Runic Dome","Snecko Eye"],"picked":"White Beast Statue"}],"items_purged_floors":[],"is_endless":false,"potions_floor_spawned":[11,12,16,18,22,23,25,27,28],"killed_by":"Snake Plant","ascension_level":1}