{"gold_per_floor":[110,385,365,365,99,99,10,25,25,25,46,46,69,82,82,177,177,195,195,219,240,263,263,287,310,310,334,334,334,334,354,354,354],"floor_reached":33,"playtime":1494,"items_purged":[],"score":578,"play_id":"e6da59b0-0a2f-456b-ac32-a4af06fc9df8","local_time":"20180912212009","is_ascension_mode":true,"campfire_choices":[{"data":"Loop","floor":6.0,"key":"SMITH"},{"floor":10.0,"key":"REST"},{"data":"Defragment","floor":12.0,"key":"SMITH"},{"floor":15.0,"key":"REST"},{"floor":23,"key":"REST"},{"floor":28,"key":"REST"},{"floor":30,"key":"REST"},{"floor":32,"key":"REST"}],"neow_cost":"NONE","seed_source_timestamp":882459462488319,"circlet_count":0,"master_deck":["Strike_B","Strike_B","Strike_B","Strike_B","Defend_B","Defend_B","Defend_B","Defend_B","Zap","Dualcast","AscendersBane","Amplify","Steam","Regret","Loop+1","Defragment+1","Capacitor","Cold Snap","Glacier","Hologram","Electrodynamics","Redo+1","Conserve Battery","Hologram+1","Hologram","Cold Snap"],"special_seed":0,"relics":["Cracked Core","Golden Idol","Chemical X","Question Card","Busted Crown","Matryoshka","PreservedInsect","Oddly Smooth Stone","MutagenicStrength"],"potions_floor_usage":[21,25],"damage_taken":[{"damage":10.0,"enemies":"2 Louse","floor":1.0,"turns":2.0},{"damage":2.0,"enemies":"Cultist","floor":8.0,"turns":3.0},{"damage":18.0,"enemies":"Jaw Worm","floor":11.0,"turns":5.0},{"damage":19.0,"enemies":"Large Slime","floor":13.0,"turns":10.0},{"damage":3.0,"enemies":"Gremlin Gang","floor":14.0,"turns":7.0},{"damage":4.0,"enemies":"The Guardian","floor":16.0,"turns":8.0},{"damage":2.0,"enemies":"Spheric Guardian","floor":18.0,"turns":3.0},{"damage":11,"enemies":"Colosseum Slavers","floor":19,"turns":2},{"damage":0,"enemies":"Chosen","floor":20,"turns":5},{"damage":5,"enemies":"Centurion and Healer","floor":21,"turns":6},{"damage":15,"enemies":"Sentry and Sphere","floor":22,"turns":6},{"damage":26,"enemies":"Snake Plant","floor":24,"turns":5},{"damage":1,"enemies":"3 Cultists","floor":25,"turns":5},{"damage":12,"enemies":"Sentry and Sphere","floor":31,"turns":8},{"damage":75,"enemies":"Automaton","floor":33,"turns":16}],"seed_played":"-5602020204007818248","potions_obtained":[{"floor":1.0,"key":"PowerPotion"},{"floor":3.0,"key":"Dexterity Potion"},{"floor":16.0,"key":"LiquidBronze"},{"floor":18.0,"key":"SpeedPotion"},{"floor":24,"key":"Swift Potion"}],"is_trial":false,"path_per_floor":["M","?","?","?","$","R","$","M","T","R","M","R","M","M","R","B",null,"M","?","M","M","M","R","M","M","T","T","R","?","R","M","R"],"character_chosen":"DEFECT","items_purchased":["Chemical X","Loop","Defragment"],"campfire_rested":6,"item_purchase_floors":[5,5,7],"current_hp_per_floor":[54,54,54,30,30,30,30,28,28,49,31,31,12,9,30,26,60,58,47,47,42,27,48,22,21,21,21,42,42,63,51,71,0],"gold":354,"neow_bonus":"ONE_RANDOM_RARE_CARD","is_prod":false,"is_daily":false,"chose_seed":false,"campfire_upgraded":2,"win_rate":0,"timestamp":1536812409,"path_taken":["M","?","?","?","$","R","$","M","T","R","M","R","?","M","R","BOSS","M","?","M","?","M","R","?","M","T","?","R","?","R","M","R","BOSS"],"build_version":"2018-09-10","purchased_purges":0,"victory":false,"max_hp_per_floor":[71,71,71,71,71,71,71,71,71,71,71,71,71,71,71,71,71,71,71,71,71,71,71,71,71,71,71,71,71,71,71,71,71],"card_choices":[{"not_picked":["Double Energy","Turbo"],"picked":"Steam","floor":1.0},{"not_picked":["Redo","Streamline"],"picked":"Capacitor","floor":8.0},{"not_picked":["Self Repair","Melter","Gash"],"picked":"Cold Snap","floor":11.0},{"not_picked":["Cold Snap","Rebound","Heatsinks"],"picked":"Glacier","floor":13.0},{"not_picked":["Rebound","Melter","Self Repair"],"picked":"Hologram","floor":14.0},{"not_picked":["Seek","Hyperbeam","Meteor Strike"],"picked":"Electrodynamics","floor":16.0},{"not_picked":["Sweeping Beam","Darkness"],"picked":"SKIP","floor":18.0},{"not_picked":["Coolheaded"],"picked":"Redo+1","floor":20},{"not_picked":["BootSequence"],"picked":"Conserve Battery","floor":21},{"not_picked":["Barrage"],"picked":"Hologram+1","floor":22},{"not_picked":["Steam Power","Gash"],"picked":"SKIP","floor":24},{"not_picked":["Compile Driver"],"picked":"Hologram","floor":25},{"not_picked":["Gash"],"picked":"Cold Snap","floor":31}],"player_experience":2326873,"relics_obtained":[{"floor":9.0,"key":"Question Card"},{"floor":26,"key":"Matryoshka"},{"floor":27,"key":"PreservedInsect"},{"floor":27,"key":"Oddly Smooth Stone"}],"event_choices":[{"event_name":"Golden Shrine","player_choice":"Desecrate","floor":2.0,"damage_taken":0.0},{"event_name":"The Woman in Blue","player_choice":"Bought 1 Potion","floor":3.0,"damage_taken":0.0},{"event_name":"Golden Idol","player_choice":"Take Damage","floor":4.0,"damage_taken":0.0},{"event_name":"Colosseum","player_choice":"Fight","floor":19,"damage_taken":0},{"event_name":"Colosseum","player_choice":"Fled From Nobs","floor":19,"damage_taken":0},{"event_name":"Drug Dealer","player_choice":"Inject Mutagens","floor":29,"damage_taken":0}],"is_beta":true,"boss_relics":[{"not_picked":["Lizard Tail","Runic Dome"],"picked":"Busted Crown"}],"items_purged_floors":[],"is_endless":false,"potions_floor_spawned":[1,11,16,18,20,24],"killed_by":"Automaton","ascension_level":20}