{"gold_per_floor":[19,19,43,43,64,64,95,20,71,27,27],"floor_reached":11,"playtime":231,"items_purged":["Strike_G"],"score":142,"play_id":"ec626b7f-0b57-4543-a1ba-d9b62ead5178","local_time":"20190803115700","is_ascension_mode":true,"campfire_choices":[{"data":"Glass Knife","floor":6,"key":"SMITH"}],"neow_cost":"NO_GOLD","seed_source_timestamp":67662939756287,"circlet_count":0,"master_deck":["AscendersBane","Strike_G","Strike_G","Strike_G","Strike_G","Defend_G","Defend_G","Defend_G","Defend_G","Defend_G","Survivor","Neutralize","Glass Knife+1","Dagger Spray","Dodge and Roll","Adrenaline","Footwork"],"relics":["Ring of the Snake","Golden Idol","Question Card","Shuriken","Anchor"],"potions_floor_usage":[3],"damage_taken":[{"damage":0,"enemies":"2 Louse","floor":1,"turns":2},{"damage":0,"enemies":"Jaw Worm","floor":3,"turns":3},{"damage":0,"enemies":"Cultist","floor":5,"turns":3},{"damage":16,"enemies":"3 Sentries","floor":7,"turns":7},{"damage":29,"enemies":"Gremlin Nob","floor":11,"turns":3}],"seed_played":"5335070801639500643","potions_obtained":[{"floor":1,"key":"FearPotion"}],"is_trial":false,"path_per_floor":["M","?","M","T","M","R","E","$","T","$","E"],"character_chosen":"THE_SILENT","items_purchased":["Footwork"],"campfire_rested":0,"item_purchase_floors":[10],"current_hp_per_floor":[59,36,36,36,36,36,20,20,20,20,0],"gold":27,"neow_bonus":"THREE_RARE_CARDS","is_prod":false,"is_daily":false,"chose_seed":false,"campfire_upgraded":1,"win_rate":0,"timestamp":1564847820,"path_taken":["M","?","M","?","?","R","E","$","T","$","E"],"build_version":"2019-07-17","purchased_purges":1,"victory":false,"max_hp_per_floor":[66,66,66,66,66,66,66,66,66,66,66],"card_choices":[{"not_picked":["Die Die Die","Wraith Form v2"],"picked":"Glass Knife","floor":0},{"not_picked":["All Out Attack","Bane"],"picked":"Dagger Spray","floor":1},{"not_picked":["Reflex","Choke","Finisher"],"picked":"SKIP","floor":3},{"not_picked":["Poisoned Stab","Quick Slash","Expertise"],"picked":"Dodge and Roll","floor":5},{"not_picked":["Venomology","Flying Knee","Cloak And Dagger"],"picked":"Adrenaline","floor":7}],"player_experience":550743,"relics_obtained":[{"floor":4,"key":"Question Card"},{"floor":7,"key":"Shuriken"},{"floor":9,"key":"Anchor"}],"event_choices":[{"damage_healed":0,"gold_gain":0,"player_choice":"Take Damage","damage_taken":23,"relics_obtained":["Golden Idol"],"max_hp_gain":0,"max_hp_loss":0,"event_name":"Golden Idol","floor":2,"gold_loss":0}],"is_beta":false,"boss_relics":[],"items_purged_floors":[8],"is_endless":false,"potions_floor_spawned":[1],"killed_by":"Gremlin Nob","ascension_level":20}