{"gold_per_floor":[111,121,137,62,62,62,87,87,139,165,165,193,211,221,221,319,319,331,316,316,332,347,347,347,376,425,436,351,351,380,37,37,132,132,151,151,166,185,205,205,205],"floor_reached":41,"playtime":1978,"items_purged":["Strike_R","Strike_R"],"score":722,"play_id":"b6ebf290-d94c-4bd1-af9a-a37d38f47430","local_time":"20190902024121","is_ascension_mode":true,"campfire_choices":[{"data":"Double Tap","floor":6.0,"key":"SMITH"},{"data":"Entrench","floor":8.0,"key":"SMITH"},{"data":"Bash","floor":11.0,"key":"SMITH"},{"data":"Limit Break","floor":15.0,"key":"SMITH"},{"floor":24.0,"key":"REST"},{"data":"Shrug It Off","floor":29.0,"key":"SMITH"},{"floor":32,"key":"REST"},{"floor":40,"key":"REST"}],"neow_cost":"NONE","seed_source_timestamp":529479398652376,"circlet_count":0,"master_deck":["Strike_R","Defend_R","Defend_R","Defend_R","Bash+1","Double Tap+1","Entrench+1","Battle Trance","Limit Break+1","Cleave","Shrug It Off+1","Metallicize+1","Barricade+1","Spot Weakness+1","Demon Form+1","Finesse","Anger"],"special_seed":0,"relics":["Burning Blood","Red Skull","Dream Catcher","Orichalcum","Frozen Egg 2","Philosopher\u0027s Stone","Smiling Mask","Lantern","Letter Opener","Boot","Eternal Feather"],"potions_floor_usage":[33,33,38,41],"damage_taken":[{"damage":0.0,"enemies":"2 Louse","floor":1.0,"turns":5.0},{"damage":8.0,"enemies":"Jaw Worm","floor":2.0,"turns":6.0},{"damage":6.0,"enemies":"Cultist","floor":3.0,"turns":4.0},{"damage":16.0,"enemies":"Gremlin Nob","floor":7.0,"turns":3.0},{"damage":35.0,"enemies":"Lagavulin","floor":10.0,"turns":6.0},{"damage":12.0,"enemies":"Gremlin Nob","floor":12.0,"turns":3.0},{"damage":0.0,"enemies":"Large Slime","floor":13.0,"turns":3.0},{"damage":6.0,"enemies":"Blue Slaver","floor":14.0,"turns":3.0},{"damage":2.0,"enemies":"Slime Boss","floor":16.0,"turns":7.0},{"damage":8.0,"enemies":"Chosen","floor":18.0,"turns":3.0},{"damage":8.0,"enemies":"2 Thieves","floor":19.0,"turns":4.0},{"damage":53.0,"enemies":"Sentry and Sphere","floor":21.0,"turns":9.0},{"damage":39.0,"enemies":"Centurion and Healer","floor":22.0,"turns":7.0},{"damage":0.0,"enemies":"Slavers","floor":23.0,"turns":1.0},{"damage":10.0,"enemies":"Gremlin Leader","floor":25.0,"turns":7.0},{"damage":4.0,"enemies":"Cultist and Chosen","floor":27.0,"turns":7.0},{"damage":24,"enemies":"Book of Stabbing","floor":30,"turns":4},{"damage":13,"enemies":"Champ","floor":33,"turns":8},{"damage":47,"enemies":"3 Darklings","floor":35,"turns":5},{"damage":30,"enemies":"3 Shapes","floor":37,"turns":8},{"damage":8,"enemies":"Sphere and 2 Shapes","floor":38,"turns":4},{"damage":11,"enemies":"Jaw Worm Horde","floor":39,"turns":3},{"damage":55,"enemies":"Nemesis","floor":41,"turns":8}],"seed_played":"-6034788111253132295","potions_obtained":[{"floor":1.0,"key":"Fruit Juice"},{"floor":3.0,"key":"AttackPotion"},{"floor":7.0,"key":"Explosive Potion"},{"floor":14.0,"key":"AttackPotion"},{"floor":16.0,"key":"LiquidBronze"},{"floor":18.0,"key":"SkillPotion"},{"floor":21.0,"key":"SmokeBomb"},{"floor":30,"key":"BloodPotion"},{"floor":37,"key":"SpeedPotion"},{"floor":38,"key":"Poison Potion"}],"is_trial":false,"path_per_floor":["M","M","M","$","?","R","E","R","T","E","R","E","M","M","R","B",null,"M","M","?","M","M","E","R","E","T","M","?","R","E","$","R","B",null,"M","?","M","M","M","R","E"],"character_chosen":"IRONCLAD","items_purchased":["Demon Form+1","Finesse","Strength Potion"],"campfire_rested":3,"item_purchase_floors":[31,31,31],"current_hp_per_floor":[83,81,81,81,81,81,71,71,71,42,42,36,42,42,42,46,75,73,71,95,48,15,21,49,45,45,47,47,47,29,29,57,73,90,49,49,25,23,18,55,0],"gold":205,"neow_bonus":"TRANSFORM_CARD","is_prod":false,"is_daily":false,"chose_seed":false,"campfire_upgraded":5,"win_rate":0,"timestamp":1567384881,"path_taken":["M","M","M","$","?","R","E","R","T","E","R","E","M","M","R","BOSS","M","M","?","?","M","E","R","E","T","M","?","R","E","$","R","BOSS","M","?","M","M","M","R","E"],"build_version":"2019-07-17","purchased_purges":2,"victory":false,"max_hp_per_floor":[85,85,85,85,85,85,85,85,85,85,85,85,85,85,85,85,85,85,85,95,95,95,95,95,95,95,95,95,95,95,95,95,95,95,95,95,95,95,95,95,95],"card_choices":[{"not_picked":["Dropkick","Burning Pact","Anger"],"picked":"SKIP","floor":1.0},{"not_picked":["Havoc","Evolve","Searing Blow"],"picked":"SKIP","floor":2.0},{"not_picked":["Second Wind","Perfected Strike","Burning Pact"],"picked":"SKIP","floor":3.0},{"not_picked":["Clash","Body Slam"],"picked":"Entrench","floor":7.0},{"not_picked":["Perfected Strike","Flex"],"picked":"Battle Trance","floor":10.0},{"not_picked":["Searing Blow","Armaments"],"picked":"Limit Break","floor":12.0},{"not_picked":["Clash","Ghostly Armor"],"picked":"Cleave","floor":13.0},{"not_picked":["True Grit","Cleave","Dual Wield"],"picked":"SKIP","floor":14.0},{"not_picked":["Uppercut+1","Body Slam"],"picked":"Shrug It Off","floor":18.0},{"not_picked":["Headbutt","Anger"],"picked":"Metallicize+1","floor":19.0},{"not_picked":["Anger+1","Rupture+1","Feel No Pain+1"],"picked":"SKIP","floor":21.0},{"not_picked":["Warcry","Clothesline","Flex"],"picked":"SKIP","floor":22.0},{"not_picked":["Perfected Strike","Power Through"],"picked":"Barricade+1","floor":24.0},{"not_picked":["Rage","Blood for Blood","Heavy Blade"],"picked":"SKIP","floor":25.0},{"not_picked":["Blood for Blood","Heavy Blade","Flame Barrier"],"picked":"SKIP","floor":27.0},{"not_picked":["Flex","Cleave+1"],"picked":"Spot Weakness+1","floor":30},{"not_picked":["Clothesline","Armaments","Iron Wave+1"],"picked":"SKIP","floor":35},{"not_picked":["Dual Wield","Iron Wave+1","Sentinel+1"],"picked":"SKIP","floor":37},{"not_picked":["Sword Boomerang","Clash","True Grit+1"],"picked":"SKIP","floor":38},{"not_picked":["Sentinel+1","Inflame+1","Sword Boomerang"],"picked":"SKIP","floor":39}],"player_experience":162190,"relics_obtained":[{"floor":7.0,"key":"Red Skull"},{"floor":9.0,"key":"Dream Catcher"},{"floor":10.0,"key":"Orichalcum"},{"floor":12.0,"key":"Frozen Egg 2"},{"floor":25.0,"key":"Smiling Mask"},{"floor":26.0,"key":"Lantern"},{"floor":30,"key":"Boot"}],"event_choices":[{"damage_healed":0.0,"max_hp_gain":0.0,"max_hp_loss":0.0,"gold_gain":0.0,"cards_transformed":["Defend_R"],"event_name":"Living Wall","player_choice":"Change","floor":5.0,"gold_loss":0.0,"damage_taken":0.0,"cards_obtained":["Exhume"]},{"cards_removed":["Exhume"],"damage_healed":14.0,"max_hp_gain":10.0,"max_hp_loss":0.0,"gold_gain":0.0,"event_name":"Bonfire Elementals","player_choice":"Offered Rare","floor":20.0,"gold_loss":0.0,"damage_taken":0.0},{"damage_healed":0.0,"max_hp_gain":0.0,"max_hp_loss":0.0,"gold_gain":0.0,"event_name":"Addict","player_choice":"Obtained Relic","floor":28.0,"gold_loss":85.0,"damage_taken":0.0,"relics_obtained":["Letter Opener"]},{"damage_healed":0,"gold_gain":0,"cards_transformed":["Strike_R"],"player_choice":"Transformed","damage_taken":0,"max_hp_gain":0,"max_hp_loss":0,"event_name":"Transmorgrifier","floor":36,"gold_loss":0,"cards_obtained":["Anger"]}],"is_beta":false,"boss_relics":[{"not_picked":["Orrery","Cursed Key"],"picked":"Philosopher\u0027s Stone"},{"not_picked":["White Beast Statue","Runic Pyramid"],"picked":"Eternal Feather"}],"items_purged_floors":[4,31],"is_endless":false,"potions_floor_spawned":[1,3,7,14,16,18,21,30,37,38],"killed_by":"Nemesis","ascension_level":8}