{"gold_per_floor":[114,129,129,129,129,163,163,189,214,214,45,65,215,27,27,27],"floor_reached":16,"playtime":407,"items_purged":["Doubt"],"score":262,"play_id":"8efa5710-7887-4984-a220-ee0065412a8c","local_time":"20190704162656","is_ascension_mode":true,"campfire_choices":[{"data":"Zap","floor":7,"key":"SMITH"},{"data":"Coolheaded","floor":15,"key":"SMITH"}],"neow_cost":"NONE","seed_source_timestamp":1100731521620603,"circlet_count":0,"master_deck":["AscendersBane","Strike_B+1","Strike_B","Strike_B","Defend_B","Defend_B","Defend_B","Defend_B","Zap+1","Dualcast","Leap+1","Sweeping Beam+1","Conserve Battery","Compile Driver","Coolheaded+1"],"relics":["Cracked Core","NeowsBlessing","Regal Pillow","Lantern","Dodecahedron","Bag of Preparation","Oddly Smooth Stone"],"potions_floor_usage":[16,16],"damage_taken":[{"damage":0,"enemies":"Jaw Worm","floor":1,"turns":1},{"damage":0,"enemies":"2 Louse","floor":2,"turns":1},{"damage":0,"enemies":"Lagavulin","floor":6,"turns":1},{"damage":25,"enemies":"3 Sentries","floor":8,"turns":8},{"damage":0,"enemies":"Small Slimes","floor":12,"turns":1},{"damage":16,"enemies":"Hexaghost","floor":16,"turns":11}],"seed_played":"4927553564604391963","potions_obtained":[{"floor":1,"key":"Ancient Potion"},{"floor":6,"key":"GamblersBrew"}],"is_trial":false,"path_per_floor":["M","M","?","?","?","E","R","E","T","?","$","M","?","$","R","B"],"character_chosen":"DEFECT","items_purchased":["Oddly Smooth Stone","Coolheaded","PowerPotion"],"campfire_rested":0,"item_purchase_floors":[11,14,14],"current_hp_per_floor":[64,64,64,43,38,38,38,13,13,13,13,13,13,13,13,0],"gold":27,"neow_bonus":"THREE_ENEMY_KILL","is_prod":false,"is_daily":false,"chose_seed":false,"campfire_upgraded":2,"win_rate":0,"timestamp":1562272016,"path_taken":["M","M","?","?","?","E","R","E","T","?","$","?","?","$","R","BOSS"],"build_version":"2019-07-01","purchased_purges":1,"victory":false,"max_hp_per_floor":[71,71,71,71,71,71,71,71,71,71,71,71,71,71,71,71],"card_choices":[{"not_picked":["Skim","Reprogram"],"picked":"Leap","floor":1},{"not_picked":["Go for the Eyes","Compile Driver"],"picked":"Sweeping Beam","floor":2},{"not_picked":["Scrape","Hologram"],"picked":"Conserve Battery","floor":6},{"not_picked":["Fusion","Sweeping Beam","Turbo"],"picked":"SKIP","floor":8},{"not_picked":["Hologram","Go for the Eyes"],"picked":"Compile Driver","floor":12}],"player_experience":494992,"relics_obtained":[{"floor":6,"key":"Lantern"},{"floor":8,"key":"Dodecahedron"},{"floor":9,"key":"Bag of Preparation"}],"event_choices":[{"damage_healed":0,"gold_gain":0,"player_choice":"Grow","damage_taken":0,"max_hp_gain":0,"max_hp_loss":0,"event_name":"Living Wall","floor":3,"gold_loss":0,"cards_upgraded":["Sweeping Beam"]},{"damage_healed":0,"gold_gain":0,"player_choice":"Entered Light","damage_taken":21,"max_hp_gain":0,"max_hp_loss":0,"event_name":"Shining Light","floor":4,"gold_loss":0,"cards_upgraded":["Leap","Strike_B"]},{"damage_healed":0,"gold_gain":0,"player_choice":"Success","damage_taken":5,"relics_obtained":["Regal Pillow"],"max_hp_gain":0,"max_hp_loss":0,"event_name":"Scrap Ooze","floor":5,"gold_loss":0},{"cards_removed":["Strike_B"],"damage_healed":0,"gold_gain":0,"player_choice":"Purged","damage_taken":0,"max_hp_gain":0,"max_hp_loss":0,"event_name":"Purifier","floor":10,"gold_loss":0},{"damage_healed":0,"gold_gain":150,"player_choice":"AGREE","damage_taken":0,"max_hp_gain":0,"max_hp_loss":0,"event_name":"Liars Game","floor":13,"gold_loss":0,"cards_obtained":["Doubt"]}],"is_beta":false,"boss_relics":[],"items_purged_floors":[14],"is_endless":false,"potions_floor_spawned":[1,6],"killed_by":"Hexaghost","ascension_level":20}