{"gold_per_floor":[118,136,136,149,162,197,197,214,214,242,242,242,242,262,262,336,336,350,650,670,682,699,734,734,734],"floor_reached":25,"playtime":675,"items_purged":[],"score":447,"play_id":"b0496f91-1a72-4d58-916d-f4f206b5e400","local_time":"20190508154121","is_ascension_mode":true,"campfire_choices":[{"data":"Defragment","floor":7,"key":"SMITH"},{"data":"Buffer","floor":11,"key":"SMITH"},{"data":"Zap","floor":13,"key":"SMITH"},{"data":"Sunder","floor":15,"key":"SMITH"},{"floor":24,"key":"REST"}],"neow_cost":"NONE","seed_source_timestamp":2411238743883596,"circlet_count":0,"master_deck":["AscendersBane","Zap+1","Dualcast+1","Defragment+1","Sunder+1","Doom and Gloom+1","Ball Lightning","Undo+1","Buffer+1","Reinforced Body","Compile Driver","Electrodynamics","Chill","Turbo","Amplify","Fusion","Amplify","Barrage","Meteor Strike","Chill","Cold Snap","Writhe","Self Repair+1","Hologram+1","Static Discharge","Self Repair+1"],"relics":["Cracked Core","Dream Catcher","StoneCalendar","Pear","War Paint","Pandora\u0027s Box","Old Coin","Singing Bowl"],"potions_floor_usage":[6,6,23],"damage_taken":[{"damage":11,"enemies":"Small Slimes","floor":1,"turns":4},{"damage":17,"enemies":"2 Louse","floor":2,"turns":3},{"damage":12,"enemies":"Jaw Worm","floor":4,"turns":3},{"damage":6,"enemies":"Looter","floor":5,"turns":2},{"damage":36,"enemies":"Gremlin Nob","floor":6,"turns":4},{"damage":11,"enemies":"Blue Slaver","floor":8,"turns":5},{"damage":2,"enemies":"Lagavulin","floor":10,"turns":6},{"damage":0,"enemies":"Lots of Slimes","floor":14,"turns":2},{"damage":2,"enemies":"Hexaghost","floor":16,"turns":9},{"damage":13,"enemies":"2 Thieves","floor":18,"turns":3},{"damage":0,"enemies":"Spheric Guardian","floor":20,"turns":4},{"damage":1,"enemies":"3 Cultists","floor":21,"turns":5},{"damage":13,"enemies":"Snake Plant","floor":22,"turns":5},{"damage":32,"enemies":"Slavers","floor":23,"turns":3},{"damage":46,"enemies":"Gremlin Leader","floor":25,"turns":4}],"seed_played":"3190480957101276953","potions_obtained":[{"floor":1,"key":"Regen Potion"},{"floor":4,"key":"Regen Potion"},{"floor":6,"key":"Ancient Potion"},{"floor":20,"key":"Explosive Potion"}],"is_trial":false,"path_per_floor":["M","M","?","M","M","E","R","M","T","E","R","?","R","M","R","B",null,"M","?","M","M","M","E","R","E"],"character_chosen":"DEFECT","items_purchased":[],"campfire_rested":1,"item_purchase_floors":[],"current_hp_per_floor":[53,36,59,47,41,32,32,21,31,29,29,29,29,29,29,27,68,55,55,55,64,51,21,45,0],"gold":734,"neow_bonus":"RANDOM_COMMON_RELIC","is_prod":false,"is_daily":false,"chose_seed":false,"campfire_upgraded":4,"win_rate":0,"timestamp":1557344481,"path_taken":["M","M","?","M","M","E","R","M","T","E","R","?","R","M","R","BOSS","M","?","M","M","M","E","R","E"],"build_version":"2019-01-23","purchased_purges":0,"victory":false,"max_hp_per_floor":[71,71,71,71,71,71,71,71,81,81,81,81,81,81,81,81,81,81,81,81,81,81,83,83,83],"card_choices":[{"not_picked":["Self Repair","Sunder"],"picked":"Defragment","floor":1},{"not_picked":["Rebound","Fusion"],"picked":"Sunder","floor":2},{"not_picked":["Turbo","Beam Cell"],"picked":"Doom and Gloom","floor":4},{"not_picked":["All For One","Barrage"],"picked":"Ball Lightning","floor":5},{"not_picked":["Go for the Eyes","Rip and Tear"],"picked":"Undo","floor":6},{"not_picked":["Sweeping Beam","Lockon"],"picked":"Buffer","floor":8},{"not_picked":["Sweeping Beam","Streamline"],"picked":"Reinforced Body","floor":10},{"not_picked":["Sweeping Beam","Hello World"],"picked":"Compile Driver","floor":14},{"not_picked":["Fission","Creative AI"],"picked":"Electrodynamics","floor":16},{"not_picked":["Beam Cell","Streamline"],"picked":"Cold Snap","floor":18},{"not_picked":["Tempest","Beam Cell"],"picked":"Self Repair+1","floor":20},{"not_picked":["Compile Driver","Beam Cell"],"picked":"Hologram+1","floor":21},{"not_picked":["Hello World","Go for the Eyes"],"picked":"Static Discharge","floor":22},{"not_picked":["Consume","Meteor Strike","Hologram"],"picked":"Singing Bowl","floor":23},{"not_picked":["Sweeping Beam+1","Hologram"],"picked":"Self Repair+1","floor":24}],"player_experience":339294,"relics_obtained":[{"floor":6,"key":"StoneCalendar"},{"floor":9,"key":"Pear"},{"floor":10,"key":"War Paint"},{"floor":23,"key":"Singing Bowl"}],"event_choices":[{"damage_healed":23,"gold_gain":0,"player_choice":"Banana","damage_taken":0,"max_hp_gain":0,"max_hp_loss":0,"event_name":"Big Fish","floor":3,"gold_loss":0},{"damage_healed":0,"gold_gain":0,"player_choice":"Grow","damage_taken":0,"max_hp_gain":0,"max_hp_loss":0,"event_name":"Living Wall","floor":12,"gold_loss":0,"cards_upgraded":["Doom and Gloom"]},{"damage_healed":0,"gold_gain":0,"player_choice":"Opened","damage_taken":0,"relics_obtained":["Old Coin"],"max_hp_gain":0,"max_hp_loss":0,"event_name":"The Mausoleum","floor":19,"gold_loss":0,"cards_obtained":["Writhe"]}],"is_beta":false,"boss_relics":[{"not_picked":["Coffee Dripper","Philosopher\u0027s Stone"],"picked":"Pandora\u0027s Box"}],"items_purged_floors":[],"is_endless":false,"potions_floor_spawned":[1,4,5,6,20,21,22],"killed_by":"Gremlin Leader","ascension_level":18}