{"gold_per_floor":[117,128,303,321,265,282,282,292,592,203,221,241,316,330,330,430,430,440,440,186,198,208,208],"floor_reached":23,"playtime":1177,"items_purged":["Doubt","Strike_R"],"score":187,"play_id":"907e284e-3562-4c50-8491-26b96d5ea684","local_time":"20190811051815","is_ascension_mode":false,"campfire_choices":[{"data":"Spot Weakness","floor":7,"key":"SMITH"},{"floor":15,"key":"REST"}],"neow_cost":"PERCENT_DAMAGE","seed_source_timestamp":70717839970157,"circlet_count":0,"master_deck":["Strike_R","Defend_R+1","Defend_R","Defend_R","Defend_R","Bash","Rampage","Clothesline","Flex+1","Flex","Spot Weakness+1","Pommel Strike","Shrug It Off","Impervious","Headbutt","Heavy Blade","Berserk","Shrug It Off"],"relics":["Black Blood","Blue Candle","Old Coin","Nunchaku","War Paint"],"potions_floor_usage":[4,16,16,22,23],"damage_taken":[{"damage":0,"enemies":"Small Slimes","floor":1,"turns":3},{"damage":4,"enemies":"Cultist","floor":2,"turns":3},{"damage":11,"enemies":"Jaw Worm","floor":4,"turns":4},{"damage":20,"enemies":"Gremlin Gang","floor":6,"turns":6},{"damage":17,"enemies":"3 Louse","floor":8,"turns":4},{"damage":5,"enemies":"Lots of Slimes","floor":11,"turns":5},{"damage":17,"enemies":"Exordium Wildlife","floor":12,"turns":5},{"damage":0,"enemies":"Blue Slaver","floor":14,"turns":4},{"damage":22,"enemies":"Slime Boss","floor":16,"turns":9},{"damage":64,"enemies":"3 Byrds","floor":18,"turns":9},{"damage":10,"enemies":"Spheric Guardian","floor":21,"turns":4},{"damage":10,"enemies":"Snake Plant","floor":22,"turns":2},{"damage":35,"enemies":"Book of Stabbing","floor":23,"turns":5}],"seed_played":"8992913192280281079","potions_obtained":[{"floor":2,"key":"Fruit Juice"},{"floor":11,"key":"Block Potion"},{"floor":12,"key":"PowerPotion"},{"floor":14,"key":"Energy Potion"},{"floor":22,"key":"SteroidPotion"}],"is_trial":false,"path_per_floor":["M","M","?","M","?","M","R","M","T","$","M","M","?","M","R","B",null,"M","?","$","M","M","E"],"character_chosen":"IRONCLAD","items_purchased":["Nunchaku","War Paint"],"campfire_rested":1,"item_purchase_floors":[10,20],"current_hp_per_floor":[62,64,64,64,64,50,50,39,39,39,40,29,18,24,49,33,85,31,31,31,31,31,0],"gold":208,"neow_bonus":"TRANSFORM_TWO_CARDS","is_prod":false,"is_daily":false,"chose_seed":false,"campfire_upgraded":1,"win_rate":0.0,"timestamp":1565468295,"path_taken":["M","M","?","M","?","M","R","?","T","$","M","M","?","M","R","BOSS","M","?","$","M","?","E"],"build_version":"2019-07-17","purchased_purges":2,"victory":false,"max_hp_per_floor":[80,80,80,85,85,85,85,85,85,85,85,85,85,85,85,85,85,85,85,85,85,85,85],"card_choices":[{"not_picked":["Clothesline","Reckless Charge"],"picked":"Flex","floor":1},{"not_picked":["Sword Boomerang","Armaments"],"picked":"Flex","floor":2},{"not_picked":["Metallicize","Twin Strike"],"picked":"Spot Weakness","floor":4},{"not_picked":["Sever Soul","Headbutt"],"picked":"Pommel Strike","floor":6},{"not_picked":["Perfected Strike","Havoc"],"picked":"Shrug It Off","floor":8},{"not_picked":["Perfected Strike","Battle Trance"],"picked":"Impervious","floor":11},{"not_picked":["Wild Strike","Second Wind"],"picked":"Headbutt","floor":12},{"not_picked":["Twin Strike","Thunderclap"],"picked":"Heavy Blade","floor":14},{"not_picked":["Dark Embrace","Barricade"],"picked":"Berserk","floor":16},{"not_picked":["True Grit","Shockwave","Anger"],"picked":"SKIP","floor":18},{"not_picked":["Wild Strike+1","Warcry","Power Through"],"picked":"SKIP","floor":21},{"not_picked":["Body Slam","Blood for Blood+1"],"picked":"Shrug It Off","floor":22}],"player_experience":43268,"relics_obtained":[{"floor":9,"key":"Old Coin"}],"event_choices":[{"damage_healed":0,"gold_gain":175,"player_choice":"AGREE","damage_taken":0,"max_hp_gain":0,"max_hp_loss":0,"event_name":"Liars Game","floor":3,"gold_loss":0,"cards_obtained":["Doubt"]},{"damage_healed":0,"gold_gain":0,"player_choice":"Paid Gold","damage_taken":0,"relics_obtained":["Blue Candle"],"max_hp_gain":0,"max_hp_loss":0,"event_name":"WeMeetAgain","floor":5,"gold_loss":56},{"damage_healed":0,"gold_gain":75,"player_choice":"Gather Gold","damage_taken":11,"max_hp_gain":0,"max_hp_loss":0,"event_name":"World of Goop","floor":13,"gold_loss":0},{"cards_removed":["Strike_R"],"damage_healed":0,"gold_gain":0,"player_choice":"Purged","damage_taken":0,"max_hp_gain":0,"max_hp_loss":0,"event_name":"Purifier","floor":19,"gold_loss":0}],"is_beta":false,"boss_relics":[{"not_picked":["Runic Dome","Velvet Choker"],"picked":"Black Blood"}],"items_purged_floors":[10,20],"is_endless":false,"potions_floor_spawned":[2,11,12,14,22],"killed_by":"Book of Stabbing","ascension_level":0}