{"gold_per_floor":[114,289,22,40,5,5,34,34,61,90,103,103,128,144,144,239,239,255,3,18,34,48,48],"floor_reached":23,"playtime":669,"items_purged":["Doubt"],"score":302,"play_id":"733b7b39-6905-4881-ae8f-2eafc19022ed","local_time":"20190228190225","is_ascension_mode":true,"campfire_choices":[{"data":"Zap","floor":6,"key":"SMITH"},{"floor":8,"key":"REST"},{"data":"Hologram","floor":15,"key":"SMITH"}],"neow_cost":"TEN_PERCENT_HP_LOSS","seed_source_timestamp":830933098834632,"circlet_count":0,"master_deck":["AscendersBane","Strike_B","Strike_B","Strike_B","Strike_B","Defend_B","Defend_B","Defend_B","Defend_B","Zap+1","Dualcast","Hologram+1","Gash","All For One+1","Ball Lightning+1","Scrape+1","Hyperbeam+1","Gash+1","Conserve Battery","Core Surge+1","Cold Snap+1","Beam Cell+1","Biased Cognition"],"relics":["Cracked Core","StoneCalendar","ClockworkSouvenir","Molten Egg 2","Potion Belt","Mango","PreservedInsect","Black Star"],"potions_floor_usage":[7,10,18,21,22],"damage_taken":[{"damage":11,"enemies":"Small Slimes","floor":1,"turns":3},{"damage":0,"enemies":"2 Louse","floor":4,"turns":3},{"damage":50,"enemies":"Gremlin Nob","floor":7,"turns":5},{"damage":30,"enemies":"Lagavulin","floor":10,"turns":5},{"damage":0,"enemies":"Cultist","floor":11,"turns":2},{"damage":6,"enemies":"2 Fungi Beasts","floor":14,"turns":3},{"damage":43,"enemies":"The Guardian","floor":16,"turns":8},{"damage":10,"enemies":"3 Byrds","floor":18,"turns":3},{"damage":14,"enemies":"Chosen","floor":20,"turns":4},{"damage":0,"enemies":"3 Cultists","floor":21,"turns":3},{"damage":31,"enemies":"Snake Plant","floor":22,"turns":3},{"damage":12,"enemies":"Gremlin Leader","floor":23,"turns":1}],"seed_played":"-7976697548798319515","potions_obtained":[{"floor":4,"key":"SkillPotion"},{"floor":7,"key":"Regen Potion"},{"floor":16,"key":"SkillPotion"},{"floor":18,"key":"FearPotion"},{"floor":21,"key":"SkillPotion"}],"is_trial":false,"path_per_floor":["M","?","$","M","?","R","E","R","T","E","M","?","T","M","R","B",null,"M","$","M","M","M","E"],"character_chosen":"DEFECT","items_purchased":["ClockworkSouvenir","Conserve Battery","Core Surge+1","Block Potion"],"campfire_rested":1,"item_purchase_floors":[3,19,19,19],"current_hp_per_floor":[57,57,57,57,68,68,18,38,38,36,36,63,63,57,57,14,65,55,55,41,41,10,0],"gold":48,"neow_bonus":"ONE_RARE_RELIC","is_prod":false,"is_daily":false,"chose_seed":false,"campfire_upgraded":2,"win_rate":0,"timestamp":1551398545,"path_taken":["M","?","$","M","?","R","E","R","T","E","M","?","?","?","R","BOSS","M","$","M","M","M","E"],"build_version":"2019-01-23","purchased_purges":1,"victory":false,"max_hp_per_floor":[68,68,68,68,68,68,68,68,68,82,82,82,82,82,82,82,82,82,82,82,82,82,82],"card_choices":[{"not_picked":["Rebound","Storm"],"picked":"Hologram","floor":1},{"not_picked":["Stack","Storm"],"picked":"Gash","floor":4},{"not_picked":["Chaos","Steam"],"picked":"All For One","floor":7},{"not_picked":["Hologram","Turbo"],"picked":"Ball Lightning+1","floor":10},{"not_picked":["Skim","Melter+1","Ball Lightning+1"],"picked":"SKIP","floor":11},{"not_picked":["Rebound+1","Genetic Algorithm"],"picked":"Scrape+1","floor":14},{"not_picked":["Echo Form","Buffer"],"picked":"Hyperbeam+1","floor":16},{"not_picked":["Leap","Ball Lightning+1"],"picked":"Gash+1","floor":18},{"not_picked":["Tempest","Ball Lightning+1"],"picked":"Cold Snap+1","floor":20},{"not_picked":["Steam","Auto Shields"],"picked":"Beam Cell+1","floor":21},{"not_picked":["Rebound+1","FTL+1"],"picked":"Biased Cognition","floor":22}],"player_experience":151477,"relics_obtained":[{"floor":7,"key":"Molten Egg 2"},{"floor":9,"key":"Potion Belt"},{"floor":10,"key":"Mango"},{"floor":13,"key":"PreservedInsect"}],"event_choices":[{"damage_healed":0,"gold_gain":175,"player_choice":"AGREE","damage_taken":0,"max_hp_gain":0,"max_hp_loss":0,"event_name":"Liars Game","floor":2,"gold_loss":0,"cards_obtained":["Doubt"]},{"damage_healed":17,"gold_gain":0,"player_choice":"Healed","damage_taken":0,"max_hp_gain":0,"max_hp_loss":0,"event_name":"The Cleric","floor":5,"gold_loss":35},{"damage_healed":27,"gold_gain":0,"player_choice":"Banana","damage_taken":0,"max_hp_gain":0,"max_hp_loss":0,"event_name":"Big Fish","floor":12,"gold_loss":0}],"is_beta":false,"boss_relics":[{"not_picked":["Lizard Tail","Runic Dome"],"picked":"Black Star"}],"items_purged_floors":[3],"is_endless":false,"potions_floor_spawned":[4,7,16,18,21],"killed_by":"Gremlin Leader","ascension_level":10}