{"gold_per_floor":[112,126,145,70,70,104,104,104,129,168,168,239,282,300,300,300],"floor_reached":16,"playtime":359,"items_purged":["Strike_B"],"score":240,"play_id":"7b4a7fdd-de13-4e0c-a077-bb08c9ae5ef6","local_time":"20190824104308","is_ascension_mode":true,"campfire_choices":[{"data":"Sunder","floor":7,"key":"SMITH"},{"data":"Ball Lightning","floor":11,"key":"SMITH"},{"data":"Fission","floor":15,"key":"SMITH"}],"neow_cost":"NONE","seed_source_timestamp":650009248283803,"circlet_count":0,"master_deck":["AscendersBane","Strike_B","Strike_B","Strike_B","Defend_B","Defend_B","Defend_B","Defend_B","Zap+1","Dualcast","Gash+1","Ball Lightning+1","Cold Snap+1","Sunder+1","Self Repair","Fission+1"],"relics":["Cracked Core","Golden Idol","Orichalcum","SsserpentHead","Whetstone","Bronze Scales","Peace Pipe"],"potions_floor_usage":[6,16],"damage_taken":[{"damage":7,"enemies":"Jaw Worm","floor":1,"turns":3},{"damage":0,"enemies":"2 Louse","floor":2,"turns":2},{"damage":1,"enemies":"Cultist","floor":3,"turns":3},{"damage":6,"enemies":"Gremlin Nob","floor":6,"turns":3},{"damage":3,"enemies":"3 Sentries","floor":10,"turns":4},{"damage":3,"enemies":"3 Louse","floor":12,"turns":2},{"damage":26,"enemies":"Lagavulin","floor":13,"turns":6},{"damage":12,"enemies":"Large Slime","floor":14,"turns":4},{"damage":20,"enemies":"Slime Boss","floor":16,"turns":8}],"seed_played":"3843060168265901165","potions_obtained":[{"floor":2,"key":"Poison Potion"},{"floor":10,"key":"Ancient Potion"},{"floor":14,"key":"Block Potion"}],"is_trial":false,"path_per_floor":["M","M","M","$","?","E","R","?","T","E","R","M","E","M","R","B"],"character_chosen":"DEFECT","items_purchased":[],"campfire_rested":0,"item_purchase_floors":[],"current_hp_per_floor":[57,57,56,56,56,50,50,50,50,47,47,44,25,20,20,0],"gold":300,"neow_bonus":"UPGRADE_CARD","is_prod":false,"is_daily":false,"chose_seed":false,"campfire_upgraded":3,"win_rate":0,"timestamp":1566657788,"path_taken":["M","M","M","$","?","E","R","?","T","E","R","?","E","M","R","BOSS"],"build_version":"2019-07-17","purchased_purges":1,"victory":false,"max_hp_per_floor":[71,71,71,71,64,64,64,64,64,64,64,64,64,64,64,64],"card_choices":[{"not_picked":["Conserve Battery","Streamline"],"picked":"Gash","floor":1},{"not_picked":["Hologram","Beam Cell"],"picked":"Ball Lightning","floor":2},{"not_picked":["Barrage","Beam Cell"],"picked":"Cold Snap","floor":3},{"not_picked":["Ball Lightning","Streamline"],"picked":"Sunder","floor":6},{"not_picked":["Lockon","Storm","Steam Power"],"picked":"SKIP","floor":10},{"not_picked":["Genetic Algorithm","Force Field"],"picked":"Self Repair","floor":12},{"not_picked":["Sunder","Sweeping Beam","Rebound"],"picked":"SKIP","floor":13},{"not_picked":["Streamline","Go for the Eyes"],"picked":"Fission","floor":14}],"player_experience":594835,"relics_obtained":[{"floor":6,"key":"Orichalcum"},{"floor":9,"key":"Whetstone"},{"floor":10,"key":"Bronze Scales"},{"floor":13,"key":"Peace Pipe"}],"event_choices":[{"damage_healed":0,"gold_gain":0,"player_choice":"Lose Max HP","damage_taken":0,"relics_obtained":["Golden Idol"],"max_hp_gain":0,"max_hp_loss":7,"event_name":"Golden Idol","floor":5,"gold_loss":0},{"damage_healed":0,"gold_gain":0,"player_choice":"Trade","damage_taken":0,"relics_obtained":["SsserpentHead"],"max_hp_gain":0,"max_hp_loss":0,"event_name":"FaceTrader","floor":8,"gold_loss":0}],"is_beta":false,"boss_relics":[],"items_purged_floors":[4],"is_endless":false,"potions_floor_spawned":[2,10,14],"killed_by":"Slime Boss","ascension_level":20}