{"gold_per_floor":[115,115,115,138,138,176,197,241,268,418,434,464,464,499,499,499],"floor_reached":16,"playtime":408,"items_purged":[],"score":272,"play_id":"bdc4aac0-ab69-4131-8c7f-5bc623beada8","local_time":"20190506152527","is_ascension_mode":true,"campfire_choices":[{"floor":13,"key":"REST"},{"floor":15,"key":"REST"}],"neow_cost":"NONE","seed_source_timestamp":2237716398052922,"circlet_count":0,"master_deck":["AscendersBane","Defend_G","Defend_G","Defend_G","Defend_G","Defend_G","Strike_G","Strike_G","Strike_G","Strike_G","Survivor","Neutralize","Dash","Well Laid Plans","Envenom","Bane","Bane","Doubt","Calculated Gamble","Noxious Fumes"],"relics":["Ring of the Snake","NeowsBlessing","Golden Idol","Strawberry","Bronze Scales","Bag of Marbles","Tiny Chest","Toxic Egg 2"],"potions_floor_usage":[14],"damage_taken":[{"damage":0,"enemies":"2 Louse","floor":1,"turns":1},{"damage":0,"enemies":"Jaw Worm","floor":4,"turns":1},{"damage":0,"enemies":"Gremlin Nob","floor":6,"turns":1},{"damage":1,"enemies":"Cultist","floor":7,"turns":5},{"damage":22,"enemies":"3 Sentries","floor":8,"turns":11},{"damage":5,"enemies":"Blue Slaver","floor":11,"turns":5},{"damage":24,"enemies":"Lagavulin","floor":14,"turns":6},{"damage":30,"enemies":"Slime Boss","floor":16,"turns":7}],"seed_played":"3129946002923640841","potions_obtained":[{"floor":1,"key":"Ancient Potion"},{"floor":8,"key":"Block Potion"}],"is_trial":false,"path_per_floor":["M","?","?","M","$","E","M","E","T","?","M","T","R","E","R","B"],"character_chosen":"THE_SILENT","items_purchased":[],"campfire_rested":2,"item_purchase_floors":[],"current_hp_per_floor":[59,52,29,29,29,36,35,13,13,13,8,8,29,5,26,0],"gold":499,"neow_bonus":"THREE_ENEMY_KILL","is_prod":false,"is_daily":false,"chose_seed":false,"campfire_upgraded":0,"win_rate":0,"timestamp":1557170727,"path_taken":["M","?","?","?","?","E","M","E","T","?","M","?","R","E","R","BOSS"],"build_version":"2019-01-23","purchased_purges":0,"victory":false,"max_hp_per_floor":[66,66,66,66,66,73,73,73,73,73,73,73,73,73,73,73],"card_choices":[{"not_picked":["Slice","Backflip"],"picked":"Dash","floor":1},{"not_picked":["Masterful Stab","Dodge and Roll"],"picked":"Well Laid Plans","floor":4},{"not_picked":["Flechettes","Deflect"],"picked":"Envenom","floor":6},{"not_picked":["Acrobatics","Slice"],"picked":"Bane","floor":7},{"not_picked":["PiercingWail","Burst"],"picked":"Bane","floor":8},{"not_picked":["Predator","Dagger Throw"],"picked":"Calculated Gamble","floor":11},{"not_picked":["Eviscerate","Bane"],"picked":"Noxious Fumes","floor":14}],"player_experience":332616,"relics_obtained":[{"floor":6,"key":"Strawberry"},{"floor":8,"key":"Bronze Scales"},{"floor":9,"key":"Bag of Marbles"},{"floor":12,"key":"Tiny Chest"},{"floor":14,"key":"Toxic Egg 2"}],"event_choices":[{"cards_removed":["Strike_G"],"damage_healed":0,"gold_gain":0,"player_choice":"Card Removal","damage_taken":7,"max_hp_gain":0,"max_hp_loss":0,"event_name":"Golden Wing","floor":2,"gold_loss":0},{"damage_healed":0,"gold_gain":0,"player_choice":"Take Damage","damage_taken":23,"relics_obtained":["Golden Idol"],"max_hp_gain":0,"max_hp_loss":0,"event_name":"Golden Idol","floor":3,"gold_loss":0},{"damage_healed":0,"gold_gain":150,"player_choice":"AGREE","damage_taken":0,"max_hp_gain":0,"max_hp_loss":0,"event_name":"Liars Game","floor":10,"gold_loss":0,"cards_obtained":["Doubt"]}],"is_beta":false,"boss_relics":[],"items_purged_floors":[],"is_endless":false,"potions_floor_spawned":[1,8],"killed_by":"Slime Boss","ascension_level":18}