{"gold_per_floor":[118,193,193,193,211,247,247,260,260,4,4,19,19,53,53,147,147,166,189,189,189],"floor_reached":21,"playtime":602,"items_purged":[],"score":424,"play_id":"9d0aaee4-0c57-4349-a38d-19b425390b1e","local_time":"20190820210745","is_ascension_mode":true,"campfire_choices":[{"data":"Doom and Gloom","floor":7,"key":"SMITH"},{"data":"Fission","floor":11,"key":"SMITH"},{"data":"Streamline","floor":13,"key":"SMITH"},{"data":"Zap","floor":15,"key":"SMITH"}],"neow_cost":"NONE","seed_source_timestamp":454928551535041,"circlet_count":0,"master_deck":["AscendersBane","Strike_B","Strike_B","Strike_B","Defend_B","Defend_B","Defend_B","Defend_B","Zap+1","Dualcast","Ball Lightning","Doom and Gloom+1","Coolheaded","Fission+1","Mayhem+1","Streamline+1","Hologram","All For One","Echo Form","Blizzard+1","Cold Snap+1"],"relics":["Cracked Core","NeowsBlessing","Golden Idol","Question Card","Pear","Cursed Key"],"potions_floor_usage":[14,19,21],"damage_taken":[{"damage":0,"enemies":"Small Slimes","floor":1,"turns":1},{"damage":0,"enemies":"Jaw Worm","floor":5,"turns":1},{"damage":0,"enemies":"Gremlin Nob","floor":6,"turns":1},{"damage":3,"enemies":"2 Louse","floor":8,"turns":2},{"damage":0,"enemies":"Lots of Slimes","floor":12,"turns":1},{"damage":5,"enemies":"3 Sentries","floor":14,"turns":4},{"damage":13,"enemies":"Hexaghost","floor":16,"turns":7},{"damage":15,"enemies":"Chosen","floor":18,"turns":5},{"damage":9,"enemies":"Shell Parasite","floor":19,"turns":3},{"damage":46,"enemies":"Shelled Parasite and Fungi","floor":21,"turns":3}],"seed_played":"5003385148796047351","potions_obtained":[{"floor":5,"key":"Regen Potion"},{"floor":16,"key":"Fire Potion"},{"floor":18,"key":"Block Potion"},{"floor":19,"key":"Explosive Potion"}],"is_trial":false,"path_per_floor":["M","?","?","?","M","E","R","M","T","$","R","M","R","E","R","B",null,"M","M","?","M"],"character_chosen":"DEFECT","items_purchased":["Mayhem","Streamline"],"campfire_rested":0,"item_purchase_floors":[10,10],"current_hp_per_floor":[64,53,46,22,22,22,22,19,19,19,19,19,19,36,36,23,67,52,43,43,0],"gold":189,"neow_bonus":"THREE_ENEMY_KILL","is_prod":false,"is_daily":false,"chose_seed":false,"campfire_upgraded":4,"win_rate":0,"timestamp":1566360465,"path_taken":["M","?","?","?","M","E","R","M","T","$","R","M","R","E","R","BOSS","M","M","?","M"],"build_version":"2019-08-15","purchased_purges":0,"victory":false,"max_hp_per_floor":[71,71,71,71,71,71,71,71,71,71,71,71,71,81,81,81,81,81,81,81,81],"card_choices":[{"not_picked":["Redo","Go for the Eyes"],"picked":"Ball Lightning","floor":1},{"not_picked":["Static Discharge","Aggregate"],"picked":"Doom and Gloom","floor":5},{"not_picked":["Sweeping Beam","Streamline"],"picked":"Coolheaded","floor":6},{"not_picked":["Coolheaded","Doom and Gloom","Double Energy"],"picked":"Fission","floor":8},{"not_picked":["Streamline","Rebound","Steam"],"picked":"Hologram","floor":12},{"not_picked":["Turbo","Stack","Ball Lightning"],"picked":"All For One","floor":14},{"not_picked":["Meteor Strike","Thunder Strike","Multi-Cast"],"picked":"Echo Form","floor":16},{"not_picked":["Redo","Cold Snap","Coolheaded"],"picked":"Blizzard+1","floor":18},{"not_picked":["Genetic Algorithm","Doom and Gloom","Gash+1"],"picked":"Cold Snap+1","floor":19}],"player_experience":3020887,"relics_obtained":[{"floor":6,"key":"Question Card"},{"floor":14,"key":"Pear"}],"event_choices":[{"damage_healed":0,"gold_gain":75,"player_choice":"Gather Gold","damage_taken":11,"max_hp_gain":0,"max_hp_loss":0,"event_name":"World of Goop","floor":2,"gold_loss":0},{"cards_removed":["Strike_B"],"damage_healed":0,"gold_gain":0,"player_choice":"Card Removal","damage_taken":7,"max_hp_gain":0,"max_hp_loss":0,"event_name":"Golden Wing","floor":3,"gold_loss":0},{"damage_healed":0,"gold_gain":0,"player_choice":"Take Damage","damage_taken":24,"relics_obtained":["Golden Idol"],"max_hp_gain":0,"max_hp_loss":0,"event_name":"Golden Idol","floor":4,"gold_loss":0},{"damage_healed":0,"gold_gain":0,"player_choice":"Upgraded","damage_taken":0,"max_hp_gain":0,"max_hp_loss":0,"event_name":"Upgrade Shrine","floor":20,"gold_loss":0,"cards_upgraded":["Mayhem"]}],"is_beta":true,"boss_relics":[{"not_picked":["Velvet Choker","Black Star"],"picked":"Cursed Key"}],"items_purged_floors":[],"is_endless":false,"potions_floor_spawned":[5,16,18,19],"killed_by":"Shelled Parasite and Fungi","ascension_level":20}