{"gold_per_floor":[111,111,14,33,44,72,72,72,72,37,37,52,52,67,67,170,170,182,182,170,2,2,2,19,19,19,51,51,77,77,77,77,77],"floor_reached":33,"playtime":3422,"items_purged":["Defend_R"],"score":286,"play_id":"8c84d263-210f-431a-938b-87e0c8ff978a","local_time":"20190809220316","is_ascension_mode":false,"campfire_choices":[{"floor":7,"key":"REST"},{"floor":15,"key":"REST"},{"data":"Seeing Red","floor":23,"key":"SMITH"},{"data":"Anger","floor":25,"key":"SMITH"},{"data":"Pommel Strike","floor":28,"key":"SMITH"},{"data":"Reaper","floor":30,"key":"SMITH"},{"floor":32,"key":"REST"}],"neow_cost":"","seed_source_timestamp":13145808922575,"circlet_count":0,"master_deck":["Defend_R","Defend_R","Defend_R","Bash","Pommel Strike+1","Searing Blow","Shrug It Off+1","Warcry+1","Perfected Strike","Fire Breathing+1","Seeing Red+1","Anger+1","Twin Strike","Dark Embrace+1","Hemokinesis","Cleave+1","Warcry","Fire Breathing+1","Bite","Bite","Bite","Bite","Bite","Flex+1","Pommel Strike","Reaper+1","Necronomicurse"],"relics":["Black Blood","Frozen Egg 2","Happy Flower","Bag of Preparation","Thread and Needle","Red Mask","Dodecahedron","Necronomicon"],"potions_floor_usage":[16,16,27,33,33,33],"damage_taken":[{"damage":11,"enemies":"Jaw Worm","floor":1,"turns":4},{"damage":5,"enemies":"Small Slimes","floor":4,"turns":3},{"damage":0,"enemies":"2 Louse","floor":5,"turns":2},{"damage":52,"enemies":"3 Sentries","floor":6,"turns":11},{"damage":6,"enemies":"2 Fungi Beasts","floor":12,"turns":4},{"damage":4,"enemies":"Blue Slaver","floor":14,"turns":4},{"damage":47,"enemies":"The Guardian","floor":16,"turns":9},{"damage":16,"enemies":"Chosen","floor":18,"turns":5},{"damage":27,"enemies":"2 Thieves","floor":20,"turns":4},{"damage":22,"enemies":"Cultist and Chosen","floor":24,"turns":5},{"damage":20,"enemies":"Masked Bandits","floor":27,"turns":4},{"damage":23,"enemies":"Slavers","floor":29,"turns":6},{"damage":72,"enemies":"Champ","floor":33,"turns":8}],"seed_played":"7956548405057680802","potions_obtained":[{"floor":5,"key":"Strength Potion"},{"floor":12,"key":"FearPotion"},{"floor":16,"key":"SneckoOil"},{"floor":24,"key":"SkillPotion"},{"floor":27,"key":"Fruit Juice"},{"floor":29,"key":"Ancient Potion"}],"is_trial":false,"path_per_floor":["M","?","$","M","M","E","R","?","T","$","?","M","?","M","R","B",null,"M","?","M","$","?","R","M","R","T","?","R","E","R","?","R","B"],"character_chosen":"IRONCLAD","items_purchased":["Searing Blow","Shrug It Off","Seeing Red","Warcry","Fire Breathing+1"],"campfire_rested":3,"item_purchase_floors":[3,3,10,21,21],"current_hp_per_floor":[75,75,75,76,80,34,58,55,55,55,48,48,32,34,58,17,80,74,74,57,57,56,56,50,50,50,51,51,44,44,28,46,0],"gold":77,"neow_bonus":"","is_prod":false,"is_daily":false,"chose_seed":false,"campfire_upgraded":4,"win_rate":0.0,"timestamp":1565355796,"path_taken":["M","?","$","M","M","E","R","?","T","?","?","M","?","M","R","BOSS","M","?","M","$","?","R","M","R","T","?","R","E","R","?","R","BOSS"],"build_version":"2019-07-17","purchased_purges":1,"victory":false,"max_hp_per_floor":[80,80,80,80,80,80,80,80,80,80,80,80,80,80,80,80,80,80,80,80,80,56,56,56,56,56,61,61,61,61,61,61,61],"card_choices":[{"not_picked":["Flex","Power Through"],"picked":"Pommel Strike","floor":1},{"not_picked":["Iron Wave","Sword Boomerang"],"picked":"Warcry","floor":4},{"not_picked":["Combust","Thunderclap"],"picked":"Perfected Strike","floor":5},{"not_picked":["Armaments","Clothesline"],"picked":"Fire Breathing","floor":6},{"not_picked":["Headbutt","Bloodletting"],"picked":"Anger","floor":12},{"not_picked":["Perfected Strike","Dual Wield"],"picked":"Twin Strike","floor":14},{"not_picked":["Barricade+1","Demon Form+1"],"picked":"Dark Embrace+1","floor":16},{"not_picked":["True Grit","Corruption+1"],"picked":"Hemokinesis","floor":18},{"not_picked":["Infernal Blade","True Grit"],"picked":"Cleave+1","floor":20},{"not_picked":["Clash+1","Reckless Charge"],"picked":"Flex+1","floor":24},{"not_picked":["Clash","Reckless Charge"],"picked":"Pommel Strike","floor":27},{"not_picked":["Twin Strike","Uppercut+1"],"picked":"Reaper","floor":29}],"player_experience":0,"relics_obtained":[{"floor":6,"key":"Frozen Egg 2"},{"floor":9,"key":"Bag of Preparation"},{"floor":26,"key":"Thread and Needle"},{"floor":27,"key":"Red Mask"},{"floor":29,"key":"Dodecahedron"},{"floor":31,"key":"Necronomicon"}],"event_choices":[{"damage_healed":0,"gold_gain":0,"player_choice":"Ignored","damage_taken":0,"max_hp_gain":0,"max_hp_loss":0,"event_name":"Liars Game","floor":2,"gold_loss":0},{"damage_healed":0,"gold_gain":0,"player_choice":"Success","damage_taken":3,"relics_obtained":["Happy Flower"],"max_hp_gain":0,"max_hp_loss":0,"event_name":"Scrap Ooze","floor":8,"gold_loss":0},{"cards_removed":["Strike_R"],"damage_healed":0,"gold_gain":0,"player_choice":"Card Removal","damage_taken":7,"max_hp_gain":0,"max_hp_loss":0,"event_name":"Golden Wing","floor":11,"gold_loss":0},{"damage_healed":0,"gold_gain":0,"player_choice":"Entered Light","damage_taken":16,"max_hp_gain":0,"max_hp_loss":0,"event_name":"Shining Light","floor":13,"gold_loss":0,"cards_upgraded":["Warcry","Shrug It Off"]},{"damage_healed":0,"gold_gain":0,"player_choice":"Ignored","damage_taken":0,"max_hp_gain":0,"max_hp_loss":0,"event_name":"Ghosts","floor":19,"gold_loss":0},{"damage_healed":0,"gold_gain":0,"player_choice":"Became a vampire","damage_taken":0,"max_hp_gain":0,"max_hp_loss":24,"event_name":"Vampires","floor":22,"gold_loss":0,"cards_obtained":["Bite","Bite","Bite","Bite","Bite"]},{"damage_healed":0,"gold_gain":0,"player_choice":"Fought Bandits","damage_taken":0,"max_hp_gain":0,"max_hp_loss":0,"event_name":"Masked Bandits","floor":27,"gold_loss":0},{"damage_healed":0,"gold_gain":0,"player_choice":"Obtained Book","damage_taken":16,"max_hp_gain":0,"max_hp_loss":0,"event_name":"Cursed Tome","floor":31,"gold_loss":0}],"is_beta":false,"boss_relics":[{"not_picked":["Velvet Choker","Coffee Dripper"],"picked":"Black Blood"}],"items_purged_floors":[21],"is_endless":false,"potions_floor_spawned":[5,12,16,24,27,29],"killed_by":"Champ","ascension_level":0}