{"gold_per_floor":[119,4,4,16,16,51,77,106,133,159,187,212,224,311,323,409,421,447,459,81,81,181,181,201,201,251,251,251,251,261,279,279,351,351,370,387,387,221,221],"floor_reached":39,"playtime":1121,"items_purged":["Strike_G"],"score":819,"play_id":"98a805cf-bca6-4b9a-bb7d-a9859a0da475","local_time":"20190518015936","is_ascension_mode":true,"campfire_choices":[{"data":"Footwork","floor":13,"key":"SMITH"},{"data":"1","floor":15,"key":"LIFT"},{"floor":23,"key":"REST"},{"floor":25,"key":"REST"},{"data":"Footwork","floor":27,"key":"SMITH"},{"floor":29,"key":"REST"},{"floor":32,"key":"REST"}],"neow_cost":"NONE","seed_source_timestamp":628734556727592,"circlet_count":0,"master_deck":["AscendersBane","Defend_G+1","Defend_G+1","Defend_G+1","Defend_G+1","Defend_G+1","Strike_G+1","Strike_G+1","Strike_G+1","Strike_G+1","Survivor","Neutralize","Dagger Spray","Well Laid Plans+1","Deadly Poison","Poisoned Stab","Footwork+1","Die Die Die","Deadly Poison","Corpse Explosion","Footwork+1","PiercingWail","Blade Dance","Crippling Poison","Skewer","Burst","Footwork","Bane","After Image","Blur","Noxious Fumes","Escape Plan","Blur+1"],"relics":["Ring of the Snake","NeowsBlessing","Strawberry","Snake Skull","Girya","Happy Flower","MawBank","Sozu","The Specimen","Art of War","Peace Pipe","Question Card","Bronze Scales","PreservedInsect","Orrery","Blood Vial"],"potions_floor_usage":[18],"damage_taken":[{"damage":0,"enemies":"Cultist","floor":1,"turns":1},{"damage":0,"enemies":"2 Louse","floor":4,"turns":1},{"damage":0,"enemies":"Gremlin Nob","floor":6,"turns":1},{"damage":27,"enemies":"3 Sentries","floor":8,"turns":10},{"damage":6,"enemies":"Lagavulin","floor":10,"turns":8},{"damage":0,"enemies":"Jaw Worm","floor":11,"turns":3},{"damage":8,"enemies":"Large Slime","floor":12,"turns":5},{"damage":14,"enemies":"Hexaghost","floor":16,"turns":8},{"damage":7,"enemies":"3 Byrds","floor":18,"turns":4},{"damage":8,"enemies":"Colosseum Slavers","floor":22,"turns":4},{"damage":43,"enemies":"Colosseum Nobs","floor":22,"turns":4},{"damage":22,"enemies":"2 Thieves","floor":24,"turns":3},{"damage":5,"enemies":"Shelled Parasite and Fungi","floor":30,"turns":4},{"damage":4,"enemies":"Centurion and Healer","floor":31,"turns":4},{"damage":46,"enemies":"Automaton","floor":33,"turns":8},{"damage":15,"enemies":"Orb Walker","floor":35,"turns":4},{"damage":30,"enemies":"3 Darklings","floor":36,"turns":5},{"damage":0,"enemies":"4 Shapes","floor":39,"turns":4}],"seed_played":"-2930070844672062664","potions_obtained":[{"floor":1,"key":"SpeedPotion"},{"floor":12,"key":"SpeedPotion"},{"floor":16,"key":"Explosive Potion"}],"is_trial":false,"path_per_floor":["M","$","?","M","?","E","T","E","T","E","M","M","R","?","R","B",null,"M","?","$","?","?","R","M","R","T","R","?","R","M","M","R","B",null,"M","M","?","$","M"],"character_chosen":"THE_SILENT","items_purchased":["Well Laid Plans","The Specimen","PiercingWail","Blood Vial"],"campfire_rested":4,"item_purchase_floors":[2,20,20,38],"current_hp_per_floor":[59,59,59,59,64,71,71,44,44,38,38,30,30,19,19,5,60,53,53,53,53,2,25,3,26,26,26,26,49,44,40,63,17,63,48,18,18,18,20],"gold":221,"neow_bonus":"THREE_ENEMY_KILL","is_prod":false,"is_daily":false,"chose_seed":false,"campfire_upgraded":2,"win_rate":0,"timestamp":1558159176,"path_taken":["M","?","?","?","?","E","?","E","T","E","M","M","R","?","R","BOSS","M","?","$","?","?","R","M","R","T","R","?","R","M","M","R","BOSS","M","M","?","$","M"],"build_version":"2019-01-23","purchased_purges":1,"victory":false,"max_hp_per_floor":[66,66,66,66,71,78,78,78,78,78,78,78,78,78,78,78,78,78,78,78,78,78,78,78,78,78,78,78,78,78,78,78,78,78,78,78,78,78,78],"card_choices":[{"not_picked":["Flechettes","Endless Agony"],"picked":"Dagger Spray","floor":1},{"not_picked":["Dagger Throw","Underhanded Strike"],"picked":"Deadly Poison","floor":4},{"not_picked":["Cloak And Dagger","Underhanded Strike"],"picked":"Poisoned Stab","floor":6},{"not_picked":["Reflex","Sucker Punch"],"picked":"Footwork","floor":8},{"not_picked":["Bane","Reflex"],"picked":"Die Die Die","floor":10},{"not_picked":["Sucker Punch","Quick Slash"],"picked":"Deadly Poison","floor":11},{"not_picked":["Underhanded Strike","Tactician","Dagger Spray"],"picked":"SKIP","floor":12},{"not_picked":["Storm of Steel","Malaise"],"picked":"Corpse Explosion","floor":16},{"not_picked":["Choke","Deadly Poison"],"picked":"Footwork","floor":18},{"not_picked":["Quick Slash","Sucker Punch"],"picked":"Blade Dance","floor":22},{"not_picked":["Eviscerate","All Out Attack","Finisher"],"picked":"Crippling Poison","floor":24},{"not_picked":["Dagger Spray","Poisoned Stab","Flying Knee+1","Blade Dance"],"picked":"SKIP","floor":30},{"not_picked":["Caltrops","Slice","Envenom"],"picked":"Skewer","floor":31},{"not_picked":["Phantasmal Killer","Envenom","Glass Knife"],"picked":"Burst","floor":33},{"not_picked":["Dagger Spray","Cloak And Dagger","Underhanded Strike"],"picked":"Footwork","floor":34},{"not_picked":["All Out Attack","Dodge and Roll","Dagger Spray"],"picked":"Bane","floor":34},{"not_picked":["Deadly Poison","Dagger Spray+1","Catalyst"],"picked":"After Image","floor":34},{"not_picked":["Deflect+1","Slice+1","Deadly Poison"],"picked":"Blur","floor":34},{"not_picked":["Acrobatics","Flying Knee","Cloak And Dagger"],"picked":"Noxious Fumes","floor":34},{"not_picked":["Caltrops","Quick Slash","Riddle With Holes"],"picked":"Escape Plan","floor":35},{"not_picked":["Prepared+1","Sucker Punch+1","Concentrate"],"picked":"Blur+1","floor":36}],"player_experience":374090,"relics_obtained":[{"floor":6,"key":"Strawberry"},{"floor":7,"key":"Snake Skull"},{"floor":8,"key":"Girya"},{"floor":9,"key":"Happy Flower"},{"floor":10,"key":"MawBank"},{"floor":22,"key":"Peace Pipe"},{"floor":22,"key":"Question Card"},{"floor":26,"key":"Bronze Scales"}],"event_choices":[{"damage_healed":0,"gold_gain":0,"player_choice":"Upgraded","damage_taken":0,"max_hp_gain":0,"max_hp_loss":0,"event_name":"Upgrade Shrine","floor":3,"gold_loss":0,"cards_upgraded":["Well Laid Plans"]},{"damage_healed":0,"gold_gain":0,"player_choice":"Donut","damage_taken":0,"max_hp_gain":5,"max_hp_loss":0,"event_name":"Big Fish","floor":5,"gold_loss":0},{"damage_healed":0,"gold_gain":75,"player_choice":"Gather Gold","damage_taken":11,"max_hp_gain":0,"max_hp_loss":0,"event_name":"World of Goop","floor":14,"gold_loss":0},{"damage_healed":0,"gold_gain":0,"player_choice":"Simplicity","damage_taken":0,"max_hp_gain":0,"max_hp_loss":0,"event_name":"Back to Basics","floor":19,"gold_loss":0,"cards_upgraded":["Defend_G","Defend_G","Defend_G","Defend_G","Defend_G","Strike_G","Strike_G","Strike_G","Strike_G"]},{"damage_healed":0,"gold_gain":0,"player_choice":"Stole Relic","damage_taken":0,"relics_obtained":["Art of War"],"max_hp_gain":0,"max_hp_loss":0,"event_name":"Addict","floor":21,"gold_loss":0,"cards_obtained":["Shame"]},{"damage_healed":0,"gold_gain":0,"player_choice":"Fight","damage_taken":0,"max_hp_gain":0,"max_hp_loss":0,"event_name":"Colosseum","floor":22,"gold_loss":0},{"damage_healed":0,"gold_gain":0,"player_choice":"Fought Nobs","damage_taken":0,"max_hp_gain":0,"max_hp_loss":0,"event_name":"Colosseum","floor":22,"gold_loss":0},{"damage_healed":0,"gold_gain":0,"player_choice":"Opened","damage_taken":0,"relics_obtained":["PreservedInsect"],"max_hp_gain":0,"max_hp_loss":0,"event_name":"The Mausoleum","floor":28,"gold_loss":0,"cards_obtained":["Writhe"]},{"cards_removed":["Writhe","Shame"],"damage_healed":0,"gold_gain":0,"player_choice":"Removed Curses","damage_taken":0,"max_hp_gain":0,"max_hp_loss":0,"event_name":"Fountain of Cleansing","floor":37,"gold_loss":0}],"is_beta":false,"boss_relics":[{"not_picked":["Black Star","White Beast Statue"],"picked":"Sozu"},{"not_picked":["Calling Bell","Tiny House"],"picked":"Orrery"}],"items_purged_floors":[2],"is_endless":false,"potions_floor_spawned":[1,12,16,22,30,35,36],"killed_by":"4 Shapes","ascension_level":19}