{"gold_per_floor":[117,137,147,164,9,42,42,67,146,146,86],"floor_reached":11,"playtime":325,"items_purged":[],"score":158,"play_id":"36540177-2400-47cf-907f-f35a40339a5c","local_time":"20190508223352","is_ascension_mode":true,"campfire_choices":[{"floor":7,"key":"REST"}],"neow_cost":"NONE","seed_source_timestamp":2436328365728114,"circlet_count":0,"master_deck":["AscendersBane","Strike_B","Strike_B","Defend_B","Defend_B","Defend_B","Zap","Dualcast","Leap+1","Doom and Gloom+1","Reboot+1","Reinforced Body","Doom and Gloom","Hologram","Electrodynamics","Buffer+1","Ball Lightning"],"relics":["Astrolabe","Ancient Tea Set","Dead Branch","Gremlin Horn"],"potions_floor_usage":[],"damage_taken":[{"damage":0,"enemies":"Small Slimes","floor":1,"turns":3},{"damage":0,"enemies":"Cultist","floor":2,"turns":3},{"damage":0,"enemies":"Jaw Worm","floor":3,"turns":3},{"damage":5,"enemies":"Large Slime","floor":4,"turns":3},{"damage":34,"enemies":"Lagavulin","floor":6,"turns":7},{"damage":43,"enemies":"Gremlin Nob","floor":8,"turns":5},{"damage":14,"enemies":"Exordium Thugs","floor":11,"turns":3}],"seed_played":"-7626983394432619639","potions_obtained":[{"floor":1,"key":"EssenceOfSteel"},{"floor":2,"key":"LiquidBronze"},{"floor":3,"key":"LiquidBronze"}],"is_trial":false,"path_per_floor":["M","M","M","M","$","E","R","E","T","?","M"],"character_chosen":"DEFECT","items_purchased":["Electrodynamics"],"campfire_rested":1,"item_purchase_floors":[5],"current_hp_per_floor":[64,64,64,59,59,25,46,3,3,3,0],"gold":86,"neow_bonus":"BOSS_RELIC","is_prod":false,"is_daily":false,"chose_seed":false,"campfire_upgraded":0,"win_rate":0,"timestamp":1557369232,"path_taken":["M","M","M","M","$","E","R","E","T","?","?"],"build_version":"2019-01-23","purchased_purges":0,"victory":false,"max_hp_per_floor":[71,71,71,71,71,71,71,71,71,71,71],"card_choices":[{"not_picked":["Stack","Gash"],"picked":"Reinforced Body","floor":1},{"not_picked":["Stack","Streamline"],"picked":"Doom and Gloom","floor":2},{"not_picked":["Gash","Go for the Eyes"],"picked":"Hologram","floor":3},{"not_picked":["Hologram","Stack","Rebound"],"picked":"SKIP","floor":4},{"not_picked":["Steam","Tempest"],"picked":"Buffer","floor":6},{"not_picked":["Cold Snap","Gash"],"picked":"Ball Lightning","floor":8}],"player_experience":345837,"relics_obtained":[{"floor":6,"key":"Ancient Tea Set"},{"floor":8,"key":"Dead Branch"},{"floor":9,"key":"Gremlin Horn"}],"event_choices":[{"damage_healed":0,"gold_gain":0,"player_choice":"Upgraded","damage_taken":0,"max_hp_gain":0,"max_hp_loss":0,"event_name":"Upgrade Shrine","floor":10,"gold_loss":0,"cards_upgraded":["Buffer"]}],"is_beta":false,"boss_relics":[],"items_purged_floors":[],"is_endless":false,"potions_floor_spawned":[1,2,3],"killed_by":"Exordium Thugs","ascension_level":18}