{"gold_per_floor":[118,132,23,198,198,227,59,59,59,59,78,78,106,127,127,228,228,248,248,52,52,71,71,103,103,103,103,119,119,139,170,170,267,267,283,20,32,50,50,50,67,79,79,79,92,92],"floor_reached":46,"playtime":1926,"items_purged":["Doubt","Poisoned Stab"],"score":663,"play_id":"bd871b94-89d2-407c-beee-d3b3dac941e6","local_time":"20190215190233","is_ascension_mode":true,"campfire_choices":[{"data":"Well Laid Plans","floor":8,"key":"SMITH"},{"data":"Footwork","floor":12,"key":"SMITH"},{"floor":15,"key":"REST"},{"data":"Blade Dance","floor":23,"key":"SMITH"},{"data":"Bullet Time","floor":25,"key":"SMITH"},{"floor":27,"key":"REST"},{"floor":32,"key":"REST"},{"data":"After Image","floor":40,"key":"SMITH"}],"neow_cost":"NONE","seed_source_timestamp":790392679056508,"circlet_count":0,"master_deck":["Defend_G","Defend_G","Defend_G","Defend_G","Defend_G","Survivor","Neutralize+1","Well Laid Plans+1","Footwork+1","Endless Agony+1","Blind+1","Blade Dance+1","Blade Dance+1","Bite+1","Bite+1","Bite+1","Bite+1","Bite+1","Infinite Blades+1","Bullet Time+1","Deflect+1","After Image+1","Dodge and Roll+1","Finesse+1","Blur+1","Noxious Fumes+1","Skewer+1","Outmaneuver+1","Blur+1","Cloak And Dagger+1"],"relics":["Ring of the Serpent","NeowsBlessing","Shuriken","Darkstone Periapt","Molten Egg 2","Odd Mushroom","Sozu","Lantern","Enchiridion","Vajra","Toxic Egg 2","Happy Flower","Ginger","Kunai"],"potions_floor_usage":[14,16,18],"damage_taken":[{"damage":0,"enemies":"2 Louse","floor":1,"turns":1},{"damage":0,"enemies":"Small Slimes","floor":2,"turns":1},{"damage":0,"enemies":"Gremlin Nob","floor":6,"turns":1},{"damage":0,"enemies":"Jaw Worm","floor":11,"turns":3},{"damage":25,"enemies":"3 Sentries","floor":13,"turns":8},{"damage":9,"enemies":"The Mushroom Lair","floor":14,"turns":3},{"damage":19,"enemies":"Slime Boss","floor":16,"turns":8},{"damage":4,"enemies":"3 Byrds","floor":18,"turns":7},{"damage":14,"enemies":"Spheric Guardian","floor":22,"turns":4},{"damage":28,"enemies":"Book of Stabbing","floor":24,"turns":5},{"damage":18,"enemies":"Snake Plant","floor":28,"turns":5},{"damage":0,"enemies":"Chosen and Byrds","floor":30,"turns":3},{"damage":19,"enemies":"Gremlin Leader","floor":31,"turns":5},{"damage":36,"enemies":"Collector","floor":33,"turns":8},{"damage":35,"enemies":"3 Shapes","floor":35,"turns":3},{"damage":0,"enemies":"Orb Walker","floor":37,"turns":4},{"damage":14,"enemies":"4 Shapes","floor":38,"turns":6},{"damage":0,"enemies":"Maw","floor":41,"turns":6},{"damage":21,"enemies":"Jaw Worm Horde","floor":42,"turns":4},{"damage":0,"enemies":"Sphere and 2 Shapes","floor":45,"turns":5},{"damage":52,"enemies":"Reptomancer","floor":46,"turns":2}],"seed_played":"5077396535124568988","potions_obtained":[{"floor":1,"key":"Block Potion"},{"floor":6,"key":"SkillPotion"},{"floor":11,"key":"Explosive Potion"},{"floor":14,"key":"Weak Potion"}],"is_trial":false,"path_per_floor":["M","M","$","?","?","E","$","R","T","$","M","R","E","?","R","B",null,"M","?","$","?","M","R","E","R","T","R","M","?","M","E","R","B",null,"M","$","M","M","?","R","M","M","T","?","M","E"],"character_chosen":"THE_SILENT","items_purchased":["Footwork","Endless Agony","Blind","Lantern","Dagger Spray+1","Finesse+1","Blur+1"],"campfire_rested":3,"item_purchase_floors":[3,3,7,20,20,36,36],"current_hp_per_floor":[63,63,63,63,49,49,49,49,49,49,49,49,24,15,36,17,57,53,49,49,33,31,31,24,24,24,38,35,35,49,36,49,21,42,16,16,31,35,35,35,49,34,34,34,49,0],"gold":92,"neow_bonus":"THREE_ENEMY_KILL","is_prod":false,"is_daily":false,"chose_seed":false,"campfire_upgraded":5,"win_rate":0,"timestamp":1550275353,"path_taken":["M","M","$","?","?","E","$","R","T","?","M","R","E","?","R","BOSS","M","?","$","?","M","R","E","R","T","R","M","?","?","E","R","BOSS","M","$","M","M","?","R","?","M","T","?","M","E"],"build_version":"2019-01-23","purchased_purges":2,"victory":false,"max_hp_per_floor":[70,70,70,70,70,70,70,70,70,70,70,70,70,70,70,70,70,70,49,49,49,49,49,49,49,49,49,49,49,49,49,49,49,49,49,49,49,49,49,49,49,49,49,49,49,49],"card_choices":[{"not_picked":["Prepared","Flying Knee"],"picked":"Well Laid Plans","floor":1},{"not_picked":["Outmaneuver","Caltrops"],"picked":"Poisoned Stab","floor":2},{"not_picked":["Concentrate","Flechettes","Dodge and Roll"],"picked":"SKIP","floor":6},{"not_picked":["Quick Slash","Predator","Backflip"],"picked":"SKIP","floor":11},{"not_picked":["Sucker Punch","PiercingWail","Terror"],"picked":"SKIP","floor":13},{"not_picked":["Dodge and Roll","Dagger Spray+1"],"picked":"Blade Dance","floor":14},{"not_picked":["Sucker Punch+1","Deadly Poison"],"picked":"Blade Dance+1","floor":18},{"not_picked":["Bane+1","Deadly Poison"],"picked":"Infinite Blades+1","floor":22},{"not_picked":["Dodge and Roll","Eviscerate+1"],"picked":"Bullet Time","floor":24},{"not_picked":["Dagger Spray+1","Bane+1","Flying Knee+1"],"picked":"SKIP","floor":28},{"not_picked":["Bane+1","Dagger Throw+1","Prepared+1"],"picked":"SKIP","floor":30},{"not_picked":["PiercingWail+1","Corpse Explosion+1"],"picked":"Deflect+1","floor":31},{"not_picked":["A Thousand Cuts","Grand Finale+1"],"picked":"After Image","floor":33},{"not_picked":["Acrobatics+1","Poisoned Stab+1"],"picked":"Dodge and Roll+1","floor":35},{"not_picked":["Accuracy","Dagger Throw+1"],"picked":"Noxious Fumes+1","floor":37},{"not_picked":["Dodge and Roll+1","Riddle With Holes+1"],"picked":"Skewer+1","floor":38},{"not_picked":["Bane+1","Flying Knee+1"],"picked":"Outmaneuver+1","floor":41},{"not_picked":["Endless Agony+1","Choke+1"],"picked":"Blur+1","floor":42},{"not_picked":["Deadly Poison+1","Outmaneuver+1"],"picked":"Cloak And Dagger+1","floor":45}],"player_experience":82315,"relics_obtained":[{"floor":6,"key":"Shuriken"},{"floor":9,"key":"Darkstone Periapt"},{"floor":13,"key":"Molten Egg 2"},{"floor":14,"key":"Odd Mushroom"},{"floor":21,"key":"Enchiridion"},{"floor":24,"key":"Vajra"},{"floor":26,"key":"Toxic Egg 2"},{"floor":31,"key":"Happy Flower"},{"floor":39,"key":"Ginger"},{"floor":43,"key":"Kunai"}],"event_choices":[{"damage_healed":0,"gold_gain":175,"player_choice":"AGREE","damage_taken":0,"max_hp_gain":0,"max_hp_loss":0,"event_name":"Liars Game","floor":4,"gold_loss":0,"cards_obtained":["Doubt"]},{"damage_healed":0,"gold_gain":0,"player_choice":"Entered Light","damage_taken":14,"max_hp_gain":0,"max_hp_loss":0,"event_name":"Shining Light","floor":5,"gold_loss":0,"cards_upgraded":["Endless Agony","Neutralize"]},{"damage_healed":0,"gold_gain":0,"player_choice":"Fought Mushrooms","damage_taken":0,"max_hp_gain":0,"max_hp_loss":0,"event_name":"Mushrooms","floor":14,"gold_loss":0},{"damage_healed":0,"gold_gain":0,"player_choice":"Became a vampire","damage_taken":0,"max_hp_gain":0,"max_hp_loss":21,"event_name":"Vampires","floor":19,"gold_loss":0,"cards_obtained":["Bite","Bite","Bite","Bite","Bite"]},{"damage_healed":0,"gold_gain":0,"player_choice":"Obtained Book","damage_taken":16,"max_hp_gain":0,"max_hp_loss":0,"event_name":"Cursed Tome","floor":21,"gold_loss":0},{"damage_healed":0,"gold_gain":0,"player_choice":"Forge","damage_taken":0,"max_hp_gain":0,"max_hp_loss":0,"event_name":"Accursed Blacksmith","floor":29,"gold_loss":0,"cards_upgraded":["Blind"]},{"damage_healed":0,"gold_gain":0,"player_choice":"Relic","damage_taken":0,"max_hp_gain":0,"max_hp_loss":0,"event_name":"Wheel of Change","floor":39,"gold_loss":0},{"cards_removed":["Dagger Spray"],"damage_healed":0,"gold_gain":0,"player_choice":"Removed Attack","damage_taken":0,"max_hp_gain":0,"max_hp_loss":0,"event_name":"Falling","floor":44,"gold_loss":0}],"is_beta":false,"boss_relics":[{"not_picked":["Runic Dome","Snecko Eye"],"picked":"Sozu"},{"not_picked":["Orrery","WristBlade"],"picked":"Ring of the Serpent"}],"items_purged_floors":[7,36],"is_endless":false,"potions_floor_spawned":[1,6,11,14,18,28,35,42],"killed_by":"Reptomancer","ascension_level":6}