{"gold_per_floor":[113,288,10,23,23,23,35,47,47,32,44,44,44,77,77,182,182,192,203,29,29,43,62,78,78,105,124,144,144,162,182,182,279,279,292,308,318,42,42,89,101,131,155,155,155,173,189,204,204,204],"floor_reached":51,"playtime":6739,"items_purged":["Doubt","Strike_B","Zap"],"score":792,"play_id":"ddc74493-2488-46b2-b358-e99d707a29e8","local_time":"20190826224336","is_ascension_mode":false,"campfire_choices":[{"data":"Loop","floor":6,"key":"SMITH"},{"floor":12,"key":"REST"},{"floor":15,"key":"REST"},{"floor":25,"key":"REST"},{"floor":29,"key":"REST"},{"data":"Machine Learning","floor":32,"key":"SMITH"},{"floor":44,"key":"REST"},{"floor":49,"key":"REST"}],"neow_cost":"NONE","seed_source_timestamp":260541323070282,"circlet_count":0,"master_deck":["Strike_B","Strike_B+1","Strike_B","Defend_B+1","Defend_B","Defend_B","Defend_B","Dualcast","Skim","Conserve Battery+1","Cold Snap","Redo","Coolheaded","Blizzard","Cold Snap","Coolheaded","Loop+1","Sweeping Beam","Rebound","Streamline","Leap","Conserve Battery","Conserve Battery","Steam","Machine Learning+1","Defragment+1","Steam Power+1","Stack+1","Cold Snap","Steam","Chill+1","Hologram","Capacitor","Chill+1","Leap+1","Compile Driver","Echo Form","Force Field","Conserve Battery","Streamline+1","Defragment","Rip and Tear","Magnetism","Good Instincts","Apotheosis","Cold Snap+1","Undo+1","Streamline+1","Doubt","Parasite","Streamline+1","Melter+1","Sweeping Beam+1"],"relics":["Orrery","MawBank","Question Card","Busted Crown","Oddly Smooth Stone","Black Star","Lantern","Molten Egg 2","Bag of Preparation","War Paint","Juzu Bracelet"],"potions_floor_usage":[14,14,18,24,30,36,40,40,50],"damage_taken":[{"damage":1,"enemies":"Jaw Worm","floor":1,"turns":6},{"damage":3,"enemies":"2 Louse","floor":4,"turns":3},{"damage":6,"enemies":"Small Slimes","floor":7,"turns":5},{"damage":15,"enemies":"Exordium Wildlife","floor":8,"turns":8},{"damage":3,"enemies":"Looter","floor":11,"turns":4},{"damage":15,"enemies":"Lagavulin","floor":14,"turns":9},{"damage":19,"enemies":"Slime Boss","floor":16,"turns":12},{"damage":11,"enemies":"Chosen","floor":18,"turns":6},{"damage":10,"enemies":"3 Byrds","floor":19,"turns":8},{"damage":7,"enemies":"Snecko","floor":22,"turns":10},{"damage":17,"enemies":"Snake Plant","floor":23,"turns":9},{"damage":0,"enemies":"Centurion and Healer","floor":24,"turns":11},{"damage":7,"enemies":"Shelled Parasite and Fungi","floor":27,"turns":9},{"damage":0,"enemies":"Cultist and Chosen","floor":28,"turns":10},{"damage":0,"enemies":"Snake Plant","floor":30,"turns":8},{"damage":0,"enemies":"Centurion and Healer","floor":31,"turns":10},{"damage":9,"enemies":"Champ","floor":33,"turns":25},{"damage":1,"enemies":"Orb Walker","floor":35,"turns":7},{"damage":4,"enemies":"3 Darklings","floor":36,"turns":8},{"damage":24,"enemies":"Spire Growth","floor":37,"turns":10},{"damage":25,"enemies":"Reptomancer","floor":40,"turns":8},{"damage":8,"enemies":"Jaw Worm Horde","floor":41,"turns":5},{"damage":8,"enemies":"Giant Head","floor":42,"turns":13},{"damage":0,"enemies":"Writhing Mass","floor":46,"turns":8},{"damage":50,"enemies":"Transient","floor":47,"turns":5},{"damage":5,"enemies":"Sphere and 2 Shapes","floor":48,"turns":9},{"damage":39,"enemies":"Time Eater","floor":50,"turns":20}],"seed_played":"5933586128842461964","potions_obtained":[{"floor":7,"key":"FearPotion"},{"floor":8,"key":"Ancient Potion"},{"floor":16,"key":"FearPotion"},{"floor":23,"key":"Explosive Potion"},{"floor":24,"key":"SpeedPotion"},{"floor":28,"key":"SkillPotion"},{"floor":30,"key":"FairyPotion"},{"floor":35,"key":"Regen Potion"},{"floor":36,"key":"LiquidBronze"},{"floor":42,"key":"SpeedPotion"},{"floor":48,"key":"Swift Potion"}],"is_trial":false,"path_per_floor":["M","?","$","M","?","R","M","M","T","$","M","R","$","E","R","B",null,"M","M","$","?","M","M","M","R","T","M","M","R","M","M","R","B",null,"M","M","M","$","?","E","M","E","T","R","?","M","M","M","R","B",null],"character_chosen":"DEFECT","items_purchased":["Cold Snap","Coolheaded","Loop","Sweeping Beam","Conserve Battery","Stack","Cold Snap","Defragment","Rip and Tear"],"campfire_rested":6,"item_purchase_floors":[3,3,3,3,10,20,20,38,38],"current_hp_per_floor":[74,74,74,71,56,56,50,35,35,35,32,54,54,39,61,42,75,64,54,54,54,47,30,30,52,52,45,45,67,67,67,67,58,75,74,70,46,46,36,26,18,10,10,32,75,75,25,20,42,3],"gold":204,"neow_bonus":"BOSS_RELIC","is_prod":false,"is_daily":false,"chose_seed":false,"campfire_upgraded":2,"win_rate":0.0,"timestamp":1566852216,"path_taken":["M","?","$","M","?","R","M","M","T","?","M","R","$","E","R","BOSS","M","M","$","?","M","M","M","R","T","M","M","R","M","M","R","BOSS","M","M","M","$","?","E","M","E","T","R","?","M","M","M","R","BOSS"],"build_version":"2019-06-28","purchased_purges":3,"victory":true,"max_hp_per_floor":[75,75,75,75,75,75,75,75,75,75,75,75,75,75,75,75,75,75,75,75,75,75,75,75,75,75,75,75,75,75,75,75,75,75,75,75,75,75,75,75,75,75,75,75,75,75,75,75,75,75],"card_choices":[{"not_picked":["Steam","Glacier"],"picked":"Skim","floor":0},{"not_picked":["Loop","Steam"],"picked":"Conserve Battery","floor":0},{"not_picked":["Redo","Multi-Cast"],"picked":"Cold Snap","floor":0},{"not_picked":["Go for the Eyes","Ball Lightning"],"picked":"Redo","floor":0},{"not_picked":["Recycle","Heatsinks"],"picked":"Coolheaded","floor":0},{"not_picked":["FTL","Hologram"],"picked":"Blizzard","floor":1},{"not_picked":["Ball Lightning","Doom and Gloom"],"picked":"Rebound","floor":4},{"not_picked":["Biased Cognition","Go for the Eyes"],"picked":"Streamline","floor":7},{"not_picked":["Beam Cell","Turbo"],"picked":"Leap","floor":8},{"not_picked":["Turbo","Aggregate"],"picked":"Conserve Battery","floor":11},{"not_picked":["Force Field","Chaos"],"picked":"Steam","floor":14},{"not_picked":["Thunder Strike","Buffer","Hyperbeam"],"picked":"Machine Learning","floor":16},{"not_picked":["Coolheaded+1"],"picked":"Defragment+1","floor":18},{"not_picked":["Turbo"],"picked":"Steam Power+1","floor":19},{"not_picked":["Go for the Eyes"],"picked":"Steam","floor":22},{"not_picked":["Ball Lightning+1"],"picked":"Chill+1","floor":23},{"not_picked":["Steam"],"picked":"Hologram","floor":24},{"not_picked":["Static Discharge"],"picked":"Capacitor","floor":27},{"not_picked":["Heatsinks+1"],"picked":"Chill+1","floor":28},{"not_picked":["Auto Shields+1"],"picked":"Leap+1","floor":30},{"not_picked":["Genetic Algorithm"],"picked":"Compile Driver","floor":31},{"not_picked":["Reboot"],"picked":"Echo Form","floor":33},{"not_picked":["Coolheaded"],"picked":"Force Field","floor":35},{"not_picked":["Tempest"],"picked":"Conserve Battery","floor":36},{"not_picked":["Fusion+1"],"picked":"Streamline+1","floor":37},{"not_picked":["Forethought"],"picked":"Magnetism","floor":39},{"not_picked":["PanicButton"],"picked":"Good Instincts","floor":39},{"not_picked":["Dark Shackles"],"picked":"Apotheosis","floor":39},{"not_picked":["Double Energy"],"picked":"Cold Snap","floor":40},{"not_picked":["Static Discharge"],"picked":"Undo+1","floor":41},{"not_picked":["Hologram+1"],"picked":"Streamline+1","floor":42},{"not_picked":["Go for the Eyes+1"],"picked":"Streamline+1","floor":46},{"not_picked":["Coolheaded"],"picked":"Melter+1","floor":47},{"not_picked":["Scrape+1"],"picked":"Sweeping Beam+1","floor":48}],"player_experience":74634,"relics_obtained":[{"floor":9,"key":"MawBank"},{"floor":14,"key":"Question Card"},{"floor":26,"key":"Oddly Smooth Stone"},{"floor":40,"key":"Lantern"},{"floor":40,"key":"Molten Egg 2"},{"floor":42,"key":"Bag of Preparation"},{"floor":42,"key":"War Paint"},{"floor":43,"key":"Juzu Bracelet"}],"event_choices":[{"damage_healed":0,"gold_gain":175,"player_choice":"AGREE","damage_taken":0,"max_hp_gain":0,"max_hp_loss":0,"event_name":"Liars Game","floor":2,"gold_loss":0,"cards_obtained":["Doubt"]},{"damage_healed":0,"gold_gain":0,"player_choice":"Entered Light","damage_taken":15,"max_hp_gain":0,"max_hp_loss":0,"event_name":"Shining Light","floor":5,"gold_loss":0,"cards_upgraded":["Strike_B","Defend_B"]},{"damage_healed":0,"gold_gain":0,"player_choice":"Ignored","damage_taken":0,"max_hp_gain":0,"max_hp_loss":0,"event_name":"Ghosts","floor":21,"gold_loss":0},{"damage_healed":0,"gold_gain":0,"player_choice":"Memory 3","damage_taken":10,"max_hp_gain":0,"max_hp_loss":0,"event_name":"SensoryStone","floor":39,"gold_loss":0},{"damage_healed":43,"gold_gain":0,"player_choice":"Heal","damage_taken":0,"max_hp_gain":0,"max_hp_loss":0,"event_name":"MindBloom","floor":45,"gold_loss":0,"cards_obtained":["Doubt"]}],"is_beta":true,"boss_relics":[{"not_picked":["Ectoplasm","White Beast Statue"],"picked":"Busted Crown"},{"not_picked":["Sozu","Velvet Choker"],"picked":"Black Star"}],"items_purged_floors":[3,20,38],"is_endless":false,"potions_floor_spawned":[7,8,16,23,24,28,30,35,36,42,48],"ascension_level":0}