{"gold_per_floor":[109,123,134,134,209,209,225,225,251,92,92,102,102,102,102,175,175,146,159,159],"floor_reached":20,"playtime":619,"items_purged":["Strike_B"],"score":328,"play_id":"e6f31b42-c399-423e-b3b1-6b80b60a9157","local_time":"20180913175311","is_ascension_mode":true,"campfire_choices":[{"data":"Consume","floor":6.0,"key":"SMITH"},{"data":"Loop","floor":8.0,"key":"SMITH"},{"data":"Defragment","floor":13.0,"key":"SMITH"},{"data":"Capacitor","floor":15.0,"key":"SMITH"}],"neow_cost":"","seed_source_timestamp":12664574785622,"circlet_count":0,"master_deck":["Defend_B","Defend_B","Defend_B","Defend_B","Zap+1","Dualcast","AscendersBane","Consume+1","Ball Lightning","Go for the Eyes","Loop+1","Capacitor+1","Defragment+1","Echo Form","Steam Power+1","Darkness+1","Ball Lightning+1","Force Field","Glacier"],"special_seed":0,"relics":["Cracked Core","Oddly Smooth Stone","Gremlin Horn","Astrolabe"],"potions_floor_usage":[],"damage_taken":[{"damage":1.0,"enemies":"2 Louse","floor":1.0,"turns":3.0},{"damage":1.0,"enemies":"Cultist","floor":2.0,"turns":3.0},{"damage":2.0,"enemies":"Jaw Worm","floor":3.0,"turns":3.0},{"damage":9.0,"enemies":"Blue Slaver","floor":7.0,"turns":3.0},{"damage":11.0,"enemies":"Large Slime","floor":12.0,"turns":4.0},{"damage":32.0,"enemies":"Slime Boss","floor":16.0,"turns":5.0},{"damage":23.0,"enemies":"2 Thieves","floor":18.0,"turns":4.0},{"damage":27.0,"enemies":"Shell Parasite","floor":19.0,"turns":6.0},{"damage":10,"enemies":"Colosseum Slavers","floor":20,"turns":1}],"seed_played":"-7763610364168714796","potions_obtained":[{"floor":1.0,"key":"GamblersBrew"},{"floor":12.0,"key":"Energy Potion"},{"floor":16.0,"key":"Ancient Potion"},{"floor":18.0,"key":"Swift Potion"}],"is_trial":false,"path_per_floor":["M","M","M","?","?","R","M","R","T","$","?","M","R","T","R","B",null,"M","M"],"character_chosen":"DEFECT","items_purchased":["Capacitor"],"campfire_rested":0,"item_purchase_floors":[10],"current_hp_per_floor":[63,62,60,65,54,54,45,45,45,45,45,34,34,34,34,2,58,35,8,0],"gold":159,"neow_bonus":"","is_prod":false,"is_daily":false,"chose_seed":false,"campfire_upgraded":4,"win_rate":0,"timestamp":1536886391,"path_taken":["M","M","M","?","?","R","M","R","T","$","?","M","R","?","R","BOSS","M","M","?"],"build_version":"2018-09-12","purchased_purges":1,"victory":false,"max_hp_per_floor":[71,71,71,76,76,76,76,76,76,76,76,76,76,76,76,76,76,76,76,76],"card_choices":[{"not_picked":["Undo","Doom and Gloom"],"picked":"Consume","floor":1.0},{"not_picked":["Steam","Beam Cell"],"picked":"Ball Lightning","floor":2.0},{"not_picked":["Rebound","Steam Power"],"picked":"Go for the Eyes","floor":3.0},{"not_picked":["Cold Snap","Ball Lightning"],"picked":"Loop","floor":7.0},{"not_picked":["Loop","Capacitor"],"picked":"Defragment","floor":12.0},{"not_picked":["Rainbow","Buffer"],"picked":"Echo Form","floor":16.0},{"not_picked":["Conserve Battery","FTL+1"],"picked":"Force Field","floor":18.0},{"not_picked":["Cold Snap","Barrage"],"picked":"Glacier","floor":19.0}],"player_experience":2334942,"relics_obtained":[{"floor":9.0,"key":"Oddly Smooth Stone"},{"floor":14.0,"key":"Gremlin Horn"}],"event_choices":[{"event_name":"Big Fish","player_choice":"Donut","floor":4.0,"damage_taken":0.0},{"event_name":"World of Goop","player_choice":"Gather Gold","floor":5.0,"damage_taken":0.0},{"event_name":"Living Wall","player_choice":"Grow","floor":11.0,"damage_taken":0.0},{"event_name":"Colosseum","player_choice":"Fight","floor":20,"damage_taken":0}],"is_beta":true,"boss_relics":[{"not_picked":["Eternal Feather","Empty Cage"],"picked":"Astrolabe"}],"items_purged_floors":[10],"is_endless":false,"potions_floor_spawned":[1,12,16,18],"killed_by":"Colosseum Slavers","ascension_level":20}