{"gold_per_floor":[118,134,15,32,32,32,107,107,131,146,17,17],"floor_reached":12,"playtime":202,"items_purged":["Strike_G"],"score":136,"play_id":"ad41a0e0-c2a1-4bb2-863a-38b435c71562","local_time":"20190707141011","is_ascension_mode":true,"campfire_choices":[{"data":"Noxious Fumes","floor":6,"key":"SMITH"},{"data":"Burst","floor":8,"key":"SMITH"}],"neow_cost":"NONE","seed_source_timestamp":216073178380078,"circlet_count":0,"master_deck":["AscendersBane","Strike_G","Strike_G","Strike_G","Strike_G","Defend_G","Defend_G","Defend_G","Defend_G","Defend_G","Survivor","Neutralize","Burst+1","Noxious Fumes+1","All Out Attack","Bandage Up","Flying Knee","Backstab","Escape Plan","Blade Dance"],"relics":["Ring of the Snake","Golden Idol","Omamori"],"potions_floor_usage":[10,10],"damage_taken":[{"damage":18,"enemies":"Cultist","floor":1,"turns":5},{"damage":0,"enemies":"2 Louse","floor":2,"turns":4},{"damage":8,"enemies":"Jaw Worm","floor":4,"turns":5},{"damage":0,"enemies":"Red Slaver","floor":10,"turns":1},{"damage":60,"enemies":"Gremlin Nob","floor":12,"turns":4}],"seed_played":"-8928741835074501580","potions_obtained":[{"floor":1,"key":"FearPotion"},{"floor":2,"key":"SteroidPotion"}],"is_trial":false,"path_per_floor":["M","M","$","M","?","R","?","R","T","M","$","E"],"character_chosen":"THE_SILENT","items_purchased":["Bandage Up","Flying Knee","Blade Dance"],"campfire_rested":0,"item_purchase_floors":[3,3,11],"current_hp_per_floor":[41,41,41,41,41,41,30,30,30,34,34,0],"gold":17,"neow_bonus":"ONE_RANDOM_RARE_CARD","is_prod":false,"is_daily":false,"chose_seed":false,"campfire_upgraded":2,"win_rate":0,"timestamp":1562523011,"path_taken":["M","M","$","?","?","R","?","R","T","M","$","E"],"build_version":"2019-07-05","purchased_purges":1,"victory":false,"max_hp_per_floor":[66,66,66,66,60,60,60,60,60,60,60,60],"card_choices":[{"not_picked":["Accuracy","Deflect"],"picked":"Noxious Fumes","floor":1},{"not_picked":["Acrobatics","Tactician"],"picked":"All Out Attack","floor":2},{"not_picked":["Acrobatics","Dagger Spray"],"picked":"Backstab","floor":4},{"not_picked":["Accuracy","Flying Knee"],"picked":"Escape Plan","floor":10}],"player_experience":515499,"relics_obtained":[{"floor":9,"key":"Omamori"}],"event_choices":[{"damage_healed":0,"gold_gain":0,"player_choice":"Lose Max HP","damage_taken":0,"relics_obtained":["Golden Idol"],"max_hp_gain":0,"max_hp_loss":6,"event_name":"Golden Idol","floor":5,"gold_loss":0},{"damage_healed":0,"gold_gain":75,"player_choice":"Gather Gold","damage_taken":11,"max_hp_gain":0,"max_hp_loss":0,"event_name":"World of Goop","floor":7,"gold_loss":0}],"is_beta":false,"boss_relics":[],"items_purged_floors":[11],"is_endless":false,"potions_floor_spawned":[1,2],"killed_by":"Gremlin Nob","ascension_level":20}