{"gold_per_floor":[16,16,35,53,53,79,79,107,153,153,172,188,188,199,199,199],"floor_reached":16,"playtime":546,"items_purged":[],"score":229,"play_id":"023b340d-0d90-4f35-9b1d-d324a21f7501","local_time":"20190316112956","is_ascension_mode":true,"campfire_choices":[{"data":"Feed","floor":7,"key":"SMITH"},{"floor":10,"key":"REST"},{"data":"Spot Weakness","floor":13,"key":"SMITH"},{"data":"Demon Form","floor":15,"key":"SMITH"}],"neow_cost":"NO_GOLD","seed_source_timestamp":236171142922402,"circlet_count":0,"master_deck":["AscendersBane","Strike_R","Strike_R","Strike_R","Strike_R+1","Strike_R","Defend_R","Defend_R","Defend_R","Defend_R","Bash","Feed+1","Warcry","Rampage+1","Flame Barrier","Shockwave","Shockwave","Spot Weakness+1","Demon Form+1"],"relics":["Burning Blood","Matryoshka","PreservedInsect","Whetstone","Centennial Puzzle"],"potions_floor_usage":[6,14,16,16],"damage_taken":[{"damage":2,"enemies":"Jaw Worm","floor":1,"turns":3},{"damage":8,"enemies":"Small Slimes","floor":3,"turns":6},{"damage":1,"enemies":"Cultist","floor":4,"turns":3},{"damage":40,"enemies":"3 Sentries","floor":6,"turns":9},{"damage":50,"enemies":"Lagavulin","floor":8,"turns":10},{"damage":4,"enemies":"Blue Slaver","floor":11,"turns":4},{"damage":17,"enemies":"Large Slime","floor":12,"turns":6},{"damage":14,"enemies":"Lots of Slimes","floor":14,"turns":3},{"damage":46,"enemies":"Slime Boss","floor":16,"turns":9}],"seed_played":"4060872731640119464","potions_obtained":[{"floor":4,"key":"LiquidBronze"},{"floor":8,"key":"Dexterity Potion"},{"floor":11,"key":"FearPotion"},{"floor":14,"key":"Swift Potion"}],"is_trial":false,"path_per_floor":["M","?","M","M","?","E","R","E","T","R","M","M","R","M","R","B"],"character_chosen":"IRONCLAD","items_purchased":[],"campfire_rested":1,"item_purchase_floors":[],"current_hp_per_floor":[79,79,80,88,93,62,62,22,22,52,58,51,51,47,47,1],"gold":199,"neow_bonus":"THREE_RARE_CARDS","is_prod":false,"is_daily":false,"chose_seed":false,"campfire_upgraded":3,"win_rate":0,"timestamp":1552750196,"path_taken":["M","?","M","M","?","E","R","E","T","R","M","M","R","M","R","BOSS"],"build_version":"2019-01-23","purchased_purges":0,"victory":false,"max_hp_per_floor":[83,83,86,89,94,97,97,101,101,101,105,109,109,113,113,113],"card_choices":[{"not_picked":["Offering","Juggernaut"],"picked":"Feed","floor":0},{"not_picked":["Heavy Blade","Fire Breathing"],"picked":"Warcry","floor":1},{"not_picked":["Body Slam","Infernal Blade"],"picked":"Rampage","floor":3},{"not_picked":["Pommel Strike","Anger"],"picked":"Flame Barrier","floor":4},{"not_picked":["Evolve","Twin Strike"],"picked":"Shockwave","floor":6},{"not_picked":["Fire Breathing","Hemokinesis"],"picked":"Shockwave","floor":8},{"not_picked":["Sword Boomerang","Bloodletting"],"picked":"Spot Weakness","floor":11},{"not_picked":["Iron Wave","Rupture","Warcry"],"picked":"SKIP","floor":12},{"not_picked":["Shrug It Off","Perfected Strike"],"picked":"Demon Form","floor":14}],"player_experience":191894,"relics_obtained":[{"floor":6,"key":"Matryoshka"},{"floor":8,"key":"PreservedInsect"},{"floor":9,"key":"Whetstone"},{"floor":9,"key":"Centennial Puzzle"}],"event_choices":[{"damage_healed":0,"gold_gain":0,"player_choice":"Leave","damage_taken":0,"max_hp_gain":0,"max_hp_loss":0,"event_name":"The Cleric","floor":2,"gold_loss":0},{"damage_healed":0,"gold_gain":0,"player_choice":"Donut","damage_taken":0,"max_hp_gain":5,"max_hp_loss":0,"event_name":"Big Fish","floor":5,"gold_loss":0}],"is_beta":false,"boss_relics":[],"items_purged_floors":[],"is_endless":false,"potions_floor_spawned":[4,8,11,14],"killed_by":"Slime Boss","ascension_level":12}