{"gold_per_floor":[19,19,19,19,19,48,61,61,61,61,91,91,17,31,31,159,159,178,178,478,491,14,57,57,57,106,106],"floor_reached":27,"playtime":1130,"items_purged":["Strike_R"],"score":281,"play_id":"8d56efc3-12c2-4935-a423-4d7f492cb0e4","local_time":"20190822202047","is_ascension_mode":true,"campfire_choices":[{"data":"Disarm","floor":8,"key":"SMITH"},{"data":"True Grit","floor":10,"key":"SMITH"},{"data":"Bash","floor":15,"key":"SMITH"},{"data":"Entrench","floor":24,"key":"SMITH"}],"neow_cost":"NO_GOLD","seed_source_timestamp":5581286593743,"circlet_count":0,"master_deck":["Strike_R","Strike_R+1","Defend_R","Defend_R+1","Defend_R","Defend_R","Bash+1","Reaper","True Grit+1","Shockwave","Disarm+1","Immolate","Burning Pact","Impervious","Seeing Red","Power Through","Evolve","Entrench+1","Headbutt"],"relics":["Burning Blood","Gremlin Horn","Omamori","Orichalcum","Matryoshka","Golden Idol","White Beast Statue","Nilry\u0027s Codex","Old Coin","Toy Ornithopter","Pen Nib","Blue Candle","Anchor"],"potions_floor_usage":[16,21,23,23,23,27],"damage_taken":[{"damage":6,"enemies":"Cultist","floor":1,"turns":4},{"damage":40,"enemies":"Gremlin Nob","floor":6,"turns":5},{"damage":0,"enemies":"2 Louse","floor":7,"turns":3},{"damage":0,"enemies":"Small Slimes","floor":14,"turns":2},{"damage":29,"enemies":"Hexaghost","floor":16,"turns":14},{"damage":34,"enemies":"Shell Parasite","floor":18,"turns":14},{"damage":11,"enemies":"3 Byrds","floor":21,"turns":4},{"damage":36,"enemies":"Gremlin Leader","floor":23,"turns":9},{"damage":60,"enemies":"Slavers","floor":27,"turns":7}],"seed_played":"-2155078420653214089","potions_obtained":[{"floor":6,"key":"BloodPotion"},{"floor":16,"key":"Dexterity Potion"},{"floor":18,"key":"Weak Potion"},{"floor":21,"key":"BloodPotion"},{"floor":23,"key":"Weak Potion"}],"is_trial":false,"path_per_floor":["M","T","?","?","$","E","M","R","T","R","?","?","$","M","R","B",null,"M","?","?","M","$","E","R","?","T","E"],"character_chosen":"IRONCLAD","items_purchased":["Immolate","Toy Ornithopter","Block Potion","Evolve","Entrench"],"campfire_rested":0,"item_purchase_floors":[13,22,22,22,22],"current_hp_per_floor":[80,80,73,57,57,29,43,43,43,43,43,23,23,37,37,40,70,42,26,26,30,30,41,41,41,41,0],"gold":106,"neow_bonus":"THREE_RARE_CARDS","is_prod":false,"is_daily":false,"chose_seed":false,"campfire_upgraded":4,"win_rate":0,"timestamp":1566472847,"path_taken":["M","?","?","?","?","E","M","R","T","R","?","?","$","?","R","BOSS","M","?","?","M","$","E","R","?","T","E"],"build_version":"2019-07-17","purchased_purges":1,"victory":false,"max_hp_per_floor":[80,80,80,80,80,80,80,80,80,80,80,80,80,80,80,80,80,80,80,80,80,80,80,80,80,80,80],"card_choices":[{"not_picked":["Berserk","Double Tap"],"picked":"Reaper","floor":0},{"not_picked":["Clash","Anger"],"picked":"True Grit","floor":1},{"not_picked":["Cleave","Combust"],"picked":"Shockwave","floor":6},{"not_picked":["Body Slam","Pommel Strike"],"picked":"Disarm","floor":7},{"not_picked":["Iron Wave","Twin Strike"],"picked":"Burning Pact","floor":14},{"not_picked":["Feed","Berserk"],"picked":"Impervious","floor":16},{"not_picked":["Clash","Havoc"],"picked":"Seeing Red","floor":18},{"not_picked":["Clothesline","True Grit"],"picked":"Power Through","floor":21},{"not_picked":["True Grit","Pummel+1"],"picked":"Headbutt","floor":23}],"player_experience":217323,"relics_obtained":[{"floor":2,"key":"Gremlin Horn"},{"floor":6,"key":"Omamori"},{"floor":9,"key":"Orichalcum"},{"floor":19,"key":"Nilry\u0027s Codex"},{"floor":23,"key":"Pen Nib"},{"floor":26,"key":"Blue Candle"},{"floor":26,"key":"Anchor"}],"event_choices":[{"cards_removed":["Strike_R"],"damage_healed":0,"gold_gain":0,"player_choice":"Card Removal","damage_taken":7,"max_hp_gain":0,"max_hp_loss":0,"event_name":"Golden Wing","floor":3,"gold_loss":0},{"damage_healed":0,"gold_gain":0,"player_choice":"Entered Light","damage_taken":16,"max_hp_gain":0,"max_hp_loss":0,"event_name":"Shining Light","floor":4,"gold_loss":0,"cards_upgraded":["Strike_R","Defend_R"]},{"damage_healed":0,"gold_gain":30,"player_choice":"Searched \u00273\u0027 times","damage_taken":0,"relics_obtained":["Matryoshka"],"max_hp_gain":0,"max_hp_loss":0,"event_name":"Dead Adventurer","floor":11,"gold_loss":0},{"damage_healed":0,"gold_gain":0,"player_choice":"Take Damage","damage_taken":20,"relics_obtained":["Golden Idol"],"max_hp_gain":0,"max_hp_loss":0,"event_name":"Golden Idol","floor":12,"gold_loss":0},{"damage_healed":0,"gold_gain":0,"player_choice":"Obtained Book","damage_taken":16,"max_hp_gain":0,"max_hp_loss":0,"event_name":"Cursed Tome","floor":19,"gold_loss":0},{"damage_healed":0,"gold_gain":0,"player_choice":"Opened","damage_taken":0,"relics_obtained":["Old Coin"],"max_hp_gain":0,"max_hp_loss":0,"event_name":"The Mausoleum","floor":20,"gold_loss":0,"cards_obtained":["Writhe"]},{"cards_removed":["Strike_R"],"damage_healed":0,"gold_gain":0,"player_choice":"Purged","damage_taken":0,"max_hp_gain":0,"max_hp_loss":0,"event_name":"Purifier","floor":25,"gold_loss":0}],"is_beta":false,"boss_relics":[{"not_picked":["Philosopher\u0027s Stone","Black Blood"],"picked":"White Beast Statue"}],"items_purged_floors":[22],"is_endless":false,"potions_floor_spawned":[6,16,18,21,23],"killed_by":"Slavers","ascension_level":5}