{"gold_per_floor":[114,114,114,124,124,154,154,166,166,3,18,18,18,18,18,90,140,160,160,105,105,105,105,105],"floor_reached":24,"playtime":397,"items_purged":[],"score":352,"play_id":"5f9927f8-ee8e-4931-bd1a-2a41daed0f05","local_time":"20190503091638","is_ascension_mode":true,"campfire_choices":[{"floor":7,"key":"REST"},{"data":"Rampage","floor":15,"key":"SMITH"},{"data":"Barricade","floor":23,"key":"SMITH"}],"neow_cost":"NONE","seed_source_timestamp":1956367793752922,"circlet_count":0,"master_deck":["AscendersBane","Strike_R","Strike_R+1","Strike_R","Strike_R","Defend_R","Defend_R+1","Defend_R","Defend_R","Bash+1","Dual Wield","Thunderclap","Twin Strike","True Grit","Rampage+1","Immolate","Perfected Strike","Barricade+1","Perfected Strike","RitualDagger"],"relics":["Burning Blood","Dream Catcher","Ginger","Letter Opener","Regal Pillow","Tiny House","Dodecahedron"],"potions_floor_usage":[6,11,16,18],"damage_taken":[{"damage":7,"enemies":"Small Slimes","floor":1,"turns":4},{"damage":1,"enemies":"Cultist","floor":4,"turns":4},{"damage":38,"enemies":"Gremlin Nob","floor":6,"turns":5},{"damage":4,"enemies":"Jaw Worm","floor":8,"turns":5},{"damage":0,"enemies":"3 Louse","floor":11,"turns":3},{"damage":28,"enemies":"The Guardian","floor":16,"turns":8},{"damage":17,"enemies":"Chosen","floor":18,"turns":4},{"damage":56,"enemies":"Gremlin Leader","floor":24,"turns":4}],"seed_played":"6715169642470768635","potions_obtained":[{"floor":4,"key":"Energy Potion"},{"floor":5,"key":"Block Potion"},{"floor":5,"key":"FearPotion"},{"floor":11,"key":"PowerPotion"},{"floor":17,"key":"AttackPotion"}],"is_trial":false,"path_per_floor":["M","?","?","M","?","E","R","M","T","$","M","?","?","$","R","B",null,"M","?","$","?","T","R","E"],"character_chosen":"IRONCLAD","items_purchased":["Regal Pillow","Perfected Strike"],"campfire_rested":1,"item_purchase_floors":[10,20],"current_hp_per_floor":[67,60,37,42,42,10,32,34,34,34,40,40,65,65,65,43,72,61,61,61,55,55,55,0],"gold":105,"neow_bonus":"RANDOM_COMMON_RELIC","is_prod":false,"is_daily":false,"chose_seed":false,"campfire_upgraded":2,"win_rate":0,"timestamp":1556889398,"path_taken":["M","?","?","M","?","E","R","M","T","$","?","?","?","?","R","BOSS","M","?","$","?","?","R","E"],"build_version":"2019-01-23","purchased_purges":0,"victory":false,"max_hp_per_floor":[75,75,75,75,75,75,75,75,75,75,75,75,75,75,75,75,80,80,80,80,80,80,80,80],"card_choices":[{"not_picked":["Cleave","Clash"],"picked":"Dual Wield","floor":1},{"not_picked":["Havoc","Wild Strike"],"picked":"Thunderclap","floor":4},{"not_picked":["Headbutt","Metallicize"],"picked":"Twin Strike","floor":6},{"not_picked":["Metallicize","Searing Blow"],"picked":"True Grit","floor":7},{"not_picked":["Armaments","Blood for Blood"],"picked":"Rampage","floor":8},{"not_picked":["Hemokinesis","Warcry","True Grit"],"picked":"SKIP","floor":11},{"not_picked":["Bludgeon","Brutality"],"picked":"Immolate","floor":16},{"not_picked":["True Grit","Metallicize"],"picked":"Perfected Strike","floor":17},{"not_picked":["Cleave","Havoc","Seeing Red"],"picked":"SKIP","floor":18}],"player_experience":324177,"relics_obtained":[{"floor":6,"key":"Ginger"},{"floor":9,"key":"Letter Opener"},{"floor":22,"key":"Dodecahedron"}],"event_choices":[{"cards_removed":["Strike_R"],"damage_healed":0,"gold_gain":0,"player_choice":"Card Removal","damage_taken":7,"max_hp_gain":0,"max_hp_loss":0,"event_name":"Golden Wing","floor":2,"gold_loss":0},{"damage_healed":0,"gold_gain":0,"player_choice":"Entered Light","damage_taken":23,"max_hp_gain":0,"max_hp_loss":0,"event_name":"Shining Light","floor":3,"gold_loss":0,"cards_upgraded":["Strike_R","Defend_R"]},{"damage_healed":0,"gold_gain":0,"player_choice":"Got Potions","damage_taken":0,"max_hp_gain":0,"max_hp_loss":0,"event_name":"Lab","floor":5,"gold_loss":0},{"damage_healed":0,"gold_gain":0,"player_choice":"Leave","damage_taken":0,"max_hp_gain":0,"max_hp_loss":0,"event_name":"The Cleric","floor":12,"gold_loss":0},{"damage_healed":25,"gold_gain":0,"player_choice":"Banana","damage_taken":0,"max_hp_gain":0,"max_hp_loss":0,"event_name":"Big Fish","floor":13,"gold_loss":0},{"damage_healed":0,"gold_gain":0,"player_choice":"Read","damage_taken":0,"max_hp_gain":0,"max_hp_loss":0,"event_name":"The Library","floor":19,"gold_loss":0,"cards_obtained":["Barricade"]},{"damage_healed":0,"gold_gain":0,"player_choice":"Joined the Cult","damage_taken":6,"max_hp_gain":0,"max_hp_loss":0,"event_name":"Nest","floor":21,"gold_loss":0,"cards_obtained":["RitualDagger"]}],"is_beta":false,"boss_relics":[{"not_picked":["Ectoplasm","Fusion Hammer"],"picked":"Tiny House"}],"items_purged_floors":[],"is_endless":false,"potions_floor_spawned":[4,11],"killed_by":"Gremlin Leader","ascension_level":17}