{"gold_per_floor":[360,372,65,65,65,93,93,116,163,187,207,207,7,22,22,126,126,140,415,425,5,22,22,36,36],"floor_reached":25,"playtime":635,"items_purged":["Regret"],"score":312,"play_id":"fc14a212-900a-4f5b-915e-d23d50d785ff","local_time":"20190312133655","is_ascension_mode":true,"campfire_choices":[{"data":"Defragment","floor":7,"key":"SMITH"},{"data":"Defragment","floor":12,"key":"SMITH"},{"floor":15,"key":"REST"},{"floor":23,"key":"REST"}],"neow_cost":"CURSE","seed_source_timestamp":1844739479030500,"circlet_count":0,"master_deck":["AscendersBane","Strike_B","Strike_B","Strike_B","Defend_B","Defend_B","Defend_B","Defend_B","Zap","Dualcast+1","Defragment+1","Blind","Conserve Battery+1","FTL","Defragment+1","Biased Cognition","Gash+1","Regret","Lockon+1","Self Repair","Ball Lightning"],"relics":["Cracked Core","Anchor","Strawberry","DataDisk","Potion Belt","Odd Mushroom","War Paint","White Beast Statue","Lantern","Runic Capacitor"],"potions_floor_usage":[16,16,18,22,24,25,25],"damage_taken":[{"damage":5,"enemies":"Cultist","floor":1,"turns":4},{"damage":20,"enemies":"Small Slimes","floor":2,"turns":4},{"damage":17,"enemies":"Lagavulin","floor":6,"turns":8},{"damage":12,"enemies":"The Mushroom Lair","floor":10,"turns":5},{"damage":0,"enemies":"Jaw Worm","floor":11,"turns":3},{"damage":0,"enemies":"2 Fungi Beasts","floor":14,"turns":3},{"damage":35,"enemies":"Slime Boss","floor":16,"turns":7},{"damage":23,"enemies":"3 Byrds","floor":18,"turns":5},{"damage":6,"enemies":"Chosen","floor":20,"turns":4},{"damage":43,"enemies":"Snake Plant","floor":22,"turns":5},{"damage":22,"enemies":"Snecko","floor":24,"turns":6},{"damage":21,"enemies":"Slavers","floor":25,"turns":2}],"seed_played":"-598909202684481334","potions_obtained":[{"floor":11,"key":"Weak Potion"},{"floor":14,"key":"SteroidPotion"},{"floor":18,"key":"Regen Potion"},{"floor":20,"key":"Ancient Potion"},{"floor":22,"key":"LiquidBronze"},{"floor":24,"key":"Explosive Potion"}],"is_trial":false,"path_per_floor":["M","M","$","?","?","E","R","T","T","?","M","R","$","M","R","B",null,"M","?","M","$","M","R","M","E"],"character_chosen":"DEFECT","items_purchased":["Anchor","Blind","War Paint","SkillPotion","Self Repair","Lantern","Runic Capacitor"],"campfire_rested":2,"item_purchase_floors":[3,3,13,13,21,21,21],"current_hp_per_floor":[63,43,43,43,36,26,26,26,26,14,14,14,14,14,38,3,62,39,39,33,33,11,35,20,0],"gold":36,"neow_bonus":"TWO_FIFTY_GOLD","is_prod":false,"is_daily":false,"chose_seed":false,"campfire_upgraded":2,"win_rate":0,"timestamp":1552412215,"path_taken":["M","M","$","?","?","E","R","?","T","?","M","R","$","M","R","BOSS","M","?","M","$","M","R","M","E"],"build_version":"2019-01-23","purchased_purges":1,"victory":false,"max_hp_per_floor":[75,75,75,75,75,82,82,82,82,82,82,82,82,82,82,82,82,82,82,82,82,82,82,82,82],"card_choices":[{"not_picked":["Beam Cell","Undo"],"picked":"Defragment","floor":1},{"not_picked":["Beam Cell","Rebound","Turbo"],"picked":"SKIP","floor":2},{"not_picked":["Hologram","Turbo"],"picked":"Conserve Battery","floor":6},{"not_picked":["Go for the Eyes","Hologram"],"picked":"FTL","floor":10},{"not_picked":["Hologram","Steam"],"picked":"Defragment","floor":11},{"not_picked":["Sweeping Beam","Undo","Rebound"],"picked":"SKIP","floor":14},{"not_picked":["Meteor Strike","Multi-Cast"],"picked":"Biased Cognition","floor":16},{"not_picked":["Heatsinks+1","Hologram"],"picked":"Gash+1","floor":18},{"not_picked":["Reinforced Body","Redo+1"],"picked":"Lockon+1","floor":20},{"not_picked":["Skim","Go for the Eyes","Turbo"],"picked":"SKIP","floor":22},{"not_picked":["Hello World","Sweeping Beam"],"picked":"Ball Lightning","floor":24}],"player_experience":185787,"relics_obtained":[{"floor":6,"key":"Strawberry"},{"floor":8,"key":"DataDisk"},{"floor":9,"key":"Potion Belt"},{"floor":10,"key":"Odd Mushroom"}],"event_choices":[{"damage_healed":0,"gold_gain":0,"player_choice":"Ignored","damage_taken":0,"max_hp_gain":0,"max_hp_loss":0,"event_name":"Liars Game","floor":4,"gold_loss":0},{"cards_removed":["Strike_B"],"damage_healed":0,"gold_gain":0,"player_choice":"Card Removal","damage_taken":7,"max_hp_gain":0,"max_hp_loss":0,"event_name":"Golden Wing","floor":5,"gold_loss":0},{"damage_healed":0,"gold_gain":0,"player_choice":"Fought Mushrooms","damage_taken":0,"max_hp_gain":0,"max_hp_loss":0,"event_name":"Mushrooms","floor":10,"gold_loss":0},{"damage_healed":0,"gold_gain":275,"player_choice":"Desecrate","damage_taken":0,"max_hp_gain":0,"max_hp_loss":0,"event_name":"Golden Shrine","floor":19,"gold_loss":0,"cards_obtained":["Regret"]}],"is_beta":false,"boss_relics":[{"not_picked":["Runic Dome","Ectoplasm"],"picked":"White Beast Statue"}],"items_purged_floors":[3],"is_endless":false,"potions_floor_spawned":[11,14,18,20,22,24],"killed_by":"Slavers","ascension_level":11}