{"gold_per_floor":[113,132,207,224,235,235,215,215,215,59,76,76,95,130,130,207,207,217,217,233,253,253,253,265,1,27,41,52,52,52,62,62,137,137,148,148,162,181,181],"floor_reached":39,"playtime":2256,"items_purged":["Strike_B"],"score":799,"play_id":"5731bfa4-d766-4685-98f8-9991e1842e7c","local_time":"20180922040046","is_ascension_mode":true,"campfire_choices":[{"data":"Streamline","floor":6.0,"key":"SMITH"},{"data":"Zap","floor":8.0,"key":"SMITH"},{"data":"Electrodynamics","floor":15.0,"key":"SMITH"},{"data":"Capacitor","floor":23.0,"key":"SMITH"},{"data":"Loop","floor":30.0,"key":"SMITH"},{"data":"Loop","floor":32.0,"key":"SMITH"}],"neow_cost":"NONE","seed_source_timestamp":738462821262129,"circlet_count":0,"master_deck":["Strike_B","Strike_B","Strike_B","Defend_B","Defend_B","Defend_B","Defend_B","Zap+1","Dualcast","AscendersBane","Electrodynamics+1","Self Repair","Capacitor+1","Steam","Streamline+1","Heatsinks","Glacier","Cold Snap","White Noise","Machine Learning","Cold Snap+1","Go for the Eyes+1","Rebound+1","Self Repair","Heatsinks","Core Surge+1","Go for the Eyes+1","Loop+1","Loop+1","Cold Snap+1","Echo Form","Turbo+1","Madness","Madness","Leap+1","Defragment"],"special_seed":0,"relics":["FrozenCore","Mummified Hand","Molten Egg 2","Happy Flower","Inserter"],"potions_floor_usage":[39],"damage_taken":[{"damage":0.0,"enemies":"Small Slimes","floor":1.0,"turns":2.0},{"damage":1.0,"enemies":"Cultist","floor":2.0,"turns":4.0},{"damage":7.0,"enemies":"2 Louse","floor":4.0,"turns":3.0},{"damage":7.0,"enemies":"2 Fungi Beasts","floor":5.0,"turns":2.0},{"damage":10.0,"enemies":"Blue Slaver","floor":11.0,"turns":3.0},{"damage":6.0,"enemies":"Exordium Thugs","floor":13.0,"turns":4.0},{"damage":47.0,"enemies":"Gremlin Nob","floor":14.0,"turns":5.0},{"damage":20.0,"enemies":"Slime Boss","floor":16.0,"turns":8.0},{"damage":5.0,"enemies":"Spheric Guardian","floor":18.0,"turns":4.0},{"damage":2.0,"enemies":"2 Thieves","floor":20.0,"turns":4.0},{"damage":2.0,"enemies":"Cultist and Chosen","floor":21.0,"turns":12.0},{"damage":8.0,"enemies":"Snake Plant","floor":24.0,"turns":6.0},{"damage":4.0,"enemies":"Centurion and Healer","floor":27.0,"turns":7.0},{"damage":1.0,"enemies":"Snecko","floor":28.0,"turns":5.0},{"damage":0.0,"enemies":"Sentry and Sphere","floor":31.0,"turns":6.0},{"damage":75.0,"enemies":"Collector","floor":33.0,"turns":11.0},{"damage":40.0,"enemies":"3 Darklings","floor":35.0,"turns":6.0},{"damage":1.0,"enemies":"3 Shapes","floor":37.0,"turns":5.0},{"damage":36.0,"enemies":"3 Darklings","floor":38.0,"turns":6.0},{"damage":40,"enemies":"Reptomancer","floor":39,"turns":3}],"seed_played":"5634853185339584607","potions_obtained":[{"floor":1.0,"key":"SteroidPotion"},{"floor":5.0,"key":"SteroidPotion"},{"floor":14.0,"key":"Strength Potion"},{"floor":16.0,"key":"SpeedPotion"},{"floor":18.0,"key":"SkillPotion"},{"floor":27.0,"key":"FearPotion"},{"floor":28.0,"key":"Regen Potion"},{"floor":33.0,"key":"Explosive Potion"},{"floor":37.0,"key":"Regen Potion"}],"is_trial":false,"path_per_floor":["M","M","?","M","M","R","?","R","T","$","M","?","M","E","R","B",null,"M","?","M","M","?","R","M","$","T","M","M","?","R","M","R","B",null,"M","?","M","M"],"character_chosen":"DEFECT","items_purchased":["Heatsinks","Heatsinks","Core Surge+1"],"campfire_rested":0,"item_purchase_floors":[10,25,25],"current_hp_per_floor":[64,70,59,59,59,59,59,59,59,59,56,61,62,22,22,9,59,61,39,44,49,49,49,48,48,48,58,71,71,71,81,81,35,70,44,29,42,35,0],"gold":181,"neow_bonus":"ONE_RANDOM_RARE_CARD","is_prod":false,"is_daily":false,"chose_seed":false,"campfire_upgraded":6,"win_rate":0,"timestamp":1537614046,"path_taken":["M","M","?","M","M","R","?","R","T","$","?","?","?","E","R","BOSS","M","?","M","M","?","R","M","?","T","M","?","?","R","M","R","BOSS","M","?","?","M","M"],"build_version":"2018-09-20","purchased_purges":1,"victory":false,"max_hp_per_floor":[71,71,71,71,71,71,71,71,71,71,71,76,76,76,76,76,76,76,81,81,81,81,81,81,81,81,81,81,81,81,81,81,81,81,81,81,81,81,81],"card_choices":[{"not_picked":["Rip and Tear","Steam"],"picked":"Self Repair","floor":1.0},{"not_picked":["Hologram","Redo"],"picked":"Capacitor","floor":2.0},{"not_picked":["Sweeping Beam","Compile Driver"],"picked":"Steam","floor":4.0},{"not_picked":["Doom and Gloom","FTL"],"picked":"Streamline","floor":5.0},{"not_picked":["Machine Learning","Consume"],"picked":"Glacier","floor":11.0},{"not_picked":["Sweeping Beam","Leap"],"picked":"Cold Snap","floor":13.0},{"not_picked":["FTL","BootSequence"],"picked":"White Noise","floor":14.0},{"not_picked":["Seek","Amplify"],"picked":"Machine Learning","floor":16.0},{"not_picked":["Melter+1","Auto Shields"],"picked":"Cold Snap+1","floor":18.0},{"not_picked":["Cold Snap+1","Sweeping Beam+1"],"picked":"Go for the Eyes+1","floor":20.0},{"not_picked":["Coolheaded","Scrape+1"],"picked":"Rebound+1","floor":21.0},{"not_picked":["Ball Lightning+1","Coolheaded"],"picked":"Self Repair","floor":24.0},{"not_picked":["Compile Driver+1","Redo"],"picked":"Go for the Eyes+1","floor":27.0},{"not_picked":["Chaos","Compile Driver+1"],"picked":"Loop","floor":28.0},{"not_picked":["Streamline+1","Doom and Gloom+1"],"picked":"Cold Snap+1","floor":31.0},{"not_picked":["Thunder Strike+1","Rainbow"],"picked":"Echo Form","floor":33.0},{"not_picked":["Leap","Beam Cell+1"],"picked":"Turbo+1","floor":35.0},{"not_picked":["Streamline+1","Redo"],"picked":"Leap+1","floor":37.0},{"not_picked":["Coolheaded","Cold Snap+1"],"picked":"Defragment","floor":38.0}],"player_experience":2368152,"relics_obtained":[{"floor":9.0,"key":"Mummified Hand"},{"floor":14.0,"key":"Molten Egg 2"},{"floor":26.0,"key":"Happy Flower"}],"event_choices":[{"event_name":"World of Goop","player_choice":"Gather Gold","floor":3.0,"damage_taken":0.0},{"event_name":"The Woman in Blue","player_choice":"Bought 1 Potion","floor":7.0,"damage_taken":0.0},{"event_name":"Big Fish","player_choice":"Donut","floor":12.0,"damage_taken":0.0},{"event_name":"Forgotten Altar","player_choice":"Shed Blood","floor":19.0,"damage_taken":0.0},{"event_name":"Vampires","player_choice":"Ignored","floor":22.0,"damage_taken":0.0},{"event_name":"The Library","player_choice":"Read","floor":29.0,"damage_taken":0.0},{"event_name":"Winding Halls","player_choice":"Embrace Madness","floor":36.0,"damage_taken":0.0}],"is_beta":true,"boss_relics":[{"not_picked":["Tiny House","Ectoplasm"],"picked":"FrozenCore"},{"not_picked":["Pandora\u0027s Box","Orrery"],"picked":"Inserter"}],"items_purged_floors":[10],"is_endless":false,"potions_floor_spawned":[1,5,14,16,18,27,28,33,37],"killed_by":"Reptomancer","ascension_level":20}