{"gold_per_floor":[117,133,208,208,220,251,251,268,295,324,344,360,460,473,473,570,570,570,570,570,400,400,400,400,400,400,400,264,264,264,264,264,264,264,264,264,21,21,21,21,21,21,21,21,21,21,21,21,21,21],"floor_reached":51,"playtime":3246,"items_purged":["Writhe"],"score":1156,"play_id":"b7f31907-a4d6-4112-912e-3f497564c1bc","local_time":"20190830210707","is_ascension_mode":true,"campfire_choices":[{"floor":7,"key":"REST"},{"data":"Accuracy","floor":15,"key":"SMITH"},{"floor":23,"key":"REST"},{"data":"After Image","floor":25,"key":"SMITH"},{"floor":32,"key":"REST"},{"floor":40,"key":"REST"},{"floor":47,"key":"REST"},{"data":"A Thousand Cuts","floor":49,"key":"SMITH"}],"neow_cost":"PERCENT_DAMAGE","seed_source_timestamp":10232866429233,"circlet_count":0,"master_deck":["Strike_G","Strike_G","Strike_G","Defend_G","Defend_G+1","Defend_G","Defend_G","Defend_G","Survivor","Neutralize+1","Dagger Spray","Flechettes","Caltrops","Slice","Cloak And Dagger+1","Flying Knee","Footwork","Prepared","A Thousand Cuts+1","Accuracy+1","Footwork","After Image+1","Accuracy","Footwork","Cloak And Dagger","Accuracy","PiercingWail","Backflip+1","Leg Sweep","Noxious Fumes","J.A.X.","Cloak And Dagger","PiercingWail+1","Bullet Time","Backflip+1","Parasite","Blade Dance","Calculated Gamble","Endless Agony","Cloak And Dagger","Accuracy+1","Endless Agony+1","Cloak And Dagger"],"relics":["Ring of the Snake","Bronze Scales","Oddly Smooth Stone","War Paint","Ectoplasm","Thread and Needle","PreservedInsect","Ninja Scroll","Bird Faced Urn","Blue Candle","Dream Catcher","WristBlade","Kunai","Boot","Mummified Hand","Bag of Preparation","Question Card"],"potions_floor_usage":[6,10,16,24,24,27,27,38,41,48,50,50,50],"damage_taken":[{"damage":0,"enemies":"2 Louse","floor":1,"turns":2},{"damage":0,"enemies":"Jaw Worm","floor":2,"turns":5},{"damage":2,"enemies":"Small Slimes","floor":5,"turns":3},{"damage":10,"enemies":"Gremlin Nob","floor":6,"turns":4},{"damage":2,"enemies":"Red Slaver","floor":8,"turns":3},{"damage":0,"enemies":"Lagavulin","floor":10,"turns":7},{"damage":0,"enemies":"Large Slime","floor":11,"turns":6},{"damage":7,"enemies":"2 Fungi Beasts","floor":12,"turns":4},{"damage":0,"enemies":"3 Louse","floor":14,"turns":3},{"damage":15,"enemies":"Slime Boss","floor":16,"turns":10},{"damage":0,"enemies":"3 Byrds","floor":18,"turns":2},{"damage":0,"enemies":"Shell Parasite","floor":19,"turns":6},{"damage":25,"enemies":"Snecko","floor":22,"turns":8},{"damage":23,"enemies":"Slavers","floor":24,"turns":6},{"damage":1,"enemies":"Colosseum Slavers","floor":27,"turns":3},{"damage":13,"enemies":"Colosseum Nobs","floor":27,"turns":4},{"damage":3,"enemies":"Book of Stabbing","floor":31,"turns":5},{"damage":10,"enemies":"Champ","floor":33,"turns":11},{"damage":13,"enemies":"3 Darklings","floor":35,"turns":5},{"damage":0,"enemies":"3 Shapes","floor":36,"turns":6},{"damage":10,"enemies":"Writhing Mass","floor":38,"turns":8},{"damage":68,"enemies":"Transient","floor":39,"turns":5},{"damage":28,"enemies":"Reptomancer","floor":41,"turns":7},{"damage":22,"enemies":"3 Darklings","floor":42,"turns":4},{"damage":0,"enemies":"Nemesis","floor":45,"turns":5},{"damage":8,"enemies":"Jaw Worm Horde","floor":48,"turns":6},{"damage":50,"enemies":"Awakened One","floor":50,"turns":23}],"seed_played":"-9726126262243749","potions_obtained":[{"floor":1,"key":"Fire Potion"},{"floor":5,"key":"SteroidPotion"},{"floor":8,"key":"Weak Potion"},{"floor":12,"key":"SteroidPotion"},{"floor":14,"key":"PowerPotion"},{"floor":22,"key":"Swift Potion"},{"floor":24,"key":"Energy Potion"},{"floor":27,"key":"Energy Potion"},{"floor":31,"key":"GhostInAJar"},{"floor":38,"key":"EssenceOfSteel"},{"floor":41,"key":"PowerPotion"},{"floor":42,"key":"Fire Potion"},{"floor":48,"key":"AttackPotion"}],"is_trial":false,"path_per_floor":["M","M","?","?","M","E","R","M","T","E","M","M","?","M","R","B",null,"M","M","?","$","M","R","E","R","T","?","$","?","?","E","R","B",null,"M","M","$","M","M","R","E","M","T","?","E","T","R","M","R","B",null],"character_chosen":"THE_SILENT","items_purchased":["Cloak And Dagger","Accuracy","Leg Sweep","Noxious Fumes","Kunai"],"campfire_rested":5,"item_purchase_floors":[21,21,28,28,37],"current_hp_per_floor":[45,45,34,34,32,22,43,41,41,41,41,34,34,34,34,19,57,57,57,57,57,32,53,30,30,30,16,16,16,16,27,48,58,67,65,70,70,63,8,29,21,9,9,9,17,17,38,48,48,14],"gold":21,"neow_bonus":"TRANSFORM_TWO_CARDS","is_prod":false,"is_daily":false,"chose_seed":false,"campfire_upgraded":3,"win_rate":0,"timestamp":1567166827,"path_taken":["M","M","?","?","M","E","R","M","T","E","M","M","?","?","R","BOSS","M","M","?","$","M","R","E","R","T","?","$","?","?","E","R","BOSS","M","M","$","M","M","R","E","?","T","?","E","?","R","M","R","BOSS"],"build_version":"2019-07-17","purchased_purges":1,"victory":true,"max_hp_per_floor":[70,70,70,70,70,70,70,70,70,70,70,70,70,70,70,70,70,70,70,70,70,70,70,70,70,70,70,70,70,70,70,70,70,70,70,70,70,70,70,70,70,70,70,70,70,70,70,70,70,70],"card_choices":[{"not_picked":["Blur","Leg Sweep"],"picked":"Caltrops","floor":1},{"not_picked":["Concentrate","Underhanded Strike"],"picked":"Slice","floor":2},{"not_picked":["Deflect","Dagger Spray"],"picked":"Cloak And Dagger","floor":5},{"not_picked":["Dagger Spray","Bane"],"picked":"Flying Knee","floor":6},{"not_picked":["Blur","Sucker Punch"],"picked":"Footwork","floor":8},{"not_picked":["Backstab","Flechettes"],"picked":"Prepared","floor":10},{"not_picked":["Outmaneuver","Deflect"],"picked":"A Thousand Cuts","floor":11},{"not_picked":["Dagger Spray","Blade Dance"],"picked":"Accuracy","floor":12},{"not_picked":["Dagger Spray","Prepared"],"picked":"Footwork","floor":14},{"not_picked":["Adrenaline","Doppelganger"],"picked":"After Image","floor":16},{"not_picked":["Blade Dance","Sucker Punch"],"picked":"Accuracy","floor":18},{"not_picked":["Outmaneuver","Dagger Spray"],"picked":"Footwork","floor":19},{"not_picked":["Underhanded Strike","Riddle With Holes","Poisoned Stab"],"picked":"SKIP","floor":22},{"not_picked":["Noxious Fumes","Unload"],"picked":"PiercingWail","floor":24},{"not_picked":["Sucker Punch","Bouncing Flask"],"picked":"Backflip+1","floor":27},{"not_picked":["Deflect","Eviscerate"],"picked":"Cloak And Dagger","floor":31},{"not_picked":["Outmaneuver","Slice"],"picked":"PiercingWail+1","floor":32},{"not_picked":["Envenom","Corpse Explosion"],"picked":"Bullet Time","floor":33},{"not_picked":["Acrobatics+1","Choke+1"],"picked":"Backflip+1","floor":35},{"not_picked":["Dagger Spray","Backstab","Quick Slash"],"picked":"SKIP","floor":36},{"not_picked":["Deflect","Flying Knee+1"],"picked":"Blade Dance","floor":38},{"not_picked":["Dagger Throw","Outmaneuver"],"picked":"Calculated Gamble","floor":39},{"not_picked":["Calculated Gamble","Backflip+1"],"picked":"Endless Agony","floor":40},{"not_picked":["Quick Slash","Skewer","Venomology"],"picked":"SKIP","floor":41},{"not_picked":["Dagger Spray","Crippling Poison"],"picked":"Cloak And Dagger","floor":42},{"not_picked":["Acrobatics","Bouncing Flask"],"picked":"Accuracy+1","floor":45},{"not_picked":["Sucker Punch+1","Underhanded Strike","Reflex+1"],"picked":"Endless Agony+1","floor":47},{"not_picked":["All Out Attack","Endless Agony","Catalyst"],"picked":"Cloak And Dagger","floor":48}],"player_experience":272547,"relics_obtained":[{"floor":6,"key":"Bronze Scales"},{"floor":9,"key":"Oddly Smooth Stone"},{"floor":10,"key":"War Paint"},{"floor":24,"key":"PreservedInsect"},{"floor":26,"key":"Ninja Scroll"},{"floor":27,"key":"Bird Faced Urn"},{"floor":27,"key":"Blue Candle"},{"floor":31,"key":"Dream Catcher"},{"floor":41,"key":"Boot"},{"floor":43,"key":"Mummified Hand"},{"floor":45,"key":"Bag of Preparation"},{"floor":46,"key":"Question Card"}],"event_choices":[{"damage_healed":0,"gold_gain":75,"player_choice":"Gather Gold","damage_taken":11,"max_hp_gain":0,"max_hp_loss":0,"event_name":"World of Goop","floor":3,"gold_loss":0},{"damage_healed":0,"gold_gain":0,"player_choice":"Grow","damage_taken":0,"max_hp_gain":0,"max_hp_loss":0,"event_name":"Living Wall","floor":4,"gold_loss":0,"cards_upgraded":["Neutralize"]},{"damage_healed":0,"gold_gain":100,"player_choice":"Pray","damage_taken":0,"max_hp_gain":0,"max_hp_loss":0,"event_name":"Golden Shrine","floor":13,"gold_loss":0},{"damage_healed":0,"gold_gain":0,"player_choice":"Opened","damage_taken":0,"relics_obtained":["Thread and Needle"],"max_hp_gain":0,"max_hp_loss":0,"event_name":"The Mausoleum","floor":20,"gold_loss":0,"cards_obtained":["Writhe"]},{"damage_healed":0,"gold_gain":0,"player_choice":"Fight","damage_taken":0,"max_hp_gain":0,"max_hp_loss":0,"event_name":"Colosseum","floor":27,"gold_loss":0},{"damage_healed":0,"gold_gain":0,"player_choice":"Fought Nobs","damage_taken":0,"max_hp_gain":0,"max_hp_loss":0,"event_name":"Colosseum","floor":27,"gold_loss":0},{"damage_healed":0,"gold_gain":0,"player_choice":"Obtain J.A.X.","damage_taken":0,"max_hp_gain":0,"max_hp_loss":0,"event_name":"Drug Dealer","floor":29,"gold_loss":0,"cards_obtained":["J.A.X."]},{"damage_healed":0,"gold_gain":100,"player_choice":"Pray","damage_taken":0,"max_hp_gain":0,"max_hp_loss":0,"event_name":"Golden Shrine","floor":30,"gold_loss":0},{"damage_healed":0,"gold_gain":0,"player_choice":"Ignored","damage_taken":0,"max_hp_gain":0,"max_hp_loss":0,"event_name":"Mysterious Sphere","floor":44,"gold_loss":0}],"is_beta":false,"boss_relics":[{"not_picked":["Coffee Dripper","Runic Pyramid"],"picked":"Ectoplasm"},{"not_picked":["Philosopher\u0027s Stone","HoveringKite"],"picked":"WristBlade"}],"items_purged_floors":[21],"is_endless":false,"potions_floor_spawned":[1,5,8,12,14,22,24,27,31,38,41,42,48],"ascension_level":7}