{"gold_per_floor":[119,194,213,213,229,229,260,275,346,346,376,376,407,425,425,425],"floor_reached":16,"playtime":383,"items_purged":[],"score":171,"play_id":"4745fcb7-11c4-4226-b48a-350f397b7596","local_time":"20190305124054","is_ascension_mode":true,"campfire_choices":[{"data":"Juggernaut","floor":6,"key":"SMITH"},{"data":"Bash","floor":12,"key":"SMITH"},{"data":"Uppercut","floor":15,"key":"SMITH"}],"neow_cost":"TEN_PERCENT_HP_LOSS","seed_source_timestamp":1240377793255831,"circlet_count":0,"master_deck":["AscendersBane","Strike_R","Strike_R","Strike_R","Defend_R","Defend_R","Defend_R","Defend_R","Bash+1","Corruption","Juggernaut+1","Armaments+1","Anger","Sword Boomerang","Shrug It Off","Uppercut+1","Twin Strike"],"relics":["Burning Blood","Magic Flower","Paper Frog","Golden Idol","Happy Flower"],"potions_floor_usage":[3,13,14],"damage_taken":[{"damage":0,"enemies":"Cultist","floor":1,"turns":4},{"damage":0,"enemies":"Small Slimes","floor":3,"turns":3},{"damage":1,"enemies":"2 Louse","floor":5,"turns":2},{"damage":42,"enemies":"Lagavulin","floor":7,"turns":7},{"damage":12,"enemies":"Looter","floor":8,"turns":3},{"damage":21,"enemies":"Gremlin Nob","floor":13,"turns":4},{"damage":3,"enemies":"Gremlin Gang","floor":14,"turns":5},{"damage":31,"enemies":"The Guardian","floor":16,"turns":8}],"seed_played":"-5391888212401900087","potions_obtained":[{"floor":1,"key":"AttackPotion"},{"floor":8,"key":"PowerPotion"},{"floor":13,"key":"FearPotion"}],"is_trial":false,"path_per_floor":["M","?","M","?","M","R","E","M","T","?","?","R","E","M","R","B"],"character_chosen":"IRONCLAD","items_purchased":[],"campfire_rested":0,"item_purchase_floors":[],"current_hp_per_floor":[72,61,67,67,72,72,36,33,33,33,33,33,21,27,27,0],"gold":425,"neow_bonus":"TRANSFORM_TWO_CARDS","is_prod":false,"is_daily":false,"chose_seed":false,"campfire_upgraded":3,"win_rate":0,"timestamp":1551807654,"path_taken":["M","?","M","?","M","R","E","M","T","?","?","R","E","M","R","BOSS"],"build_version":"2019-01-23","purchased_purges":0,"victory":false,"max_hp_per_floor":[72,72,72,72,72,72,72,72,72,67,67,67,67,67,67,67],"card_choices":[{"not_picked":["Bloodletting","Perfected Strike"],"picked":"Armaments","floor":1},{"not_picked":["Bloodletting","Perfected Strike"],"picked":"Anger","floor":3},{"not_picked":["Warcry","Flex"],"picked":"Sword Boomerang","floor":5},{"not_picked":["Sword Boomerang","Armaments","Berserk"],"picked":"SKIP","floor":7},{"not_picked":["Uppercut","Shockwave"],"picked":"Shrug It Off","floor":8},{"not_picked":["Hemokinesis","Pommel Strike"],"picked":"Uppercut","floor":13},{"not_picked":["Body Slam","Armaments"],"picked":"Twin Strike","floor":14}],"player_experience":173169,"relics_obtained":[{"floor":7,"key":"Magic Flower"},{"floor":9,"key":"Paper Frog"},{"floor":13,"key":"Happy Flower"}],"event_choices":[{"damage_healed":0,"gold_gain":75,"player_choice":"Gather Gold","damage_taken":11,"max_hp_gain":0,"max_hp_loss":0,"event_name":"World of Goop","floor":2,"gold_loss":0},{"damage_healed":0,"gold_gain":0,"player_choice":"Grow","damage_taken":0,"max_hp_gain":0,"max_hp_loss":0,"event_name":"Living Wall","floor":4,"gold_loss":0,"cards_upgraded":["Armaments"]},{"damage_healed":0,"gold_gain":0,"player_choice":"Lose Max HP","damage_taken":0,"relics_obtained":["Golden Idol"],"max_hp_gain":0,"max_hp_loss":5,"event_name":"Golden Idol","floor":10,"gold_loss":0},{"damage_healed":0,"gold_gain":30,"player_choice":"Searched \u00272\u0027 times","damage_taken":0,"max_hp_gain":0,"max_hp_loss":0,"event_name":"Dead Adventurer","floor":11,"gold_loss":0}],"is_beta":false,"boss_relics":[],"items_purged_floors":[],"is_endless":false,"potions_floor_spawned":[1,8,13],"killed_by":"The Guardian","ascension_level":11}