{"gold_per_floor":[114,126,137,149,161,161,193,212,212,17,52,52,77,90,90,161,161,172,172],"floor_reached":19,"playtime":549,"items_purged":["Strike_B"],"score":532,"play_id":"16004adf-251b-4168-ac02-175f92485db6","local_time":"20190817171142","is_ascension_mode":true,"campfire_choices":[{"floor":6,"key":"REST"},{"floor":12,"key":"REST"},{"data":"Electrodynamics","floor":15,"key":"SMITH"}],"neow_cost":"PERCENT_DAMAGE","seed_source_timestamp":68291389421843,"circlet_count":0,"master_deck":["AscendersBane","Strike_B","Strike_B","Strike_B","Defend_B+1","Defend_B","Defend_B","Defend_B","Zap","Dualcast","Electrodynamics+1","Undo","Melter","FTL","Coolheaded","Coolheaded","Ball Lightning","Discovery","Steam+1","Rip and Tear","Capacitor","Buffer"],"relics":["Cracked Core","Happy Flower","Gremlin Horn","War Paint","Bottled Flame","Sozu"],"potions_floor_usage":[7,7,16],"damage_taken":[{"damage":6,"enemies":"Cultist","floor":1,"turns":3},{"damage":0,"enemies":"Jaw Worm","floor":2,"turns":4},{"damage":8,"enemies":"Small Slimes","floor":3,"turns":4},{"damage":9,"enemies":"Red Slaver","floor":4,"turns":3},{"damage":14,"enemies":"Lots of Slimes","floor":5,"turns":3},{"damage":0,"enemies":"Gremlin Nob","floor":7,"turns":2},{"damage":17,"enemies":"Exordium Wildlife","floor":8,"turns":4},{"damage":2,"enemies":"Lagavulin","floor":11,"turns":7},{"damage":3,"enemies":"3 Sentries","floor":13,"turns":6},{"damage":9,"enemies":"Gremlin Gang","floor":14,"turns":2},{"damage":0,"enemies":"Slime Boss","floor":16,"turns":4},{"damage":3,"enemies":"Chosen","floor":18,"turns":4},{"damage":65,"enemies":"Masked Bandits","floor":19,"turns":4}],"seed_played":"2926648901380800725","potions_obtained":[{"floor":3,"key":"Fire Potion"},{"floor":4,"key":"FocusPotion"},{"floor":14,"key":"PowerPotion"}],"is_trial":false,"path_per_floor":["M","M","M","M","M","R","E","M","T","$","E","R","E","M","R","B",null,"M","?"],"character_chosen":"DEFECT","items_purchased":["Discovery","Steam"],"campfire_rested":2,"item_purchase_floors":[10,10],"current_hp_per_floor":[40,40,32,23,9,30,30,13,13,13,11,32,29,20,20,20,58,55,0],"gold":172,"neow_bonus":"THREE_RARE_CARDS","is_prod":false,"is_daily":false,"chose_seed":false,"campfire_upgraded":1,"win_rate":0,"timestamp":1566076302,"path_taken":["M","M","M","M","?","R","E","M","T","$","E","R","E","M","R","BOSS","M","?"],"build_version":"2019-07-17","purchased_purges":1,"victory":false,"max_hp_per_floor":[71,71,71,71,71,71,71,71,71,71,71,71,71,71,71,71,71,71,71],"card_choices":[{"not_picked":["Core Surge","Biased Cognition"],"picked":"Electrodynamics","floor":0},{"not_picked":["Beam Cell","Ball Lightning"],"picked":"Undo","floor":1},{"not_picked":["Gash","BootSequence"],"picked":"Melter","floor":2},{"not_picked":["Capacitor","Fusion"],"picked":"FTL","floor":3},{"not_picked":["Barrage","Recycle"],"picked":"Coolheaded","floor":4},{"not_picked":["Hologram","Auto Shields"],"picked":"Coolheaded","floor":5},{"not_picked":["BootSequence","Stack","Machine Learning"],"picked":"SKIP","floor":7},{"not_picked":["Hologram","Steam"],"picked":"Ball Lightning","floor":8},{"not_picked":["Capacitor","Chaos"],"picked":"Rip and Tear","floor":11},{"not_picked":["Compile Driver","Go for the Eyes"],"picked":"Capacitor","floor":13},{"not_picked":["Storm","Compile Driver","Tempest"],"picked":"SKIP","floor":14},{"not_picked":["All For One","Fission"],"picked":"Buffer","floor":16},{"not_picked":["Melter","Streamline","Compile Driver"],"picked":"SKIP","floor":18}],"player_experience":566033,"relics_obtained":[{"floor":7,"key":"Happy Flower"},{"floor":9,"key":"Gremlin Horn"},{"floor":11,"key":"War Paint"},{"floor":13,"key":"Bottled Flame"}],"event_choices":[{"damage_healed":0,"gold_gain":0,"player_choice":"Fought Bandits","damage_taken":0,"max_hp_gain":0,"max_hp_loss":0,"event_name":"Masked Bandits","floor":19,"gold_loss":0}],"is_beta":false,"boss_relics":[{"not_picked":["Ectoplasm","Philosopher\u0027s Stone"],"picked":"Sozu"}],"items_purged_floors":[10],"is_endless":false,"potions_floor_spawned":[3,4,5,14,18],"killed_by":"Masked Bandits","ascension_level":20}