{"gold_per_floor":[217,233,233,244,244,244,317,333,401,422,132,132,132,148,148,243,243,264,264,279,8,27,27,27,27,27,27,27,27,51,64,64,154,154,154],"floor_reached":35,"playtime":2056,"items_purged":[],"score":794,"play_id":"f4a0f7b5-2e75-48f1-bb0d-ac8f766cc442","local_time":"20181020025337","is_ascension_mode":true,"campfire_choices":[{"data":"Zap","floor":6,"key":"SMITH"},{"data":"Mayhem","floor":12,"key":"SMITH"},{"data":"Buffer","floor":15,"key":"SMITH"},{"data":"Panacea","floor":23,"key":"SMITH"},{"data":"Capacitor","floor":25,"key":"SMITH"},{"data":"Beam Cell","floor":28,"key":"SMITH"},{"floor":32,"key":"REST"}],"neow_cost":"NONE","seed_source_timestamp":0,"circlet_count":0,"master_deck":["Strike_B+1","Strike_B","Strike_B","Defend_B","Defend_B","Defend_B","Defend_B","Zap+1","Dualcast","AscendersBane","Conserve Battery","Ball Lightning+1","Turbo","Ball Lightning","Conserve Battery","Panacea+1","Mayhem+1","Buffer+1","Biased Cognition+1","Beam Cell+1","Capacitor+1","Conserve Battery","Shame","Reinforced Body","Glacier","Fission"],"special_seed":0,"relics":["Cracked Core","Golden Idol","Matryoshka","Mercury Hourglass","Whetstone","CultistMask","Runic Dome","Mummified Hand","Bag of Marbles","Meat on the Bone","Mango","White Beast Statue"],"potions_floor_usage":[16,33],"damage_taken":[{"damage":1.0,"enemies":"2 Louse","floor":1.0,"turns":3.0},{"damage":1,"enemies":"Cultist","floor":2,"turns":4},{"damage":0,"enemies":"Small Slimes","floor":4,"turns":2},{"damage":8,"enemies":"Blue Slaver","floor":8,"turns":4},{"damage":7,"enemies":"Exordium Wildlife","floor":10,"turns":2},{"damage":9,"enemies":"Red Slaver","floor":14,"turns":3},{"damage":0,"enemies":"Slime Boss","floor":16,"turns":8},{"damage":0,"enemies":"Spheric Guardian","floor":18,"turns":4},{"damage":0,"enemies":"Chosen","floor":20,"turns":4},{"damage":6,"enemies":"Centurion and Healer","floor":22,"turns":7},{"damage":29,"enemies":"Shelled Parasite and Fungi","floor":30,"turns":5},{"damage":0,"enemies":"Snake Plant","floor":31,"turns":5},{"damage":30,"enemies":"Champ","floor":33,"turns":11},{"damage":75,"enemies":"3 Darklings","floor":35,"turns":4}],"seed_played":"-2382930157239171251","potions_obtained":[{"floor":1.0,"key":"SpeedPotion"},{"floor":8,"key":"Explosive Potion"},{"floor":20,"key":"FocusPotion"}],"is_trial":false,"path_per_floor":["M","M","?","M","?","R","T","M","T","M","$","R","?","M","R","B",null,"M","?","M","$","M","R","?","R","T","?","R","$","M","M","R","B",null],"character_chosen":"DEFECT","items_purchased":["Panacea","Mayhem","Mummified Hand"],"campfire_rested":1,"item_purchase_floors":[11,11,21],"current_hp_per_floor":[63,62,62,62,38,38,38,30,30,23,23,23,23,14,14,14,57,57,57,57,57,51,51,51,51,51,65,65,65,48,48,73,43,75,0],"gold":154,"neow_bonus":"HUNDRED_GOLD","is_prod":false,"is_daily":false,"chose_seed":false,"campfire_upgraded":6,"win_rate":0,"timestamp":1540029217,"path_taken":["M","M","?","M","?","R","?","M","T","?","$","R","?","M","R","BOSS","M","?","M","$","M","R","?","R","T","?","R","?","M","M","R","BOSS","M"],"build_version":"2018-10-19","purchased_purges":0,"victory":false,"max_hp_per_floor":[71,71,71,71,71,71,71,71,71,71,71,71,71,71,71,71,71,71,71,71,71,71,71,71,71,71,85,85,85,85,85,85,85,85,85],"card_choices":[{"not_picked":["Hello World","Scrape"],"picked":"Conserve Battery","floor":1.0},{"not_picked":["Streamline","Sweeping Beam"],"picked":"Ball Lightning","floor":2},{"not_picked":["Storm","Static Discharge"],"picked":"Turbo","floor":4},{"not_picked":["Sweeping Beam","Gash"],"picked":"Ball Lightning","floor":8},{"not_picked":["Streamline","Stack"],"picked":"Conserve Battery","floor":10},{"not_picked":["Genetic Algorithm","Rebound"],"picked":"Buffer","floor":14},{"not_picked":["Amplify","Reboot"],"picked":"Biased Cognition","floor":16},{"not_picked":["Rip and Tear","Storm"],"picked":"Beam Cell","floor":18},{"not_picked":["Gash","Tempest"],"picked":"Capacitor","floor":20},{"not_picked":["Turbo","Stack"],"picked":"Conserve Battery","floor":22},{"not_picked":["Auto Shields","Beam Cell"],"picked":"Reinforced Body","floor":30},{"not_picked":["Thunder Strike","Go for the Eyes"],"picked":"Glacier","floor":31},{"not_picked":["All For One","Rainbow"],"picked":"Fission","floor":33}],"player_experience":2580239,"relics_obtained":[{"floor":7,"key":"Matryoshka"},{"floor":9,"key":"Mercury Hourglass"},{"floor":9,"key":"Whetstone"},{"floor":26,"key":"Bag of Marbles"},{"floor":26,"key":"Meat on the Bone"}],"event_choices":[{"cards_removed":["Strike_B"],"damage_healed":0,"gold_gain":0,"player_choice":"Offered Basic","damage_taken":0,"max_hp_gain":0,"max_hp_loss":0,"event_name":"Bonfire Elementals","floor":3,"gold_loss":0},{"damage_healed":0,"gold_gain":0,"player_choice":"Take Damage","damage_taken":24,"relics_obtained":["Golden Idol"],"max_hp_gain":0,"max_hp_loss":0,"event_name":"Golden Idol","floor":5,"gold_loss":0},{"damage_healed":0,"gold_gain":0,"player_choice":"Trade","damage_taken":0,"relics_obtained":["CultistMask"],"max_hp_gain":0,"max_hp_loss":0,"event_name":"FaceTrader","floor":13,"gold_loss":0},{"damage_healed":0,"gold_gain":0,"player_choice":"Upgraded","damage_taken":0,"max_hp_gain":0,"max_hp_loss":0,"event_name":"Upgrade Shrine","floor":19,"gold_loss":0,"cards_upgraded":["Biased Cognition"]},{"damage_healed":0,"gold_gain":0,"player_choice":"Ignored","damage_taken":0,"max_hp_gain":0,"max_hp_loss":0,"event_name":"The Mausoleum","floor":24,"gold_loss":0},{"damage_healed":0,"gold_gain":0,"player_choice":"Stole Relic","damage_taken":0,"relics_obtained":["Mango"],"max_hp_gain":0,"max_hp_loss":0,"event_name":"Addict","floor":27,"gold_loss":0,"cards_obtained":["Shame"]}],"is_beta":true,"boss_relics":[{"not_picked":["Velvet Choker","Snecko Eye"],"picked":"Runic Dome"},{"not_picked":["Black Star","Pandora\u0027s Box"],"picked":"White Beast Statue"}],"items_purged_floors":[],"is_endless":false,"potions_floor_spawned":[1,8,14,20,22,30,31],"killed_by":"3 Darklings","ascension_level":20}