{"gold_per_floor":[112,112,131,147,21,52,52,77,77,2,2,29,29,89,101,190,202,230,242,254,286,14,43,43,43,43,43,61,61,75,95,95,169,169,186,234,36,36,0,30,49,49,127,137,156,156,168,0,0,0],"floor_reached":51,"playtime":1945,"items_purged":[],"score":1289,"play_id":"c90c7091-a0a7-4b72-ab54-3ccae05e0162","local_time":"20190328002531","is_ascension_mode":true,"campfire_choices":[{"data":"Uppercut","floor":7,"key":"SMITH"},{"floor":11,"key":"REST"},{"data":"Seeing Red","floor":15,"key":"SMITH"},{"floor":25,"key":"REST"},{"floor":27,"key":"REST"},{"floor":32,"key":"REST"},{"floor":42,"key":"REST"},{"floor":49,"key":"REST"}],"neow_cost":"TEN_PERCENT_HP_LOSS","seed_source_timestamp":1231779797766430,"circlet_count":0,"master_deck":["AscendersBane","Strike_R+1","Strike_R+1","Defend_R+1","Defend_R+1","Defend_R+1","Defend_R+1","Bash+1","Impervious+1","Uppercut+1","Uppercut+1","Spot Weakness+1","Offering+1","Shrug It Off+1","Seeing Red+1","Parasite","Havoc+1","Barricade+1","Second Wind+1","Havoc+1","Offering+1","Second Wind+1","Carnage+1","Metallicize+1","Dark Embrace+1","Reaper+1","Headbutt+1","Battle Trance+1","Dual Wield+1","Seeing Red+1","Power Through+1","Burning Pact+1","Warcry+1","Sever Soul+1","Corruption+1","Feel No Pain"],"relics":["Burning Blood","Darkstone Periapt","Pocketwatch","Dead Branch","Turnip","MawBank","Fusion Hammer","ClockworkSouvenir","Omamori","Lantern","Astrolabe","Thread and Needle","Membership Card","Strawberry","Singing Bowl","Mark of the Bloom","Red Mask"],"potions_floor_usage":[6,6,8,12,24,33,40,44,45,45,50],"damage_taken":[{"damage":20,"enemies":"Jaw Worm","floor":1,"turns":5},{"damage":0,"enemies":"Small Slimes","floor":3,"turns":4},{"damage":3,"enemies":"2 Louse","floor":4,"turns":3},{"damage":20,"enemies":"3 Sentries","floor":6,"turns":5},{"damage":18,"enemies":"Lagavulin","floor":8,"turns":5},{"damage":15,"enemies":"Gremlin Nob","floor":12,"turns":4},{"damage":6,"enemies":"Gremlin Nob","floor":14,"turns":2},{"damage":30,"enemies":"Hexaghost","floor":16,"turns":8},{"damage":15,"enemies":"Chosen","floor":18,"turns":3},{"damage":16,"enemies":"Shell Parasite","floor":21,"turns":5},{"damage":22,"enemies":"Book of Stabbing","floor":23,"turns":5},{"damage":15,"enemies":"Colosseum Slavers","floor":24,"turns":3},{"damage":6,"enemies":"Snecko","floor":28,"turns":3},{"damage":12,"enemies":"Centurion and Healer","floor":30,"turns":5},{"damage":12,"enemies":"Sentry and Sphere","floor":31,"turns":6},{"damage":20,"enemies":"Champ","floor":33,"turns":12},{"damage":12,"enemies":"3 Darklings","floor":35,"turns":8},{"damage":29,"enemies":"2 Orb Walkers","floor":36,"turns":4},{"damage":75,"enemies":"Reptomancer","floor":40,"turns":8},{"damage":0,"enemies":"3 Shapes","floor":41,"turns":2},{"damage":15,"enemies":"Jaw Worm Horde","floor":44,"turns":2},{"damage":12,"enemies":"Writhing Mass","floor":45,"turns":5},{"damage":6,"enemies":"4 Shapes","floor":47,"turns":2},{"damage":12,"enemies":"Awakened One","floor":50,"turns":8}],"seed_played":"3817561943090303756","potions_obtained":[{"floor":4,"key":"AttackPotion"},{"floor":6,"key":"Fire Potion"},{"floor":8,"key":"BloodPotion"},{"floor":14,"key":"Fire Potion"},{"floor":18,"key":"Poison Potion"},{"floor":30,"key":"Dexterity Potion"},{"floor":35,"key":"BloodPotion"},{"floor":41,"key":"Explosive Potion"},{"floor":44,"key":"SkillPotion"},{"floor":47,"key":"Block Potion"}],"is_trial":false,"path_per_floor":["M","?","M","M","$","E","R","E","T","$","R","E","?","?","R","B",null,"M","?","?","M","$","E","?","R","T","R","M","$","M","M","R","B",null,"M","?","$","?","$","E","M","R","T","M","M","?","M","?","R","B",null],"character_chosen":"IRONCLAD","items_purchased":["Spot Weakness","Explosive Potion","Seeing Red","Offering","ClockworkSouvenir","Membership Card","Burning Pact"],"campfire_rested":6,"item_purchase_floors":[5,5,10,22,22,37,39],"current_hp_per_floor":[58,44,50,53,53,39,39,27,27,27,48,46,70,70,70,46,70,61,61,61,51,51,35,26,49,49,72,72,72,66,60,78,64,75,78,68,68,68,68,44,50,74,74,67,70,70,64,64,64,52],"gold":0,"neow_bonus":"THREE_RARE_CARDS","is_prod":false,"is_daily":false,"chose_seed":false,"campfire_upgraded":2,"win_rate":0,"timestamp":1553747131,"path_taken":["M","?","M","M","$","E","R","E","T","$","R","E","?","?","R","BOSS","M","?","?","M","$","E","?","R","T","R","M","$","M","M","R","BOSS","M","?","$","?","$","E","M","R","T","M","?","?","M","?","R","BOSS"],"build_version":"2019-01-23","purchased_purges":0,"victory":true,"max_hp_per_floor":[72,72,72,72,72,72,72,72,72,72,72,72,78,78,78,78,78,78,78,78,78,78,78,78,78,78,78,78,78,78,78,78,78,78,78,78,78,74,74,81,81,81,81,83,83,83,83,83,83,83],"card_choices":[{"not_picked":["Exhume","Limit Break"],"picked":"Impervious","floor":0},{"not_picked":["Havoc","Blood for Blood","Flex"],"picked":"SKIP","floor":1},{"not_picked":["Burning Pact","Searing Blow"],"picked":"Uppercut","floor":3},{"not_picked":["Sever Soul","Cleave"],"picked":"Uppercut","floor":4},{"not_picked":["Spot Weakness","Ghostly Armor"],"picked":"Offering","floor":6},{"not_picked":["Demon Form","Clothesline"],"picked":"Shrug It Off","floor":8},{"not_picked":["Clothesline","Evolve","Blood for Blood"],"picked":"SKIP","floor":12},{"not_picked":["Body Slam","Cleave"],"picked":"Havoc","floor":14},{"not_picked":["Impervious","Dark Embrace"],"picked":"Barricade","floor":16},{"not_picked":["Flex","Heavy Blade"],"picked":"Second Wind","floor":18},{"not_picked":["Cleave","True Grit"],"picked":"Havoc","floor":21},{"not_picked":["Bludgeon","Sword Boomerang"],"picked":"Second Wind","floor":23},{"not_picked":["Fire Breathing","Flex"],"picked":"Carnage+1","floor":28},{"not_picked":["Clothesline","Disarm"],"picked":"Metallicize+1","floor":30},{"not_picked":["Flex","Shrug It Off"],"picked":"Dark Embrace","floor":31},{"not_picked":["Double Tap","Impervious"],"picked":"Reaper","floor":33},{"not_picked":["Blood for Blood","Shockwave"],"picked":"Seeing Red","floor":35},{"not_picked":["Flame Barrier","Flex+1"],"picked":"Power Through","floor":36},{"not_picked":["Clothesline","Twin Strike"],"picked":"Warcry+1","floor":40},{"not_picked":["Clothesline","Thunderclap"],"picked":"Sever Soul","floor":41},{"not_picked":["Combust+1","Carnage","Warcry"],"picked":"Singing Bowl","floor":44},{"not_picked":["Iron Wave","Perfected Strike"],"picked":"Corruption+1","floor":45},{"not_picked":["Double Tap","True Grit"],"picked":"Feel No Pain","floor":47}],"player_experience":218624,"relics_obtained":[{"floor":6,"key":"Darkstone Periapt"},{"floor":8,"key":"Pocketwatch"},{"floor":9,"key":"Dead Branch"},{"floor":12,"key":"Turnip"},{"floor":23,"key":"Omamori"},{"floor":26,"key":"Lantern"},{"floor":36,"key":"Thread and Needle"},{"floor":40,"key":"Strawberry"},{"floor":43,"key":"Singing Bowl"}],"event_choices":[{"damage_healed":0,"gold_gain":0,"player_choice":"Entered Light","damage_taken":14,"max_hp_gain":0,"max_hp_loss":0,"event_name":"Shining Light","floor":2,"gold_loss":0,"cards_upgraded":["Strike_R","Defend_R"]},{"damage_healed":18,"gold_gain":0,"player_choice":"Healed and dodged fight","damage_taken":0,"max_hp_gain":0,"max_hp_loss":0,"event_name":"Mushrooms","floor":13,"gold_loss":0,"cards_obtained":["Parasite"]},{"damage_healed":0,"gold_gain":0,"player_choice":"Searched \u00272\u0027 times","damage_taken":0,"relics_obtained":["MawBank"],"max_hp_gain":0,"max_hp_loss":0,"event_name":"Dead Adventurer","floor":14,"gold_loss":0},{"damage_healed":0,"gold_gain":0,"player_choice":"Simplicity","damage_taken":0,"max_hp_gain":0,"max_hp_loss":0,"event_name":"Back to Basics","floor":19,"gold_loss":0,"cards_upgraded":["Strike_R","Strike_R","Strike_R","Strike_R","Defend_R","Defend_R","Defend_R"]},{"damage_healed":0,"gold_gain":0,"player_choice":"Ignored","damage_taken":0,"max_hp_gain":0,"max_hp_loss":0,"event_name":"Ghosts","floor":20,"gold_loss":0},{"damage_healed":0,"gold_gain":0,"player_choice":"Fight","damage_taken":0,"max_hp_gain":0,"max_hp_loss":0,"event_name":"Colosseum","floor":24,"gold_loss":0},{"damage_healed":0,"gold_gain":0,"player_choice":"Fled From Nobs","damage_taken":0,"max_hp_gain":0,"max_hp_loss":0,"event_name":"Colosseum","floor":24,"gold_loss":0},{"damage_healed":0,"gold_gain":0,"player_choice":"Fight","damage_taken":0,"max_hp_gain":0,"max_hp_loss":0,"event_name":"Mysterious Sphere","floor":36,"gold_loss":0},{"damage_healed":0,"gold_gain":0,"player_choice":"Max HP","damage_taken":0,"max_hp_gain":0,"max_hp_loss":4,"event_name":"Winding Halls","floor":38,"gold_loss":0},{"damage_healed":0,"gold_gain":0,"player_choice":"Upgrade","damage_taken":0,"relics_obtained":["Mark of the Bloom"],"max_hp_gain":0,"max_hp_loss":0,"event_name":"MindBloom","floor":46,"gold_loss":0,"cards_upgraded":["Bash","Impervious","Uppercut","Spot Weakness","Offering","Shrug It Off","Havoc","Barricade","Second Wind","Havoc","Offering","Second Wind","Dark Embrace","Reaper","Seeing Red","Power Through","Burning Pact","Sever Soul"]},{"damage_healed":0,"gold_gain":0,"player_choice":"Paid","damage_taken":0,"relics_obtained":["Red Mask"],"max_hp_gain":0,"max_hp_loss":0,"event_name":"Tomb of Lord Red Mask","floor":48,"gold_loss":168}],"is_beta":false,"boss_relics":[{"not_picked":["Ectoplasm","Runic Pyramid"],"picked":"Fusion Hammer"},{"not_picked":["Runic Dome","Tiny House"],"picked":"Astrolabe"}],"items_purged_floors":[],"is_endless":false,"potions_floor_spawned":[4,6,8,14,18,21,24,30,35,41,44,47],"ascension_level":13}