{"gold_per_floor":[113,113,63,63,82,82,257,274,274,302,377,377,400,54,54,54],"floor_reached":16,"playtime":555,"items_purged":[],"score":185,"play_id":"c2821744-9541-4fef-8889-98540f0f2831","local_time":"20190819205444","is_ascension_mode":true,"campfire_choices":[{"data":"Bash","floor":6,"key":"SMITH"},{"floor":15,"key":"REST"}],"neow_cost":"NONE","seed_source_timestamp":10840069517440,"circlet_count":0,"master_deck":["Strike_R+1","Strike_R","Strike_R","Strike_R","Defend_R","Defend_R","Defend_R","Defend_R+1","Bash+1","Double Tap","Shockwave","Headbutt","Doubt","Spot Weakness","Juggernaut","Armaments"],"relics":["Burning Blood","Pen Nib","The Courier","Blood Vial","Golden Idol","Incense Burner"],"potions_floor_usage":[13,16],"damage_taken":[{"damage":11,"enemies":"Jaw Worm","floor":1,"turns":4},{"damage":0,"enemies":"Small Slimes","floor":5,"turns":3},{"damage":5,"enemies":"2 Louse","floor":8,"turns":3},{"damage":22,"enemies":"3 Sentries","floor":10,"turns":8},{"damage":13,"enemies":"Large Slime","floor":13,"turns":4}],"seed_played":"-6791113749850202764","potions_obtained":[{"floor":5,"key":"Fire Potion"},{"floor":10,"key":"Swift Potion"}],"is_trial":false,"path_per_floor":["M","?","?","?","M","R","?","M","T","E","?","?","M","$","R","B"],"character_chosen":"IRONCLAD","items_purchased":["Juggernaut","Armaments","Incense Burner"],"campfire_rested":1,"item_purchase_floors":[14,14,14],"current_hp_per_floor":[75,59,59,41,47,47,47,48,48,32,21,21,16,16,38,0],"gold":54,"neow_bonus":"ONE_RANDOM_RARE_CARD","is_prod":false,"is_daily":false,"chose_seed":false,"campfire_upgraded":1,"win_rate":0,"timestamp":1566215684,"path_taken":["M","?","?","?","?","R","?","M","T","E","?","?","M","$","R","BOSS"],"build_version":"2019-07-17","purchased_purges":0,"victory":false,"max_hp_per_floor":[80,80,80,80,80,80,80,80,80,80,80,74,74,74,74,74],"card_choices":[{"not_picked":["Wild Strike","Twin Strike"],"picked":"Shockwave","floor":1},{"not_picked":["Thunderclap","Cleave"],"picked":"Headbutt","floor":5},{"not_picked":["Sword Boomerang","Body Slam"],"picked":"Spot Weakness","floor":8},{"not_picked":["Combust","Sword Boomerang","Reckless Charge"],"picked":"SKIP","floor":10},{"not_picked":["Anger","Power Through","Thunderclap"],"picked":"SKIP","floor":13}],"player_experience":197070,"relics_obtained":[{"floor":9,"key":"The Courier"},{"floor":10,"key":"Blood Vial"}],"event_choices":[{"damage_healed":0,"gold_gain":0,"player_choice":"Entered Light","damage_taken":16,"max_hp_gain":0,"max_hp_loss":0,"event_name":"Shining Light","floor":2,"gold_loss":0,"cards_upgraded":["Strike_R","Defend_R"]},{"cards_removed":["Strike_R"],"damage_healed":0,"gold_gain":0,"player_choice":"Card Removal","damage_taken":0,"max_hp_gain":0,"max_hp_loss":0,"event_name":"The Cleric","floor":3,"gold_loss":50},{"damage_healed":0,"gold_gain":0,"player_choice":"Success","damage_taken":18,"relics_obtained":["Pen Nib"],"max_hp_gain":0,"max_hp_loss":0,"event_name":"Scrap Ooze","floor":4,"gold_loss":0},{"damage_healed":0,"gold_gain":175,"player_choice":"AGREE","damage_taken":0,"max_hp_gain":0,"max_hp_loss":0,"event_name":"Liars Game","floor":7,"gold_loss":0,"cards_obtained":["Doubt"]},{"damage_healed":0,"gold_gain":75,"player_choice":"Gather Gold","damage_taken":11,"max_hp_gain":0,"max_hp_loss":0,"event_name":"World of Goop","floor":11,"gold_loss":0},{"damage_healed":0,"gold_gain":0,"player_choice":"Lose Max HP","damage_taken":0,"relics_obtained":["Golden Idol"],"max_hp_gain":0,"max_hp_loss":6,"event_name":"Golden Idol","floor":12,"gold_loss":0}],"is_beta":false,"boss_relics":[],"items_purged_floors":[],"is_endless":false,"potions_floor_spawned":[5,10],"killed_by":"The Guardian","ascension_level":5}