{"gold_per_floor":[112,262,7,25,25,61,61,61,61,61,100,200,234,159,159,258,258,282,282,282,282,15,48,48,48,48,83,107,141,156,179,179,275,275,289,289,289,289,289,289,330,330,330,330,364,8,52,0,0,0],"floor_reached":50,"playtime":1695,"items_purged":["Doubt","Strike_R"],"score":1238,"play_id":"d8c9796c-c2f7-4bda-8610-ff5f34eb078e","local_time":"20190802190239","is_ascension_mode":true,"campfire_choices":[{"data":"Juggernaut","floor":7,"key":"SMITH"},{"floor":10,"key":"REST"},{"data":"Disarm","floor":15,"key":"SMITH"},{"floor":24,"key":"REST"},{"floor":32,"key":"REST"},{"floor":40,"key":"REST"},{"floor":42,"key":"REST"},{"floor":44,"key":"REST"},{"floor":49,"key":"REST"}],"neow_cost":"NONE","seed_source_timestamp":5329761556709,"circlet_count":0,"master_deck":["AscendersBane","Strike_R","Defend_R","Defend_R","Defend_R","Defend_R","Bash","Shrug It Off","Flame Barrier","Metallicize","Anger","Flame Barrier","Juggernaut+1","Disarm+1","Headbutt","Barricade","Sword Boomerang+1","Anger","Shockwave","Shockwave","Feel No Pain","Ghostly Armor","Body Slam","Feed","Sadistic Nature","Magnetism","Deep Breath","Body Slam+1","Seeing Red","Corruption","Battle Trance"],"relics":["Burning Blood","Golden Idol","Juzu Bracelet","Ornamental Fan","Mango","PreservedInsect","Fusion Hammer","Blood Vial","Meat on the Bone","Anchor","Nilry\u0027s Codex","Bronze Scales","Mummified Hand","Orichalcum","Runic Cube","Molten Egg 2","Art of War","Dodecahedron","Mercury Hourglass","Potion Belt","Red Mask"],"potions_floor_usage":[6,6,16,16,23,27,29,29,33,47,50],"damage_taken":[{"damage":17,"enemies":"Jaw Worm","floor":1,"turns":4},{"damage":1,"enemies":"Cultist","floor":4,"turns":5},{"damage":46,"enemies":"Lagavulin","floor":6,"turns":9},{"damage":18,"enemies":"Gremlin Nob","floor":11,"turns":4},{"damage":0,"enemies":"Lagavulin","floor":13,"turns":7},{"damage":28,"enemies":"The Guardian","floor":16,"turns":11},{"damage":23,"enemies":"Shell Parasite","floor":18,"turns":7},{"damage":14,"enemies":"Book of Stabbing","floor":23,"turns":6},{"damage":42,"enemies":"Gremlin Leader","floor":27,"turns":8},{"damage":0,"enemies":"3 Byrds","floor":28,"turns":2},{"damage":8,"enemies":"Book of Stabbing","floor":29,"turns":4},{"damage":2,"enemies":"3 Cultists","floor":30,"turns":5},{"damage":6,"enemies":"Snake Plant","floor":31,"turns":3},{"damage":61,"enemies":"Automaton","floor":33,"turns":10},{"damage":24,"enemies":"3 Shapes","floor":35,"turns":8},{"damage":53,"enemies":"Nemesis","floor":41,"turns":12},{"damage":82,"enemies":"Reptomancer","floor":45,"turns":6},{"damage":8,"enemies":"Giant Head","floor":47,"turns":7},{"damage":87,"enemies":"Awakened One","floor":50,"turns":7}],"seed_played":"-3597335942411028710","potions_obtained":[{"floor":0,"key":"Strength Potion"},{"floor":0,"key":"Regen Potion"},{"floor":6,"key":"Explosive Potion"},{"floor":11,"key":"PowerPotion"},{"floor":18,"key":"Energy Potion"},{"floor":23,"key":"EssenceOfSteel"},{"floor":28,"key":"EntropicBrew"},{"floor":35,"key":"LiquidBronze"}],"is_trial":false,"path_per_floor":["M","?","$","M","?","E","R","$","T","R","E","?","E","?","R","B",null,"M","?","?","?","$","E","R","?","T","E","M","E","M","M","R","B",null,"M","?","T","?","?","R","E","R","T","R","E","$","E","?","R","B"],"character_chosen":"IRONCLAD","items_purchased":["Flame Barrier","Metallicize","Anger","Meat on the Bone","Corruption","Battle Trance","BloodPotion"],"campfire_rested":7,"item_purchase_floors":[3,3,3,22,46,46,46],"current_hp_per_floor":[57,57,57,62,36,11,11,11,11,33,35,35,41,41,41,19,72,55,55,55,55,55,61,87,66,66,44,52,52,58,60,86,45,78,65,65,65,65,55,81,48,74,74,87,23,23,56,56,82,0],"gold":0,"neow_bonus":"THREE_SMALL_POTIONS","is_prod":false,"is_daily":false,"chose_seed":false,"campfire_upgraded":2,"win_rate":0,"timestamp":1564786959,"path_taken":["M","?","$","M","?","E","R","$","T","R","E","?","E","?","R","BOSS","M","?","?","?","$","E","R","?","T","E","M","E","M","M","R","BOSS","M","?","?","?","?","R","E","R","T","R","E","?","E","?","R","BOSS"],"build_version":"2019-07-17","purchased_purges":2,"victory":false,"max_hp_per_floor":[75,75,75,75,75,75,75,75,75,75,89,89,89,89,89,89,89,89,89,89,89,89,89,89,89,89,89,89,89,89,89,89,89,89,92,92,92,87,87,87,87,87,87,87,87,87,87,87,87,87],"card_choices":[{"not_picked":["Body Slam","Iron Wave"],"picked":"Shrug It Off","floor":1},{"not_picked":["Intimidate","Pommel Strike"],"picked":"Flame Barrier","floor":4},{"not_picked":["Fire Breathing","Sever Soul"],"picked":"Juggernaut","floor":6},{"not_picked":["Havoc","Iron Wave"],"picked":"Disarm","floor":11},{"not_picked":["True Grit","Sentinel"],"picked":"Headbutt","floor":13},{"not_picked":["Exhume","Offering"],"picked":"Barricade","floor":16},{"not_picked":["Wild Strike+1","Sever Soul"],"picked":"Sword Boomerang+1","floor":18},{"not_picked":["Havoc","Cleave"],"picked":"Shockwave","floor":23},{"not_picked":["Power Through","Twin Strike","Cleave"],"picked":"SKIP","floor":27},{"not_picked":["Clash","Headbutt"],"picked":"Feel No Pain","floor":28},{"not_picked":["Double Tap","Body Slam"],"picked":"Ghostly Armor","floor":29},{"not_picked":["Thunderclap","Rupture","Perfected Strike"],"picked":"SKIP","floor":30},{"not_picked":["Anger","Wild Strike"],"picked":"Body Slam","floor":31},{"not_picked":["Offering","Immolate"],"picked":"Feed","floor":33},{"not_picked":["Intimidate","Anger","Pommel Strike"],"picked":"SKIP","floor":35},{"not_picked":["Secret Technique","The Bomb"],"picked":"Sadistic Nature","floor":39},{"not_picked":["Purity","Panacea"],"picked":"Magnetism","floor":39},{"not_picked":["Secret Weapon","Jack Of All Trades"],"picked":"Deep Breath","floor":39},{"not_picked":["Power Through","Twin Strike+1"],"picked":"Body Slam+1","floor":41},{"not_picked":["Dual Wield","Twin Strike+1"],"picked":"Seeing Red","floor":45},{"not_picked":["Thunderclap+1","Berserk","Anger+1"],"picked":"SKIP","floor":47}],"player_experience":544394,"relics_obtained":[{"floor":6,"key":"Juzu Bracelet"},{"floor":9,"key":"Ornamental Fan"},{"floor":11,"key":"Mango"},{"floor":13,"key":"PreservedInsect"},{"floor":23,"key":"Anchor"},{"floor":25,"key":"Nilry\u0027s Codex"},{"floor":26,"key":"Bronze Scales"},{"floor":27,"key":"Mummified Hand"},{"floor":29,"key":"Orichalcum"},{"floor":37,"key":"Molten Egg 2"},{"floor":41,"key":"Art of War"},{"floor":43,"key":"Dodecahedron"},{"floor":45,"key":"Mercury Hourglass"},{"floor":47,"key":"Potion Belt"}],"event_choices":[{"damage_healed":0,"gold_gain":150,"player_choice":"AGREE","damage_taken":0,"max_hp_gain":0,"max_hp_loss":0,"event_name":"Liars Game","floor":2,"gold_loss":0,"cards_obtained":["Doubt"]},{"damage_healed":0,"gold_gain":0,"player_choice":"Take Damage","damage_taken":26,"relics_obtained":["Golden Idol"],"max_hp_gain":0,"max_hp_loss":0,"event_name":"Golden Idol","floor":5,"gold_loss":0},{"damage_healed":0,"gold_gain":100,"player_choice":"Gold","damage_taken":0,"max_hp_gain":0,"max_hp_loss":0,"event_name":"Wheel of Change","floor":12,"gold_loss":0},{"cards_removed":["Strike_R"],"damage_healed":0,"gold_gain":0,"player_choice":"Card Removal","damage_taken":0,"max_hp_gain":0,"max_hp_loss":0,"event_name":"The Cleric","floor":14,"gold_loss":75},{"damage_healed":0,"gold_gain":0,"cards_transformed":["Strike_R","Strike_R"],"player_choice":"Became Test Subject","damage_taken":0,"max_hp_gain":0,"max_hp_loss":0,"event_name":"Drug Dealer","floor":19,"gold_loss":0,"cards_obtained":["Anger","Shockwave"]},{"damage_healed":0,"gold_gain":0,"player_choice":"Opened","damage_taken":0,"relics_obtained":["Blood Vial"],"max_hp_gain":0,"max_hp_loss":0,"event_name":"The Mausoleum","floor":20,"gold_loss":0,"cards_obtained":["Writhe"]},{"cards_removed":["Writhe"],"damage_healed":0,"gold_gain":0,"player_choice":"Elegance","damage_taken":0,"max_hp_gain":0,"max_hp_loss":0,"event_name":"Back to Basics","floor":21,"gold_loss":0},{"damage_healed":0,"gold_gain":0,"player_choice":"Obtained Book","damage_taken":21,"max_hp_gain":0,"max_hp_loss":0,"event_name":"Cursed Tome","floor":25,"gold_loss":0},{"damage_healed":0,"gold_gain":0,"player_choice":"Ignored","damage_taken":0,"max_hp_gain":0,"max_hp_loss":0,"event_name":"Mysterious Sphere","floor":36,"gold_loss":0},{"damage_healed":0,"gold_gain":0,"player_choice":"Max HP","damage_taken":0,"max_hp_gain":0,"max_hp_loss":5,"event_name":"Winding Halls","floor":38,"gold_loss":0},{"damage_healed":0,"gold_gain":0,"player_choice":"Memory 3","damage_taken":10,"max_hp_gain":0,"max_hp_loss":0,"event_name":"SensoryStone","floor":39,"gold_loss":0},{"damage_healed":0,"gold_gain":0,"player_choice":"Paid","damage_taken":0,"relics_obtained":["Red Mask"],"max_hp_gain":0,"max_hp_loss":0,"event_name":"Tomb of Lord Red Mask","floor":48,"gold_loss":52}],"is_beta":false,"boss_relics":[{"not_picked":["Calling Bell","Eternal Feather"],"picked":"Fusion Hammer"},{"not_picked":["Tiny House","Pandora\u0027s Box"],"picked":"Runic Cube"}],"items_purged_floors":[3,46],"is_endless":false,"potions_floor_spawned":[6,11,13,18,23,28,35],"killed_by":"Awakened One","ascension_level":20}