{"gold_per_floor":[117,131,148,164,175,210,210,241,318,318],"floor_reached":10,"playtime":333,"items_purged":[],"score":131,"play_id":"5b90e68c-a722-49f1-b8f3-8af30bc95879","local_time":"20190323121150","is_ascension_mode":true,"campfire_choices":[],"neow_cost":"NONE","seed_source_timestamp":843762030708596,"circlet_count":0,"master_deck":["AscendersBane","Strike_R","Strike_R","Strike_R","Strike_R","Strike_R","Defend_R","Defend_R","Defend_R","Defend_R","Bash","Perfected Strike","Burning Pact","Metallicize","Uppercut","True Grit","Double Tap"],"relics":["Burning Blood","Oddly Smooth Stone","StoneCalendar","Pear","Bottled Tornado"],"potions_floor_usage":[7,8,10],"damage_taken":[{"damage":6,"enemies":"Cultist","floor":1,"turns":4},{"damage":2,"enemies":"2 Louse","floor":2,"turns":3},{"damage":0,"enemies":"Small Slimes","floor":3,"turns":3},{"damage":9,"enemies":"2 Fungi Beasts","floor":4,"turns":3},{"damage":19,"enemies":"Blue Slaver","floor":5,"turns":5},{"damage":53,"enemies":"Lagavulin","floor":6,"turns":9},{"damage":0,"enemies":"Large Slime","floor":7,"turns":1},{"damage":21,"enemies":"3 Sentries","floor":8,"turns":7},{"damage":18,"enemies":"Gremlin Gang","floor":10,"turns":3}],"seed_played":"2723487345971412324","potions_obtained":[{"floor":1,"key":"Explosive Potion"},{"floor":5,"key":"SmokeBomb"},{"floor":8,"key":"SteroidPotion"}],"is_trial":false,"path_per_floor":["M","M","M","M","M","E","M","E","T","M"],"character_chosen":"IRONCLAD","items_purchased":[],"campfire_rested":0,"item_purchase_floors":[],"current_hp_per_floor":[72,76,80,77,64,17,23,18,18,0],"gold":318,"neow_bonus":"RANDOM_COMMON_RELIC","is_prod":false,"is_daily":false,"chose_seed":false,"campfire_upgraded":0,"win_rate":0,"timestamp":1553357510,"path_taken":["M","M","M","M","M","E","M","E","T","M"],"build_version":"2019-01-23","purchased_purges":0,"victory":false,"max_hp_per_floor":[80,80,80,80,80,80,80,90,90,90],"card_choices":[{"not_picked":["Pummel","Thunderclap"],"picked":"Perfected Strike","floor":1},{"not_picked":["Iron Wave","True Grit"],"picked":"Burning Pact","floor":2},{"not_picked":["Warcry","Seeing Red"],"picked":"Metallicize","floor":3},{"not_picked":["Heavy Blade","Sentinel"],"picked":"Uppercut","floor":4},{"not_picked":["Perfected Strike","Reckless Charge"],"picked":"True Grit","floor":5},{"not_picked":["Clash","Flex"],"picked":"Double Tap","floor":6},{"not_picked":["Heavy Blade","Sever Soul","Iron Wave"],"picked":"SKIP","floor":8}],"player_experience":207433,"relics_obtained":[{"floor":6,"key":"StoneCalendar"},{"floor":8,"key":"Pear"},{"floor":9,"key":"Bottled Tornado"}],"event_choices":[],"is_beta":false,"boss_relics":[],"items_purged_floors":[],"is_endless":false,"potions_floor_spawned":[1,5,8],"killed_by":"Gremlin Gang","ascension_level":12}