{"gold_per_floor":[118,118,137,19,33,33,62,62,88,175,220,246,278,318,330,342],"floor_reached":16,"playtime":400,"items_purged":[],"score":216,"play_id":"81863354-09a4-4096-8ef7-b581db456215","local_time":"20190420111344","is_ascension_mode":true,"campfire_choices":[{"data":"Feel No Pain","floor":6,"key":"SMITH"},{"data":"Spot Weakness","floor":8,"key":"SMITH"},{"floor":15,"key":"REST"}],"neow_cost":"NONE","seed_source_timestamp":840091998229619,"circlet_count":0,"master_deck":["AscendersBane","Strike_R","Strike_R","Strike_R","Strike_R+1","Strike_R","Defend_R","Defend_R","Defend_R","Defend_R","Bash+1","Headbutt","Spot Weakness+1","Feel No Pain+1","Evolve","Pummel+1","Barricade","Sword Boomerang","True Grit","Shrug It Off"],"relics":["Burning Blood","Omamori","MawBank","Dream Catcher","Whetstone"],"potions_floor_usage":[14],"damage_taken":[{"damage":3,"enemies":"Jaw Worm","floor":1,"turns":6},{"damage":6,"enemies":"Cultist","floor":3,"turns":4},{"damage":11,"enemies":"2 Louse","floor":5,"turns":3},{"damage":24,"enemies":"Gremlin Nob","floor":7,"turns":4},{"damage":30,"enemies":"3 Sentries","floor":11,"turns":7},{"damage":11,"enemies":"Blue Slaver","floor":12,"turns":6},{"damage":0,"enemies":"Exordium Wildlife","floor":13,"turns":3},{"damage":28,"enemies":"Gremlin Nob","floor":14,"turns":4},{"damage":39,"enemies":"The Guardian","floor":16,"turns":8}],"seed_played":"-3516898347618916106","potions_obtained":[{"floor":2,"key":"EntropicBrew"},{"floor":2,"key":"FairyPotion"},{"floor":11,"key":"BloodPotion"}],"is_trial":false,"path_per_floor":["M","?","M","$","M","R","E","R","T","?","E","M","M","E","R","B"],"character_chosen":"IRONCLAD","items_purchased":["Spot Weakness","Feel No Pain"],"campfire_rested":1,"item_purchase_floors":[4,4],"current_hp_per_floor":[71,71,71,71,66,66,48,48,48,37,13,8,14,13,35,0],"gold":342,"neow_bonus":"UPGRADE_CARD","is_prod":false,"is_daily":false,"chose_seed":false,"campfire_upgraded":2,"win_rate":0,"timestamp":1555773224,"path_taken":["M","?","?","$","M","R","E","R","T","?","E","M","M","E","R","BOSS"],"build_version":"2019-01-23","purchased_purges":0,"victory":false,"max_hp_per_floor":[75,75,75,75,75,75,75,75,75,75,75,75,75,75,75,75],"card_choices":[{"not_picked":["Flex","Rupture"],"picked":"Headbutt","floor":1},{"not_picked":["Corruption","Pommel Strike","Anger"],"picked":"SKIP","floor":3},{"not_picked":["True Grit","Clothesline"],"picked":"Evolve","floor":5},{"not_picked":["Warcry","Fiend Fire"],"picked":"Pummel","floor":7},{"not_picked":["Sword Boomerang","Thunderclap"],"picked":"Barricade","floor":11},{"not_picked":["Heavy Blade","Iron Wave"],"picked":"Sword Boomerang","floor":12},{"not_picked":["Fire Breathing","Clash","Power Through"],"picked":"SKIP","floor":13},{"not_picked":["Blood for Blood","Perfected Strike"],"picked":"True Grit","floor":14},{"not_picked":["Flex","Headbutt"],"picked":"Shrug It Off","floor":15}],"player_experience":303228,"relics_obtained":[{"floor":7,"key":"Omamori"},{"floor":9,"key":"MawBank"},{"floor":11,"key":"Dream Catcher"},{"floor":14,"key":"Whetstone"}],"event_choices":[{"damage_healed":0,"gold_gain":0,"player_choice":"Got Potions","damage_taken":0,"max_hp_gain":0,"max_hp_loss":0,"event_name":"Lab","floor":2,"gold_loss":0},{"damage_healed":0,"gold_gain":75,"player_choice":"Gather Gold","damage_taken":11,"max_hp_gain":0,"max_hp_loss":0,"event_name":"World of Goop","floor":10,"gold_loss":0}],"is_beta":false,"boss_relics":[],"items_purged_floors":[],"is_endless":false,"potions_floor_spawned":[5,11],"killed_by":"The Guardian","ascension_level":16}