{"gold_per_floor":[114,114,127,137,62,62,76,76,146,165,185,204,204,104,104,208,208,222,97,116,116],"floor_reached":21,"playtime":993,"items_purged":["Strike_R","Strike_R","Defend_R"],"score":260,"play_id":"acf8267a-639c-4280-9167-9e6203ba939c","local_time":"20190902234541","is_ascension_mode":true,"campfire_choices":[{"data":"Limit Break","floor":6.0,"key":"SMITH"},{"data":"Shrug It Off","floor":8.0,"key":"SMITH"},{"data":"Pummel","floor":13.0,"key":"SMITH"},{"data":"Armaments","floor":15.0,"key":"SMITH"}],"neow_cost":"NONE","seed_source_timestamp":29068784822371,"circlet_count":0,"master_deck":["AscendersBane","Strike_R","Strike_R","Defend_R","Defend_R","Defend_R","Bash","Limit Break+1","Flex","Armaments+1","Thunderclap","Shrug It Off+1","Cleave","Pummel+1","Spot Weakness","Double Tap","Impervious"],"special_seed":0,"relics":["Burning Blood","Coffee Dripper"],"potions_floor_usage":[16,16],"damage_taken":[{"damage":13.0,"enemies":"2 Louse","floor":1.0,"turns":4.0},{"damage":6.0,"enemies":"Cultist","floor":3.0,"turns":4.0},{"damage":5.0,"enemies":"Small Slimes","floor":4.0,"turns":4.0},{"damage":5.0,"enemies":"Gremlin Gang","floor":7.0,"turns":4.0},{"damage":1.0,"enemies":"2 Fungi Beasts","floor":10.0,"turns":4.0},{"damage":4.0,"enemies":"Red Slaver","floor":11.0,"turns":4.0},{"damage":10.0,"enemies":"Lots of Slimes","floor":12.0,"turns":4.0},{"damage":40,"enemies":"The Guardian","floor":16,"turns":11},{"damage":31,"enemies":"Chosen","floor":18,"turns":7},{"damage":40,"enemies":"Spheric Guardian","floor":20,"turns":7},{"damage":10,"enemies":"3 Cultists","floor":21,"turns":3}],"seed_played":"-7314165862593870753","potions_obtained":[{"floor":1.0,"key":"Explosive Potion"},{"floor":10.0,"key":"Block Potion"},{"floor":11.0,"key":"SpeedPotion"},{"floor":12.0,"key":"GamblersBrew"}],"is_trial":false,"path_per_floor":["M","?","M","M","$","R","M","R","T","M","M","M","R","$","R","B",null,"M","$","M","M"],"character_chosen":"IRONCLAD","items_purchased":[],"campfire_rested":0,"item_purchase_floors":[],"current_hp_per_floor":[65,65,65,66,66,66,67,67,67,72,74,70,70,70,70,36,69,44,44,10,0],"gold":116,"neow_bonus":"ONE_RANDOM_RARE_CARD","is_prod":false,"is_daily":false,"chose_seed":false,"campfire_upgraded":4,"win_rate":0,"timestamp":1567460741,"path_taken":["M","?","M","M","$","R","M","R","T","M","M","?","R","$","R","BOSS","M","$","M","M"],"build_version":"2019-07-17","purchased_purges":3,"victory":false,"max_hp_per_floor":[80,80,80,80,80,80,80,80,80,80,80,80,80,80,80,80,80,80,80,80,80],"card_choices":[{"not_picked":["Uppercut","Perfected Strike"],"picked":"Flex","floor":1.0},{"not_picked":["Perfected Strike","Havoc","Fiend Fire"],"picked":"SKIP","floor":3.0},{"not_picked":["Headbutt","Rupture"],"picked":"Thunderclap","floor":4.0},{"not_picked":["Twin Strike","Dual Wield"],"picked":"Shrug It Off","floor":7.0},{"not_picked":["Reckless Charge","Iron Wave"],"picked":"Cleave","floor":10.0},{"not_picked":["Dual Wield","Clothesline"],"picked":"Pummel","floor":11.0},{"not_picked":["Wild Strike","Iron Wave"],"picked":"Spot Weakness","floor":12.0},{"not_picked":["Bludgeon","Feed"],"picked":"Double Tap","floor":16},{"not_picked":["Heavy Blade+1","Warcry","Armaments"],"picked":"SKIP","floor":18},{"not_picked":["Armaments","Body Slam"],"picked":"Impervious","floor":20}],"player_experience":192172,"relics_obtained":[],"event_choices":[{"damage_healed":0.0,"max_hp_gain":0.0,"max_hp_loss":0.0,"gold_gain":0.0,"cards_transformed":["Strike_R"],"event_name":"Transmorgrifier","player_choice":"Transformed","floor":2.0,"gold_loss":0.0,"damage_taken":0.0,"cards_obtained":["Armaments"]}],"is_beta":false,"boss_relics":[{"not_picked":["Velvet Choker","Black Star"],"picked":"Coffee Dripper"}],"items_purged_floors":[5,14,19],"is_endless":false,"potions_floor_spawned":[1,10,11,12],"killed_by":"3 Cultists","ascension_level":10}