{"gold_per_floor":[111,126,24,44,119,119,150,150,229,229,249,269,269,269,269,342,342,358,368,368,381,393,393,95,95,145,145,20,20,40,51,51,51],"floor_reached":33,"playtime":1349,"items_purged":["Strike_G"],"score":482,"play_id":"b77e6093-1cfb-418d-b4ce-caf9a6c42030","local_time":"20190515225653","is_ascension_mode":true,"campfire_choices":[{"data":"Footwork","floor":6,"key":"SMITH"},{"floor":8,"key":"REST"},{"data":"Cloak And Dagger","floor":10,"key":"SMITH"},{"data":"Leg Sweep","floor":13,"key":"SMITH"},{"data":"Poisoned Stab","floor":15,"key":"SMITH"},{"floor":23,"key":"REST"},{"data":"Noxious Fumes","floor":25,"key":"SMITH"},{"data":"Well Laid Plans","floor":27,"key":"SMITH"},{"floor":32,"key":"REST"}],"neow_cost":"NONE","seed_source_timestamp":444700731679080,"circlet_count":0,"master_deck":["AscendersBane","Defend_G","Defend_G","Defend_G","Defend_G","Defend_G","Strike_G","Strike_G","Strike_G","Strike_G","Survivor","Neutralize+1","Poisoned Stab+1","PiercingWail","Leg Sweep+1","Cloak And Dagger+1","Footwork+1","Flying Knee","Choke+1","Skewer+1","Adrenaline+1","Slice+1","Crippling Poison+1","Noxious Fumes+1","Leg Sweep","Backstab+1","Well Laid Plans+1","Deadly Poison","Accuracy","Blade Dance"],"relics":["Ring of the Snake","Lantern","Molten Egg 2","GremlinMask","WristBlade","PreservedInsect","MutagenicStrength"],"potions_floor_usage":[7,16,33,33],"damage_taken":[{"damage":11,"enemies":"Jaw Worm","floor":1,"turns":7},{"damage":0,"enemies":"Small Slimes","floor":2,"turns":3},{"damage":0,"enemies":"Cultist","floor":4,"turns":4},{"damage":29,"enemies":"3 Sentries","floor":7,"turns":18},{"damage":7,"enemies":"Lots of Slimes","floor":11,"turns":6},{"damage":1,"enemies":"3 Louse","floor":12,"turns":3},{"damage":28,"enemies":"Slime Boss","floor":16,"turns":11},{"damage":1,"enemies":"Chosen","floor":18,"turns":4},{"damage":10,"enemies":"Spheric Guardian","floor":19,"turns":4},{"damage":0,"enemies":"Centurion and Healer","floor":21,"turns":8},{"damage":18,"enemies":"Chosen and Byrds","floor":22,"turns":6},{"damage":0,"enemies":"3 Cultists","floor":30,"turns":4},{"damage":30,"enemies":"Snake Plant","floor":31,"turns":4},{"damage":30,"enemies":"Automaton","floor":33,"turns":6}],"seed_played":"5016930452057376662","potions_obtained":[{"floor":2,"key":"Regen Potion"},{"floor":11,"key":"GhostInAJar"},{"floor":12,"key":"Explosive Potion"},{"floor":16,"key":"Block Potion"},{"floor":21,"key":"Strength Potion"},{"floor":22,"key":"Dexterity Potion"}],"is_trial":false,"path_per_floor":["M","M","$","M","?","R","E","R","T","R","M","M","R","?","R","B",null,"M","M","?","M","M","R","$","R","T","R","$","?","M","M","R","B"],"character_chosen":"THE_SILENT","items_purchased":["Leg Sweep","Cloak And Dagger","Backstab+1","Well Laid Plans","PowerPotion","Deadly Poison","Accuracy"],"campfire_rested":3,"item_purchase_floors":[3,3,24,24,24,28,28],"current_hp_per_floor":[48,48,48,48,37,37,23,42,42,42,35,34,34,34,34,6,51,50,40,40,40,22,41,41,41,41,41,41,41,41,11,30,0],"gold":51,"neow_bonus":"UPGRADE_CARD","is_prod":false,"is_daily":false,"chose_seed":false,"campfire_upgraded":6,"win_rate":0,"timestamp":1557975413,"path_taken":["M","M","$","M","?","R","E","R","T","R","M","M","R","?","R","BOSS","M","M","?","M","?","R","$","R","T","R","$","?","M","M","R","BOSS"],"build_version":"2019-01-23","purchased_purges":1,"victory":false,"max_hp_per_floor":[66,66,66,66,66,66,66,66,66,66,66,66,66,66,66,66,66,66,66,66,66,66,66,66,66,66,66,66,66,66,66,66,66],"card_choices":[{"not_picked":["Slice","Outmaneuver"],"picked":"Poisoned Stab","floor":1},{"not_picked":["Backflip","Underhanded Strike"],"picked":"PiercingWail","floor":2},{"not_picked":["Finisher","Deflect"],"picked":"Footwork","floor":4},{"not_picked":["Bane","Accuracy"],"picked":"Flying Knee","floor":7},{"not_picked":["Crippling Poison","PiercingWail"],"picked":"Choke+1","floor":11},{"not_picked":["Predator+1","Concentrate"],"picked":"Skewer+1","floor":12},{"not_picked":["Envenom","Burst"],"picked":"Adrenaline","floor":16},{"not_picked":["PiercingWail","Bane+1"],"picked":"Slice+1","floor":18},{"not_picked":["Outmaneuver+1","Bane+1"],"picked":"Crippling Poison+1","floor":19},{"not_picked":["Concentrate","Leg Sweep"],"picked":"Noxious Fumes","floor":21},{"not_picked":["Poisoned Stab+1","Deadly Poison"],"picked":"Leg Sweep","floor":22},{"not_picked":["Flying Knee+1","Underhanded Strike+1"],"picked":"Blade Dance","floor":30},{"not_picked":["Accuracy","Quick Slash+1","Well Laid Plans"],"picked":"SKIP","floor":31}],"player_experience":371597,"relics_obtained":[{"floor":7,"key":"Lantern"},{"floor":9,"key":"Molten Egg 2"},{"floor":26,"key":"PreservedInsect"}],"event_choices":[{"damage_healed":0,"gold_gain":75,"player_choice":"Gather Gold","damage_taken":11,"max_hp_gain":0,"max_hp_loss":0,"event_name":"World of Goop","floor":5,"gold_loss":0},{"damage_healed":0,"gold_gain":0,"player_choice":"Trade","damage_taken":0,"relics_obtained":["GremlinMask"],"max_hp_gain":0,"max_hp_loss":0,"event_name":"FaceTrader","floor":14,"gold_loss":0},{"damage_healed":0,"gold_gain":0,"player_choice":"Upgraded","damage_taken":0,"max_hp_gain":0,"max_hp_loss":0,"event_name":"Upgrade Shrine","floor":20,"gold_loss":0,"cards_upgraded":["Adrenaline"]},{"damage_healed":0,"gold_gain":0,"player_choice":"Inject Mutagens","damage_taken":0,"relics_obtained":["MutagenicStrength"],"max_hp_gain":0,"max_hp_loss":0,"event_name":"Drug Dealer","floor":29,"gold_loss":0}],"is_beta":false,"boss_relics":[{"not_picked":["Cursed Key","Velvet Choker"],"picked":"WristBlade"}],"items_purged_floors":[24],"is_endless":false,"potions_floor_spawned":[2,11,12,16,21,22],"killed_by":"Automaton","ascension_level":19}