{"gold_per_floor":[110,71,71,71,82,82,116,130,153,78,94,94,94,118,118,241,241,265,364,36,111,134,178,178,28,28,28,66,16,16,16,16,140,140,153,153,211,211],"floor_reached":38,"playtime":1554,"items_purged":["Strike_B","Strike_B","Strike_B+1"],"score":424,"play_id":"f37e399e-b43b-438e-b716-2846862d1ead","local_time":"20190815143317","is_ascension_mode":true,"campfire_choices":[{"data":"Static Discharge","floor":6,"key":"SMITH"},{"data":"Defragment","floor":12,"key":"SMITH"},{"data":"Zap","floor":15,"key":"SMITH"},{"floor":27,"key":"REST"},{"data":"Echo Form","floor":30,"key":"SMITH"},{"data":"Leap","floor":32,"key":"SMITH"}],"neow_cost":"NONE","seed_source_timestamp":107860224036815,"circlet_count":0,"master_deck":["Defend_B+1","Defend_B","Defend_B","Defend_B","Zap+1","Dualcast","Melter","Capacitor","Static Discharge+1","Defragment+1","Self Repair","Echo Form+1","Leap+1","Static Discharge+1","Barrage","Defragment+1","Thunder Strike","Leap+1"],"relics":["Cracked Core","Vajra","Pear","Lantern","Golden Idol","Potion Belt","Inserter","DollysMirror","PreservedInsect","Oddly Smooth Stone","Sundial","Smiling Mask","Fusion Hammer","Unceasing Top"],"potions_floor_usage":[16,23,23,28,37,38],"damage_taken":[{"damage":2,"enemies":"2 Louse","floor":1,"turns":2},{"damage":0,"enemies":"Jaw Worm","floor":5,"turns":3},{"damage":13,"enemies":"Lagavulin","floor":7,"turns":6},{"damage":0,"enemies":"Cultist","floor":8,"turns":3},{"damage":11,"enemies":"Large Slime","floor":11,"turns":4},{"damage":24,"enemies":"Hexaghost","floor":16,"turns":5},{"damage":13,"enemies":"Shell Parasite","floor":18,"turns":5},{"damage":23,"enemies":"2 Thieves","floor":22,"turns":3},{"damage":38,"enemies":"Slavers","floor":23,"turns":4},{"damage":20,"enemies":"Book of Stabbing","floor":28,"turns":4},{"damage":55,"enemies":"Automaton","floor":33,"turns":8},{"damage":10,"enemies":"Orb Walker","floor":35,"turns":3},{"damage":58,"enemies":"2 Orb Walkers","floor":37,"turns":3},{"damage":40,"enemies":"3 Shapes","floor":38,"turns":3}],"seed_played":"-4477641252190782428","potions_obtained":[{"floor":5,"key":"FearPotion"},{"floor":11,"key":"FocusPotion"},{"floor":16,"key":"Strength Potion"},{"floor":22,"key":"AttackPotion"},{"floor":23,"key":"PowerPotion"},{"floor":33,"key":"SneckoOil"},{"floor":35,"key":"Swift Potion"}],"is_trial":false,"path_per_floor":["M","$","?","?","M","R","E","M","T","$","M","R","?","T","R","B",null,"M","?","$","?","M","E","?","$","T","R","E","$","R","?","R","B",null,"M","$","?","M"],"character_chosen":"DEFECT","items_purchased":["Capacitor","Leap","DollysMirror","Oddly Smooth Stone"],"campfire_rested":1,"item_purchase_floors":[2,20,20,25],"current_hp_per_floor":[73,73,66,51,51,51,48,48,48,48,37,37,37,37,37,13,79,73,73,73,66,50,19,19,19,19,42,36,36,36,62,62,7,79,69,69,18,0],"gold":211,"neow_bonus":"REMOVE_CARD","is_prod":false,"is_daily":false,"chose_seed":false,"campfire_upgraded":5,"win_rate":0,"timestamp":1565847197,"path_taken":["M","$","?","?","M","R","E","M","T","?","?","R","?","?","R","BOSS","M","?","$","?","?","E","?","?","T","R","E","?","R","?","R","BOSS","M","$","?","M"],"build_version":"2019-07-17","purchased_purges":3,"victory":false,"max_hp_per_floor":[75,75,75,75,75,75,85,85,85,85,85,85,79,79,79,79,79,79,79,79,79,79,79,79,79,79,79,79,79,79,79,79,79,79,79,79,79,79],"card_choices":[{"not_picked":["Stack","Reinforced Body"],"picked":"Melter","floor":1},{"not_picked":["Sweeping Beam","Gash"],"picked":"Static Discharge","floor":5},{"not_picked":["Leap","Hologram"],"picked":"Defragment","floor":7},{"not_picked":["Coolheaded","Recycle","Rebound"],"picked":"SKIP","floor":8},{"not_picked":["Reprogram","Fusion"],"picked":"Self Repair","floor":11},{"not_picked":["Multi-Cast","Amplify"],"picked":"Echo Form","floor":16},{"not_picked":["Scrape","Coolheaded","Rip and Tear+1"],"picked":"SKIP","floor":18},{"not_picked":["Chaos+1","Skim+1"],"picked":"Barrage","floor":22},{"not_picked":["Beam Cell","Redo","Gash"],"picked":"SKIP","floor":23},{"not_picked":["Beam Cell","Compile Driver","Rebound+1"],"picked":"SKIP","floor":28},{"not_picked":["Meteor Strike","All For One"],"picked":"Thunder Strike","floor":33},{"not_picked":["Streamline+1","Cold Snap+1"],"picked":"Leap+1","floor":35}],"player_experience":125838,"relics_obtained":[{"floor":7,"key":"Pear"},{"floor":9,"key":"Lantern"},{"floor":14,"key":"Potion Belt"},{"floor":23,"key":"PreservedInsect"},{"floor":26,"key":"Sundial"},{"floor":28,"key":"Smiling Mask"},{"floor":37,"key":"Unceasing Top"}],"event_choices":[{"damage_healed":0,"gold_gain":0,"player_choice":"Success","damage_taken":7,"relics_obtained":["Vajra"],"max_hp_gain":0,"max_hp_loss":0,"event_name":"Scrap Ooze","floor":3,"gold_loss":0},{"damage_healed":0,"gold_gain":0,"player_choice":"Entered Light","damage_taken":15,"max_hp_gain":0,"max_hp_loss":0,"event_name":"Shining Light","floor":4,"gold_loss":0,"cards_upgraded":["Strike_B","Defend_B"]},{"damage_healed":0,"gold_gain":0,"player_choice":"Lose Max HP","damage_taken":0,"relics_obtained":["Golden Idol"],"max_hp_gain":0,"max_hp_loss":6,"event_name":"Golden Idol","floor":13,"gold_loss":0},{"damage_healed":0,"gold_gain":99,"player_choice":"Stole From Cult","damage_taken":0,"max_hp_gain":0,"max_hp_loss":0,"event_name":"Nest","floor":19,"gold_loss":0},{"damage_healed":0,"gold_gain":75,"player_choice":"Touch","damage_taken":7,"max_hp_gain":0,"max_hp_loss":0,"event_name":"FaceTrader","floor":21,"gold_loss":0},{"damage_healed":0,"gold_gain":0,"player_choice":"Copied","damage_taken":0,"max_hp_gain":0,"max_hp_loss":0,"event_name":"Duplicator","floor":24,"gold_loss":0,"cards_obtained":["Defragment"]},{"damage_healed":26,"gold_gain":0,"player_choice":"Heal","damage_taken":0,"max_hp_gain":0,"max_hp_loss":0,"event_name":"The Library","floor":31,"gold_loss":0},{"damage_healed":0,"gold_gain":0,"player_choice":"Fight","damage_taken":0,"max_hp_gain":0,"max_hp_loss":0,"event_name":"Mysterious Sphere","floor":37,"gold_loss":0}],"is_beta":false,"boss_relics":[{"not_picked":["Empty Cage","Orrery"],"picked":"Inserter"},{"not_picked":["Coffee Dripper","White Beast Statue"],"picked":"Fusion Hammer"}],"items_purged_floors":[10,20,29],"is_endless":false,"potions_floor_spawned":[5,11,16,22,23,33,35],"killed_by":"3 Shapes","ascension_level":1}