{"gold_per_floor":[109,109,109,29,39,39,68,68,68,100,100,119,146,162,162,236,236,252,252,267,21,21,48,48,48,73,73,103,103,118,128,128,201,201,216,233,233,4,4,4,33,49,49,64,80,80,80,38,38,38],"floor_reached":51,"playtime":1319,"items_purged":["Strike_R"],"score":1391,"play_id":"23fa67ec-2580-4717-8ee2-56102b59fff8","local_time":"20190506165908","is_ascension_mode":true,"campfire_choices":[{"data":"Bash","floor":6.0,"key":"SMITH"},{"data":"Rampage","floor":11,"key":"SMITH"},{"data":"Whirlwind","floor":15,"key":"SMITH"},{"data":"Juggernaut","floor":29,"key":"SMITH"},{"floor":32,"key":"REST"},{"data":"Demon Form","floor":40,"key":"SMITH"},{"data":"Inflame","floor":46,"key":"SMITH"},{"data":"Corruption","floor":49,"key":"SMITH"}],"neow_cost":"TEN_PERCENT_HP_LOSS","seed_source_timestamp":2242383060572392,"circlet_count":0,"master_deck":["AscendersBane","Strike_R","Defend_R+1","Defend_R","Defend_R+1","Bash+1","Carnage","Rampage+1","Shrug It Off+1","Shockwave+1","Infernal Blade+1","Whirlwind+1","Impervious+1","Spot Weakness+1","Sword Boomerang","Master of Strategy+1","Armaments+1","Flame Barrier+1","Shrug It Off+1","Juggernaut+1","Shrug It Off+1","True Grit+1","Demon Form+1","Disarm+1","Inflame+1","Battle Trance+1","Disarm+1","Pummel+1","Body Slam+1","Corruption+1","Disarm+1"],"special_seed":0,"relics":["Burning Blood","PreservedInsect","Toxic Egg 2","Mercury Hourglass","Bronze Scales","Calipers","Sozu","Nilry\u0027s Codex","Blue Candle","War Paint","Sundial","Runic Pyramid","Anchor","Question Card","Unceasing Top"],"potions_floor_usage":[16,50,50],"damage_taken":[{"damage":5.0,"enemies":"2 Louse","floor":1.0,"turns":4.0},{"damage":7.0,"enemies":"Jaw Worm","floor":5.0,"turns":4.0},{"damage":25,"enemies":"3 Sentries","floor":7,"turns":7},{"damage":8,"enemies":"Gremlin Nob","floor":10,"turns":3},{"damage":0,"enemies":"Small Slimes","floor":12,"turns":3},{"damage":10,"enemies":"3 Sentries","floor":13,"turns":6},{"damage":13,"enemies":"Red Slaver","floor":14,"turns":3},{"damage":30,"enemies":"Slime Boss","floor":16,"turns":9},{"damage":0,"enemies":"Chosen","floor":18,"turns":3},{"damage":0,"enemies":"Spheric Guardian","floor":20,"turns":4},{"damage":27,"enemies":"Colosseum Slavers","floor":22,"turns":3},{"damage":0,"enemies":"Gremlin Leader","floor":23,"turns":3},{"damage":7,"enemies":"Book of Stabbing","floor":28,"turns":4},{"damage":13,"enemies":"Shelled Parasite and Fungi","floor":30,"turns":5},{"damage":18,"enemies":"Snake Plant","floor":31,"turns":4},{"damage":17,"enemies":"Collector","floor":33,"turns":7},{"damage":0,"enemies":"Orb Walker","floor":35,"turns":4},{"damage":0,"enemies":"3 Shapes","floor":36,"turns":3},{"damage":15,"enemies":"Nemesis","floor":41,"turns":5},{"damage":1,"enemies":"Maw","floor":42,"turns":7},{"damage":7,"enemies":"Writhing Mass","floor":44,"turns":6},{"damage":2,"enemies":"4 Shapes","floor":45,"turns":5},{"damage":14,"enemies":"Donu and Deca","floor":50,"turns":7}],"seed_played":"-3002066814936678436","potions_obtained":[{"floor":10,"key":"Dexterity Potion"},{"floor":13,"key":"SkillPotion"},{"floor":16,"key":"Poison Potion"}],"is_trial":false,"path_per_floor":["M","?","?","$","M","R","E","?","T","E","R","M","E","M","R","B",null,"M","?","M","$","?","E","?","?","T","?","E","R","M","M","R","B",null,"M","M","?","$","?","R","E","M","T","M","M","R","T","$","R","B",null],"character_chosen":"IRONCLAD","items_purchased":["Carnage","Master of Strategy+1","Armaments+1","Inflame","Battle Trance+1","Disarm+1"],"campfire_rested":1,"item_purchase_floors":[4,21,21,38,38,48],"current_hp_per_floor":[68,63,68,68,67,67,48,48,48,46,46,52,48,41,41,17,59,65,44,50,50,29,35,35,35,35,35,34,34,27,15,36,25,61,67,73,69,69,69,69,60,65,65,64,68,68,68,68,68,60],"gold":38,"neow_bonus":"REMOVE_TWO","is_prod":false,"is_daily":false,"chose_seed":false,"campfire_upgraded":7,"win_rate":0,"timestamp":1557176348,"path_taken":["M","?","?","$","M","R","E","?","T","E","R","M","E","M","R","BOSS","M","?","M","$","?","E","?","?","T","?","E","R","M","M","R","BOSS","M","M","?","$","?","R","E","M","T","M","?","R","?","?","R","BOSS"],"build_version":"2019-01-23","purchased_purges":1,"victory":true,"max_hp_per_floor":[68,68,73,73,73,73,73,73,73,73,73,73,73,73,73,73,73,73,73,73,73,73,73,73,73,73,73,73,73,73,73,73,73,73,73,73,69,69,69,69,69,69,69,69,69,69,69,69,69,69],"card_choices":[{"not_picked":["Heavy Blade","Sentinel","Perfected Strike"],"picked":"SKIP","floor":1.0},{"not_picked":["Iron Wave","Shrug It Off"],"picked":"Rampage","floor":5.0},{"not_picked":["Intimidate","Headbutt"],"picked":"Shrug It Off","floor":7},{"not_picked":["Burning Pact+1","Body Slam"],"picked":"Shockwave+1","floor":10},{"not_picked":["Clash","Whirlwind"],"picked":"Infernal Blade+1","floor":12},{"not_picked":["Bloodletting+1","Uppercut"],"picked":"Whirlwind","floor":13},{"not_picked":["Combust","Pommel Strike","Body Slam"],"picked":"SKIP","floor":14},{"not_picked":["Reaper","Offering+1"],"picked":"Impervious+1","floor":16},{"not_picked":["Havoc+1","Flex+1"],"picked":"Spot Weakness+1","floor":18},{"not_picked":["Twin Strike","Clash"],"picked":"Sword Boomerang","floor":20},{"not_picked":["Warcry+1","Spot Weakness+1"],"picked":"Flame Barrier+1","floor":23},{"not_picked":["Brutality","Iron Wave"],"picked":"Juggernaut","floor":28},{"not_picked":["Anger","Iron Wave"],"picked":"Shrug It Off+1","floor":30},{"not_picked":["Armaments+1","Iron Wave+1"],"picked":"True Grit+1","floor":31},{"not_picked":["Offering+1","Barricade"],"picked":"Demon Form","floor":33},{"not_picked":["Perfected Strike","Iron Wave","Pommel Strike"],"picked":"SKIP","floor":35},{"not_picked":["Cleave","Flex+1"],"picked":"Disarm+1","floor":36},{"not_picked":["Bludgeon","Armaments+1"],"picked":"Pummel+1","floor":41},{"not_picked":["Sentinel+1","Power Through+1","Thunderclap+1"],"picked":"SKIP","floor":42},{"not_picked":["Flex+1","Armaments+1","Cleave+1"],"picked":"Body Slam+1","floor":44},{"not_picked":["Sentinel+1","Shrug It Off+1","Havoc+1"],"picked":"Corruption","floor":45}],"player_experience":333599,"relics_obtained":[{"floor":7,"key":"Toxic Egg 2"},{"floor":9,"key":"Mercury Hourglass"},{"floor":10,"key":"Bronze Scales"},{"floor":13,"key":"Calipers"},{"floor":19,"key":"Nilry\u0027s Codex"},{"floor":23,"key":"Blue Candle"},{"floor":26,"key":"War Paint"},{"floor":28,"key":"Sundial"},{"floor":41,"key":"Anchor"},{"floor":43,"key":"Question Card"},{"floor":47,"key":"Unceasing Top"}],"event_choices":[{"damage_healed":0.0,"max_hp_gain":0.0,"max_hp_loss":0.0,"gold_gain":0.0,"event_name":"Scrap Ooze","player_choice":"Success","floor":2.0,"gold_loss":0.0,"damage_taken":5.0,"relics_obtained":["PreservedInsect"]},{"damage_healed":0.0,"max_hp_gain":5.0,"max_hp_loss":0.0,"gold_gain":0.0,"event_name":"Big Fish","player_choice":"Donut","floor":3.0,"gold_loss":0.0,"damage_taken":0.0},{"cards_removed":["Strike_R"],"damage_healed":0,"gold_gain":0,"player_choice":"Purged","damage_taken":0,"max_hp_gain":0,"max_hp_loss":0,"event_name":"Purifier","floor":8,"gold_loss":0},{"damage_healed":0,"gold_gain":0,"player_choice":"Obtained Book","damage_taken":21,"max_hp_gain":0,"max_hp_loss":0,"event_name":"Cursed Tome","floor":19,"gold_loss":0},{"damage_healed":0,"gold_gain":0,"player_choice":"Fight","damage_taken":0,"max_hp_gain":0,"max_hp_loss":0,"event_name":"Colosseum","floor":22,"gold_loss":0},{"damage_healed":0,"gold_gain":0,"player_choice":"Fled From Nobs","damage_taken":0,"max_hp_gain":0,"max_hp_loss":0,"event_name":"Colosseum","floor":22,"gold_loss":0},{"damage_healed":0,"gold_gain":0,"player_choice":"Ignored","damage_taken":0,"max_hp_gain":0,"max_hp_loss":0,"event_name":"Beggar","floor":24,"gold_loss":0},{"cards_removed":["Defend_R"],"damage_healed":0,"gold_gain":0,"player_choice":"Elegance","damage_taken":0,"max_hp_gain":0,"max_hp_loss":0,"event_name":"Back to Basics","floor":25,"gold_loss":0},{"damage_healed":0,"gold_gain":0,"player_choice":"Read","damage_taken":0,"max_hp_gain":0,"max_hp_loss":0,"event_name":"The Library","floor":27,"gold_loss":0,"cards_obtained":["Shrug It Off"]},{"damage_healed":0,"gold_gain":0,"player_choice":"Max HP","damage_taken":0,"max_hp_gain":0,"max_hp_loss":4,"event_name":"Winding Halls","floor":37,"gold_loss":0},{"damage_healed":0,"gold_gain":0,"player_choice":"Copied","damage_taken":0,"max_hp_gain":0,"max_hp_loss":0,"event_name":"Duplicator","floor":39,"gold_loss":0,"cards_obtained":["Disarm"]}],"is_beta":false,"boss_relics":[{"not_picked":["Orrery","Busted Crown"],"picked":"Sozu"},{"not_picked":["Mark of Pain","Black Blood"],"picked":"Runic Pyramid"}],"items_purged_floors":[38],"is_endless":false,"potions_floor_spawned":[10,13,14,16,22,23,33,35,42,44],"ascension_level":18}