{"gold_per_floor":[20,36,36,111,121,147,147,147,195,224,224,224,241,251,251,347,347,362,287,306,87,87,87,87],"floor_reached":24,"playtime":982,"items_purged":["Strike_B"],"score":235,"play_id":"354050b8-4b5b-44d1-bf9d-fffe132d8291","local_time":"20190818011544","is_ascension_mode":true,"campfire_choices":[{"floor":8,"key":"REST"},{"floor":12,"key":"REST"},{"data":"Beam Cell","floor":15,"key":"SMITH"},{"data":"Buffer","floor":23,"key":"SMITH"}],"neow_cost":"NO_GOLD","seed_source_timestamp":52513046933275,"circlet_count":0,"master_deck":["Strike_B","Defend_B","Defend_B","Defend_B","Defend_B","Zap","Dualcast","Beam Cell+1","Gash","Beam Cell","Buffer+1","Capacitor","Steam","Scrape+1","Turbo","Gash+1","Reprogram","Hologram+1","Go for the Eyes+1","Good Instincts","Conserve Battery"],"relics":["Cracked Core","Ancient Tea Set","Bronze Scales","Prayer Wheel","Molten Egg 2","Sozu"],"potions_floor_usage":[6,16,16],"damage_taken":[{"damage":10,"enemies":"Small Slimes","floor":1,"turns":5},{"damage":2,"enemies":"Jaw Worm","floor":2,"turns":2},{"damage":1,"enemies":"Cultist","floor":5,"turns":3},{"damage":49,"enemies":"Lagavulin","floor":6,"turns":7},{"damage":35,"enemies":"Gremlin Nob","floor":10,"turns":5},{"damage":0,"enemies":"Looter","floor":13,"turns":3},{"damage":1,"enemies":"Exordium Wildlife","floor":14,"turns":4},{"damage":14,"enemies":"The Guardian","floor":16,"turns":10},{"damage":30,"enemies":"3 Byrds","floor":18,"turns":3},{"damage":11,"enemies":"Spheric Guardian","floor":20,"turns":4},{"damage":32,"enemies":"Gremlin Leader","floor":24,"turns":8}],"seed_played":"511757354312221614","potions_obtained":[{"floor":1,"key":"Weak Potion"},{"floor":6,"key":"LiquidBronze"},{"floor":10,"key":"EssenceOfSteel"}],"is_trial":false,"path_per_floor":["M","M","?","?","M","E","?","R","T","E","?","R","M","M","R","B",null,"M","?","M","$","?","R","E"],"character_chosen":"DEFECT","items_purchased":["Good Instincts","Conserve Battery"],"campfire_rested":2,"item_purchase_floors":[21,21],"current_hp_per_floor":[65,63,63,52,51,2,20,42,42,7,7,29,29,28,28,14,75,45,45,34,34,34,34,2],"gold":87,"neow_bonus":"REMOVE_TWO","is_prod":false,"is_daily":false,"chose_seed":false,"campfire_upgraded":2,"win_rate":0,"timestamp":1566058544,"path_taken":["M","M","?","?","M","E","?","R","T","E","?","R","?","M","R","BOSS","M","?","M","$","?","R","E"],"build_version":"2019-07-17","purchased_purges":1,"victory":false,"max_hp_per_floor":[75,75,75,75,75,75,75,75,75,75,75,75,75,75,75,75,75,75,72,72,72,72,72,72],"card_choices":[{"not_picked":["Genetic Algorithm","Stack"],"picked":"Beam Cell","floor":1},{"not_picked":["Coolheaded","Compile Driver"],"picked":"Gash","floor":2},{"not_picked":["Turbo","Streamline"],"picked":"Beam Cell","floor":5},{"not_picked":["Force Field","Tempest"],"picked":"Buffer","floor":6},{"not_picked":["Consume","Blizzard"],"picked":"Capacitor","floor":10},{"not_picked":["Aggregate","Streamline+1"],"picked":"Steam","floor":13},{"not_picked":["Doom and Gloom+1","Undo"],"picked":"Scrape+1","floor":13},{"not_picked":["Rebound+1","Cold Snap+1"],"picked":"Turbo","floor":14},{"not_picked":["Steam","Barrage+1"],"picked":"Gash+1","floor":14},{"not_picked":["Force Field","Leap+1"],"picked":"Reprogram","floor":18},{"not_picked":["Melter+1","Turbo"],"picked":"Hologram+1","floor":18},{"not_picked":["Compile Driver+1","Cold Snap+1"],"picked":"Go for the Eyes+1","floor":20},{"not_picked":["Static Discharge","Sunder+1","Rebound+1"],"picked":"SKIP","floor":20}],"player_experience":160577,"relics_obtained":[{"floor":6,"key":"Ancient Tea Set"},{"floor":9,"key":"Bronze Scales"},{"floor":10,"key":"Prayer Wheel"},{"floor":11,"key":"Molten Egg 2"}],"event_choices":[{"damage_healed":0,"gold_gain":0,"player_choice":"Ignored","damage_taken":0,"max_hp_gain":0,"max_hp_loss":0,"event_name":"Liars Game","floor":3,"gold_loss":0},{"damage_healed":0,"gold_gain":75,"player_choice":"Gather Gold","damage_taken":11,"max_hp_gain":0,"max_hp_loss":0,"event_name":"World of Goop","floor":4,"gold_loss":0},{"damage_healed":18,"gold_gain":0,"player_choice":"Healed and dodged fight","damage_taken":0,"max_hp_gain":0,"max_hp_loss":0,"event_name":"Mushrooms","floor":7,"gold_loss":0,"cards_obtained":["Parasite"]},{"damage_healed":0,"gold_gain":0,"player_choice":"Relic","damage_taken":0,"max_hp_gain":0,"max_hp_loss":0,"event_name":"Wheel of Change","floor":11,"gold_loss":0},{"cards_removed":["Parasite"],"damage_healed":0,"gold_gain":0,"player_choice":"Gave Gold","damage_taken":0,"max_hp_gain":0,"max_hp_loss":0,"event_name":"Beggar","floor":19,"gold_loss":75},{"damage_healed":0,"gold_gain":0,"player_choice":"Got Potions","damage_taken":0,"max_hp_gain":0,"max_hp_loss":0,"event_name":"Lab","floor":22,"gold_loss":0}],"is_beta":false,"boss_relics":[{"not_picked":["Fusion Hammer","White Beast Statue"],"picked":"Sozu"}],"items_purged_floors":[21],"is_endless":false,"potions_floor_spawned":[1,6,10,18],"killed_by":"Gremlin Leader","ascension_level":3}