{"gold_per_floor":[112,125,125,155,170,208,75,75,146,71,95,136,160,184,184,184],"floor_reached":16,"playtime":592,"items_purged":["Regret","Injury"],"score":218,"play_id":"96375efa-8aa1-434f-b6b2-e71c9f88f567","local_time":"20190523205823","is_ascension_mode":true,"campfire_choices":[{"floor":15,"key":"REST"}],"neow_cost":"NONE","seed_source_timestamp":1129595435673760,"circlet_count":0,"master_deck":["AscendersBane","Defend_G","Defend_G","Defend_G","Defend_G","Defend_G","Strike_G","Strike_G","Strike_G","Strike_G","Strike_G","Survivor","Neutralize","Flying Knee","All Out Attack","Well Laid Plans","Footwork","Cloak And Dagger","Sucker Punch","Riddle With Holes","Deadly Poison","Backstab"],"relics":["Ring of the Snake","Smiling Mask","Golden Idol","Tiny Chest","Gambling Chip","Shuriken","Oddly Smooth Stone"],"potions_floor_usage":[12,12,14,16],"damage_taken":[{"damage":3,"enemies":"Jaw Worm","floor":1,"turns":6},{"damage":1,"enemies":"Small Slimes","floor":2,"turns":4},{"damage":13,"enemies":"Cultist","floor":5,"turns":4},{"damage":24,"enemies":"3 Sentries","floor":6,"turns":8},{"damage":0,"enemies":"Looter","floor":11,"turns":5},{"damage":9,"enemies":"Lagavulin","floor":12,"turns":7},{"damage":0,"enemies":"Large Slime","floor":13,"turns":7},{"damage":1,"enemies":"Exordium Thugs","floor":14,"turns":4},{"damage":28,"enemies":"The Guardian","floor":16,"turns":6}],"seed_played":"7072130707501971750","potions_obtained":[{"floor":5,"key":"Poison Potion"},{"floor":8,"key":"Weak Potion"},{"floor":12,"key":"LiquidBronze"},{"floor":13,"key":"EssenceOfSteel"}],"is_trial":false,"path_per_floor":["M","M","?","?","M","E","$","?","T","$","M","E","M","M","R","B"],"character_chosen":"THE_SILENT","items_purchased":["Footwork","Cloak And Dagger"],"campfire_rested":1,"item_purchase_floors":[7,10],"current_hp_per_floor":[56,55,55,55,42,18,18,18,18,18,18,9,9,8,27,0],"gold":184,"neow_bonus":"RANDOM_COMMON_RELIC","is_prod":false,"is_daily":false,"chose_seed":false,"campfire_upgraded":0,"win_rate":0,"timestamp":1558659503,"path_taken":["M","M","?","?","M","E","$","?","T","$","M","E","M","?","R","BOSS"],"build_version":"2019-01-23","purchased_purges":2,"victory":false,"max_hp_per_floor":[66,66,66,66,66,66,66,66,66,66,66,66,66,66,66,66],"card_choices":[{"not_picked":["Outmaneuver","Deflect"],"picked":"Flying Knee","floor":1},{"not_picked":["Poisoned Stab","Tactician"],"picked":"All Out Attack","floor":2},{"not_picked":["Flechettes","Escape Plan"],"picked":"Well Laid Plans","floor":5},{"not_picked":["Flying Knee","Bouncing Flask","Deflect"],"picked":"SKIP","floor":6},{"not_picked":["Deflect","Underhanded Strike"],"picked":"Sucker Punch","floor":11},{"not_picked":["Deflect","Bane"],"picked":"Riddle With Holes","floor":12},{"not_picked":["Bouncing Flask","Expertise"],"picked":"Deadly Poison","floor":13},{"not_picked":["Eviscerate","Dagger Spray"],"picked":"Backstab","floor":14}],"player_experience":406626,"relics_obtained":[{"floor":6,"key":"Gambling Chip"},{"floor":9,"key":"Shuriken"},{"floor":12,"key":"Oddly Smooth Stone"}],"event_choices":[{"damage_healed":0,"gold_gain":0,"player_choice":"Take Wound","damage_taken":0,"relics_obtained":["Golden Idol"],"max_hp_gain":0,"max_hp_loss":0,"event_name":"Golden Idol","floor":3,"gold_loss":0,"cards_obtained":["Injury"]},{"damage_healed":0,"gold_gain":0,"player_choice":"Box","damage_taken":0,"relics_obtained":["Tiny Chest"],"max_hp_gain":0,"max_hp_loss":0,"event_name":"Big Fish","floor":4,"gold_loss":0,"cards_obtained":["Regret"]},{"damage_healed":0,"gold_gain":0,"player_choice":"Got Potions","damage_taken":0,"max_hp_gain":0,"max_hp_loss":0,"event_name":"Lab","floor":8,"gold_loss":0}],"is_beta":false,"boss_relics":[],"items_purged_floors":[7,10],"is_endless":false,"potions_floor_spawned":[5,12,13],"killed_by":"The Guardian","ascension_level":19}