{"gold_per_floor":[111,111,111,126,138,171,171,186,186,200,44,56,56,66,66,140,140,158,158,171,183,198,198,198],"floor_reached":24,"playtime":953,"items_purged":["Strike_G"],"score":394,"play_id":"ac84386d-adb8-4c8c-aa8e-86ec771b3b90","local_time":"20190518110942","is_ascension_mode":true,"campfire_choices":[{"floor":7,"key":"REST"},{"data":"Noxious Fumes","floor":13,"key":"SMITH"},{"data":"1","floor":15,"key":"LIFT"},{"floor":23,"key":"REST"}],"neow_cost":"PERCENT_DAMAGE","seed_source_timestamp":661883982408254,"circlet_count":0,"master_deck":["AscendersBane","Defend_G+1","Defend_G+1","Defend_G+1","Defend_G+1","Defend_G+1","Strike_G+1","Strike_G+1","Strike_G+1","Strike_G+1","Survivor","Neutralize","Malaise+1","Backstab","Dagger Throw","Predator","Dagger Spray","Backflip","Infinite Blades","Noxious Fumes+1","Deadly Poison","Cloak And Dagger","Tools of the Trade","Footwork","Blur","Riddle With Holes","Backflip"],"special_seed":0,"relics":["Ring of the Snake","Girya","Pantograph","Bottled Flame","Runic Pyramid"],"potions_floor_usage":[6,16,20,22,22,24],"damage_taken":[{"damage":3.0,"enemies":"Jaw Worm","floor":1.0,"turns":4.0},{"damage":0,"enemies":"2 Louse","floor":4,"turns":4},{"damage":1,"enemies":"Cultist","floor":5,"turns":4},{"damage":27,"enemies":"Gremlin Nob","floor":6,"turns":6},{"damage":6,"enemies":"Exordium Wildlife","floor":8,"turns":5},{"damage":3,"enemies":"Blue Slaver","floor":10,"turns":4},{"damage":3,"enemies":"Looter","floor":12,"turns":2},{"damage":0,"enemies":"2 Fungi Beasts","floor":14,"turns":2},{"damage":11,"enemies":"Hexaghost","floor":16,"turns":10},{"damage":0,"enemies":"3 Byrds","floor":18,"turns":5},{"damage":17,"enemies":"Spheric Guardian","floor":20,"turns":6},{"damage":23,"enemies":"Centurion and Healer","floor":21,"turns":9},{"damage":7,"enemies":"Cultist and Chosen","floor":22,"turns":10},{"damage":25,"enemies":"Gremlin Leader","floor":24,"turns":6}],"seed_played":"-7502513195415180294","potions_obtained":[{"floor":1.0,"key":"Weak Potion"},{"floor":5,"key":"Regen Potion"},{"floor":6,"key":"Ancient Potion"},{"floor":16,"key":"Poison Potion"},{"floor":21,"key":"Strength Potion"},{"floor":22,"key":"PowerPotion"}],"is_trial":false,"path_per_floor":["M","?","?","M","M","E","R","M","T","M","$","M","R","M","R","B",null,"M","?","M","M","M","R","E"],"character_chosen":"THE_SILENT","items_purchased":["Noxious Fumes"],"campfire_rested":2,"item_purchase_floors":[11],"current_hp_per_floor":[41,15,15,15,14,2,21,15,15,12,12,9,9,9,9,23,55,55,55,38,15,8,27,2],"gold":198,"neow_bonus":"THREE_RARE_CARDS","is_prod":false,"is_daily":false,"chose_seed":false,"campfire_upgraded":1,"win_rate":0,"timestamp":1558192182,"path_taken":["M","?","?","M","M","E","R","M","T","M","$","?","R","M","R","BOSS","M","?","M","M","M","R","E"],"build_version":"2019-01-23","purchased_purges":1,"victory":false,"max_hp_per_floor":[66,66,66,66,66,66,66,66,66,66,66,66,66,66,66,66,66,66,66,66,66,66,66,66],"card_choices":[{"not_picked":["Grand Finale","Night Terror"],"picked":"Malaise","floor":0.0},{"not_picked":["Masterful Stab","Dagger Throw"],"picked":"Backstab","floor":1.0},{"not_picked":["Setup","Terror"],"picked":"Dagger Throw","floor":4},{"not_picked":["Bane","Quick Slash"],"picked":"Predator","floor":5},{"not_picked":["Tactician","Heel Hook"],"picked":"Dagger Spray","floor":6},{"not_picked":["Bane","Prepared"],"picked":"Backflip","floor":8},{"not_picked":["Infinite Blades","Underhanded Strike","Dodge and Roll"],"picked":"SKIP","floor":10},{"not_picked":["Underhanded Strike","Dodge and Roll"],"picked":"Infinite Blades","floor":10},{"not_picked":["Outmaneuver","Night Terror"],"picked":"Deadly Poison","floor":12},{"not_picked":["Deadly Poison","Outmaneuver"],"picked":"Cloak And Dagger","floor":14},{"not_picked":["Die Die Die","Venomology"],"picked":"Tools of the Trade","floor":16},{"not_picked":["Distraction","Infinite Blades+1"],"picked":"Footwork","floor":18},{"not_picked":["All Out Attack","Outmaneuver"],"picked":"Blur","floor":20},{"not_picked":["Concentrate","PiercingWail"],"picked":"Riddle With Holes","floor":21},{"not_picked":["Prepared","Dagger Throw+1"],"picked":"Backflip","floor":22}],"player_experience":375211,"relics_obtained":[{"floor":6,"key":"Pantograph"},{"floor":9,"key":"Bottled Flame"}],"event_choices":[{"damage_healed":0.0,"max_hp_gain":0.0,"max_hp_loss":0.0,"gold_gain":0.0,"event_name":"Scrap Ooze","player_choice":"Success","floor":2.0,"gold_loss":0.0,"damage_taken":26.0,"relics_obtained":["Girya"]},{"damage_healed":0.0,"max_hp_gain":0.0,"max_hp_loss":0.0,"gold_gain":0.0,"event_name":"Upgrade Shrine","player_choice":"Upgraded","floor":3.0,"gold_loss":0.0,"damage_taken":0.0,"cards_upgraded":["Malaise"]},{"damage_healed":0,"gold_gain":0,"player_choice":"Simplicity","damage_taken":0,"max_hp_gain":0,"max_hp_loss":0,"event_name":"Back to Basics","floor":19,"gold_loss":0,"cards_upgraded":["Defend_G","Defend_G","Defend_G","Defend_G","Defend_G","Strike_G","Strike_G","Strike_G","Strike_G"]}],"is_beta":false,"boss_relics":[{"not_picked":["HoveringKite","Runic Dome"],"picked":"Runic Pyramid"}],"items_purged_floors":[11],"is_endless":false,"potions_floor_spawned":[1,5,6,16,21,22],"killed_by":"Gremlin Leader","ascension_level":19}