{"gold_per_floor":[109,109,109,127,146,181,181,224,250,250,266,49,49],"floor_reached":13,"playtime":216,"items_purged":["Strike_B"],"score":177,"play_id":"d48820ea-157d-4f47-b7ed-e48044d79ee1","local_time":"20190512103915","is_ascension_mode":true,"campfire_choices":[{"floor":7,"key":"REST"},{"floor":10,"key":"REST"}],"neow_cost":"NONE","seed_source_timestamp":142403486566546,"circlet_count":0,"master_deck":["AscendersBane","Strike_B","Strike_B","Defend_B","Defend_B","Defend_B","Defend_B","Zap","Dualcast","Sweeping Beam","Go for the Eyes+1","Cold Snap+1","Darkness","Cold Snap","Defragment"],"relics":["Cracked Core","NeowsBlessing","Golden Idol","Art of War","Orichalcum","Whetstone"],"potions_floor_usage":[8,13],"damage_taken":[{"damage":0,"enemies":"Jaw Worm","floor":1,"turns":1},{"damage":0,"enemies":"Cultist","floor":4,"turns":1},{"damage":0,"enemies":"2 Louse","floor":5,"turns":1},{"damage":29,"enemies":"3 Sentries","floor":6,"turns":8},{"damage":31,"enemies":"Gremlin Nob","floor":8,"turns":6},{"damage":6,"enemies":"2 Fungi Beasts","floor":11,"turns":3},{"damage":16,"enemies":"The Mushroom Lair","floor":13,"turns":2}],"seed_played":"10421291481354269","potions_obtained":[{"floor":4,"key":"Ancient Potion"},{"floor":8,"key":"SkillPotion"}],"is_trial":false,"path_per_floor":["M","?","?","M","M","E","R","E","T","R","M","$","?"],"character_chosen":"DEFECT","items_purchased":["Defragment","PowerPotion"],"campfire_rested":2,"item_purchase_floors":[12,12],"current_hp_per_floor":[64,40,40,40,40,11,32,1,1,22,16,16,0],"gold":49,"neow_bonus":"THREE_ENEMY_KILL","is_prod":false,"is_daily":false,"chose_seed":false,"campfire_upgraded":0,"win_rate":0,"timestamp":1557671955,"path_taken":["M","?","?","M","?","E","R","E","T","R","M","$","?"],"build_version":"2019-01-23","purchased_purges":1,"victory":false,"max_hp_per_floor":[71,71,71,71,71,71,71,71,71,71,71,71,71],"card_choices":[{"not_picked":["Leap","Hologram"],"picked":"Sweeping Beam","floor":1},{"not_picked":["Redo","Scrape"],"picked":"Go for the Eyes","floor":4},{"not_picked":["Steam","Redo"],"picked":"Cold Snap","floor":5},{"not_picked":["Amplify","BootSequence"],"picked":"Darkness","floor":6},{"not_picked":["Auto Shields","Go for the Eyes","Leap"],"picked":"SKIP","floor":8},{"not_picked":["Lockon","Steam"],"picked":"Cold Snap","floor":11}],"player_experience":359088,"relics_obtained":[{"floor":6,"key":"Art of War"},{"floor":8,"key":"Orichalcum"},{"floor":9,"key":"Whetstone"}],"event_choices":[{"damage_healed":0,"gold_gain":0,"player_choice":"Take Damage","damage_taken":24,"relics_obtained":["Golden Idol"],"max_hp_gain":0,"max_hp_loss":0,"event_name":"Golden Idol","floor":2,"gold_loss":0},{"cards_removed":["Strike_B"],"damage_healed":0,"gold_gain":0,"player_choice":"Offered Basic","damage_taken":0,"max_hp_gain":0,"max_hp_loss":0,"event_name":"Bonfire Elementals","floor":3,"gold_loss":0},{"damage_healed":0,"gold_gain":0,"player_choice":"Fought Mushrooms","damage_taken":0,"max_hp_gain":0,"max_hp_loss":0,"event_name":"Mushrooms","floor":13,"gold_loss":0}],"is_beta":false,"boss_relics":[],"items_purged_floors":[12],"is_endless":false,"potions_floor_spawned":[4,8],"killed_by":"The Mushroom Lair","ascension_level":18}