{"gold_per_floor":[111,23,23,41,41,69,69,19,68,91,103,142,169,200,212,321,333,363,386,398,410,441,453,490,514,526,557,569,615,627,639,651,767,779,806,43,62,62,72,105,105,131,202,202,221,231,231],"floor_reached":47,"playtime":1509,"items_purged":["Beam Cell"],"score":785,"play_id":"e26f974e-d37c-4f5d-bc6f-fa2c14f841d2","local_time":"20190217132901","is_ascension_mode":true,"campfire_choices":[{"data":"Consume","floor":7.0,"key":"SMITH"},{"data":"Discovery","floor":11.0,"key":"SMITH"},{"data":"Defragment","floor":15.0,"key":"SMITH"},{"floor":23.0,"key":"REST"},{"floor":28.0,"key":"REST"},{"floor":32.0,"key":"REST"},{"data":"Electrodynamics","floor":41,"key":"SMITH"},{"floor":44,"key":"REST"}],"neow_cost":"CURSE","seed_source_timestamp":0,"circlet_count":0,"master_deck":["Strike_B+1","Strike_B+1","Strike_B+1","Defend_B+1","Defend_B+1","Defend_B+1","Defend_B+1","Zap","Dualcast","Discovery+1","Chaos","Consume+1","Capacitor","Beam Cell+1","Chill","Defragment+1","Streamline+1","Electrodynamics+1","Sunder+1","Defragment+1","Gash+1","Steam","Cold Snap+1","Rainbow","Double Energy","Ball Lightning+1","Reinforced Body+1","White Noise","Buffer","Blizzard+1","All For One+1","Coolheaded","Discovery","Glacier","Glacier+1","BootSequence","Steam+1","Chill+1","FTL+1"],"special_seed":0,"relics":["Cracked Core","Molten Egg 2","MawBank","Orichalcum","Orrery","Smiling Mask","Bottled Tornado","Red Mask","Black Star","Omamori","Cables","OrangePellets","SsserpentHead","StoneCalendar","Whetstone","Ancient Tea Set","Pantograph","Shuriken"],"potions_floor_usage":[],"damage_taken":[{"damage":8.0,"enemies":"Small Slimes","floor":1.0,"turns":3.0},{"damage":1.0,"enemies":"Cultist","floor":4.0,"turns":3.0},{"damage":26.0,"enemies":"Gremlin Nob","floor":6.0,"turns":4.0},{"damage":2.0,"enemies":"Jaw Worm","floor":10.0,"turns":2.0},{"damage":19.0,"enemies":"Lagavulin","floor":12.0,"turns":6.0},{"damage":1.0,"enemies":"2 Fungi Beasts","floor":13.0,"turns":3.0},{"damage":0.0,"enemies":"Exordium Wildlife","floor":14.0,"turns":3.0},{"damage":20.0,"enemies":"The Guardian","floor":16.0,"turns":9.0},{"damage":13.0,"enemies":"Shell Parasite","floor":18.0,"turns":8.0},{"damage":10.0,"enemies":"3 Byrds","floor":19.0,"turns":2.0},{"damage":12.0,"enemies":"3 Cultists","floor":22.0,"turns":3.0},{"damage":33.0,"enemies":"Slavers","floor":24.0,"turns":6.0},{"damage":4.0,"enemies":"Shelled Parasite and Fungi","floor":25.0,"turns":6.0},{"damage":17.0,"enemies":"Centurion and Healer","floor":27.0,"turns":6.0},{"damage":0.0,"enemies":"Masked Bandits","floor":29.0,"turns":2.0},{"damage":0.0,"enemies":"Champ","floor":33.0,"turns":12.0},{"damage":0,"enemies":"3 Shapes","floor":35,"turns":4},{"damage":27,"enemies":"3 Darklings","floor":37,"turns":4},{"damage":2,"enemies":"Sphere and 2 Shapes","floor":39,"turns":3},{"damage":18,"enemies":"Reptomancer","floor":40,"turns":5},{"damage":21,"enemies":"Giant Head","floor":42,"turns":9},{"damage":17,"enemies":"Writhing Mass","floor":45,"turns":8},{"damage":1,"enemies":"3 Darklings","floor":46,"turns":4},{"damage":25,"enemies":"Transient","floor":47,"turns":3}],"seed_played":"4221153889892157357","potions_obtained":[{"floor":6.0,"key":"SteroidPotion"},{"floor":10.0,"key":"Ancient Potion"},{"floor":13.0,"key":"FearPotion"},{"floor":16.0,"key":"FearPotion"},{"floor":18.0,"key":"FearPotion"},{"floor":22.0,"key":"FearPotion"},{"floor":29.0,"key":"Ancient Potion"},{"floor":33.0,"key":"Explosive Potion"},{"floor":37,"key":"FocusPotion"},{"floor":39,"key":"Weak Potion"}],"is_trial":false,"path_per_floor":["M","$","?","M","?","E","R","?","T","M","R","E","M","M","R","B",null,"M","M","?","?","M","R","E","M","T","M","R","?","?","$","R","B",null,"M","$","M","?","M","E","R","E","T","R","M","M","M"],"character_chosen":"DEFECT","items_purchased":["Discovery","Omamori","Discovery","Cables","Glacier","OrangePellets"],"campfire_rested":4,"item_purchase_floors":[2,36,36,36,36,36],"current_hp_per_floor":[74,74,74,73,73,47,47,47,47,45,45,26,25,25,25,5,68,55,45,45,45,33,59,26,22,22,5,31,31,31,31,57,57,81,81,81,54,54,52,34,34,13,13,39,22,21,0],"gold":231,"neow_bonus":"TWENTY_PERCENT_HP_BONUS","is_prod":false,"is_daily":false,"chose_seed":false,"campfire_upgraded":4,"win_rate":0,"timestamp":1550428141,"path_taken":["M","$","?","?","?","E","R","?","T","M","R","E","?","M","R","BOSS","M","M","?","?","M","R","E","M","T","?","R","?","?","$","R","BOSS","M","$","M","?","M","E","R","E","T","R","M","M","M"],"build_version":"2019-01-23","purchased_purges":1,"victory":false,"max_hp_per_floor":[89,89,89,89,89,89,89,89,89,89,89,89,89,89,89,89,89,89,89,89,89,89,89,89,89,89,89,89,89,89,89,89,89,89,89,89,89,89,89,89,89,89,89,89,89,89,89],"card_choices":[{"not_picked":["Auto Shields","Barrage"],"picked":"Beam Cell","floor":1.0},{"not_picked":["Blizzard","Stack"],"picked":"Consume","floor":4.0},{"not_picked":["Steam","Undo"],"picked":"Capacitor","floor":6.0},{"not_picked":["Stack","Hologram"],"picked":"Beam Cell+1","floor":10.0},{"not_picked":["Coolheaded","Sweeping Beam+1"],"picked":"Chill","floor":12.0},{"not_picked":["Streamline+1","Scrape+1"],"picked":"Defragment","floor":13.0},{"not_picked":["Sweeping Beam+1","Steam"],"picked":"Streamline+1","floor":14.0},{"not_picked":["Rainbow","Echo Form"],"picked":"Electrodynamics","floor":16.0},{"not_picked":["Static Discharge","Recycle"],"picked":"Sunder+1","floor":17.0},{"not_picked":["Rebound+1","Self Repair"],"picked":"Defragment","floor":17.0},{"not_picked":["Beam Cell+1","Redo"],"picked":"Gash+1","floor":17.0},{"not_picked":["Redo","Leap"],"picked":"Steam","floor":17.0},{"not_picked":["Rebound+1","Redo"],"picked":"Cold Snap+1","floor":17.0},{"not_picked":["Turbo","Storm+1"],"picked":"Rainbow","floor":18.0},{"not_picked":["Streamline+1","Aggregate"],"picked":"Double Energy","floor":19.0},{"not_picked":["Storm","Compile Driver+1"],"picked":"Reinforced Body+1","floor":22.0},{"not_picked":["Conserve Battery","Streamline+1"],"picked":"White Noise","floor":24.0},{"not_picked":["Darkness+1","Turbo+1"],"picked":"Buffer","floor":25.0},{"not_picked":["Gash+1","Steam"],"picked":"Blizzard+1","floor":27.0},{"not_picked":["Rainbow","Fission"],"picked":"All For One+1","floor":33.0},{"not_picked":["Reprogram+1","Hologram"],"picked":"Coolheaded","floor":35},{"not_picked":["Capacitor","Ball Lightning+1"],"picked":"Glacier+1","floor":37},{"not_picked":["Turbo","Redo+1","Doom and Gloom+1"],"picked":"SKIP","floor":39},{"not_picked":["Skim","Sunder+1"],"picked":"BootSequence","floor":40},{"not_picked":["Hello World","Sunder+1"],"picked":"Steam+1","floor":42},{"not_picked":["Go for the Eyes+1","Sweeping Beam+1"],"picked":"Chill+1","floor":45},{"not_picked":["Beam Cell+1","Double Energy+1"],"picked":"FTL+1","floor":46}],"player_experience":101084,"relics_obtained":[{"floor":6.0,"key":"Molten Egg 2"},{"floor":9.0,"key":"MawBank"},{"floor":12.0,"key":"Orichalcum"},{"floor":24.0,"key":"Smiling Mask"},{"floor":26.0,"key":"Bottled Tornado"},{"floor":29.0,"key":"Red Mask"},{"floor":40,"key":"StoneCalendar"},{"floor":40,"key":"Whetstone"},{"floor":42,"key":"Ancient Tea Set"},{"floor":42,"key":"Pantograph"},{"floor":43,"key":"Shuriken"}],"event_choices":[{"damage_healed":0.0,"max_hp_gain":0.0,"max_hp_loss":0.0,"gold_gain":0.0,"cards_transformed":["Strike_B"],"event_name":"Transmorgrifier","player_choice":"Transformed","floor":3.0,"gold_loss":0.0,"damage_taken":0.0,"cards_obtained":["Chaos"]},{"damage_healed":0.0,"max_hp_gain":0.0,"max_hp_loss":0.0,"gold_gain":0.0,"event_name":"Liars Game","player_choice":"Ignored","floor":5.0,"gold_loss":0.0,"damage_taken":0.0},{"cards_removed":["Injury"],"damage_healed":0.0,"max_hp_gain":0.0,"max_hp_loss":0.0,"gold_gain":0.0,"event_name":"The Cleric","player_choice":"Card Removal","floor":8.0,"gold_loss":50.0,"damage_taken":0.0},{"damage_healed":0.0,"max_hp_gain":0.0,"max_hp_loss":0.0,"gold_gain":0.0,"event_name":"The Library","player_choice":"Read","floor":20.0,"gold_loss":0.0,"damage_taken":0.0,"cards_obtained":["Ball Lightning"]},{"damage_healed":0.0,"max_hp_gain":0.0,"max_hp_loss":0.0,"gold_gain":0.0,"event_name":"Upgrade Shrine","player_choice":"Upgraded","floor":21.0,"gold_loss":0.0,"damage_taken":0.0,"cards_upgraded":["Defragment"]},{"damage_healed":0.0,"max_hp_gain":0.0,"max_hp_loss":0.0,"gold_gain":0.0,"event_name":"Masked Bandits","player_choice":"Fought Bandits","floor":29.0,"gold_loss":0.0,"damage_taken":0.0},{"damage_healed":0.0,"max_hp_gain":0.0,"max_hp_loss":0.0,"gold_gain":0.0,"event_name":"Back to Basics","player_choice":"Simplicity","floor":30.0,"gold_loss":0.0,"damage_taken":0.0,"cards_upgraded":["Strike_B","Strike_B","Strike_B","Defend_B","Defend_B","Defend_B","Defend_B"]},{"damage_healed":0,"gold_gain":0,"player_choice":"Trade","damage_taken":0,"relics_obtained":["SsserpentHead"],"max_hp_gain":0,"max_hp_loss":0,"event_name":"FaceTrader","floor":38,"gold_loss":0}],"is_beta":false,"boss_relics":[{"not_picked":["Calling Bell","Ectoplasm"],"picked":"Orrery"},{"not_picked":["White Beast Statue","Lizard Tail"],"picked":"Black Star"}],"items_purged_floors":[36],"is_endless":false,"potions_floor_spawned":[6,10,13,16,18,22,29,33,37,39],"killed_by":"Transient","ascension_level":6}