{"gold_per_floor":[116,116,136,24,34,61,61,24,51,86,86,105,70,70,70,70],"floor_reached":16,"playtime":289,"items_purged":[],"score":216,"play_id":"5be473e5-cab7-46fa-942a-99e8b9f3405a","local_time":"20190802183405","is_ascension_mode":true,"campfire_choices":[{"floor":7,"key":"REST"},{"data":"Consume","floor":15,"key":"SMITH"}],"neow_cost":"NONE","seed_source_timestamp":5025727735079,"circlet_count":0,"master_deck":["AscendersBane","Strike_B","Strike_B","Strike_B","Defend_B","Defend_B","Defend_B","Defend_B","Zap+1","Dualcast","Doom and Gloom+1","Coolheaded","Gash","Ball Lightning","Coolheaded","Consume+1","Cold Snap","Leap"],"relics":["Cracked Core","Regal Pillow","Potion Belt","Ornamental Fan"],"potions_floor_usage":[16,16],"damage_taken":[{"damage":0,"enemies":"Small Slimes","floor":1,"turns":2},{"damage":9,"enemies":"2 Louse","floor":3,"turns":3},{"damage":6,"enemies":"Cultist","floor":5,"turns":3},{"damage":29,"enemies":"Gremlin Nob","floor":6,"turns":4},{"damage":33,"enemies":"3 Sentries","floor":10,"turns":7},{"damage":13,"enemies":"Blue Slaver","floor":12,"turns":2},{"damage":22,"enemies":"Hexaghost","floor":16,"turns":9}],"seed_played":"1879735440097386113","potions_obtained":[{"floor":3,"key":"Dexterity Potion"},{"floor":12,"key":"EssenceOfSteel"}],"is_trial":false,"path_per_floor":["M","?","M","$","M","E","R","$","T","E","?","M","?","?","R","B"],"character_chosen":"DEFECT","items_purchased":["Coolheaded","Gash","Consume"],"campfire_rested":1,"item_purchase_floors":[4,4,8],"current_hp_per_floor":[64,57,48,48,42,13,49,49,49,16,16,3,20,20,20,0],"gold":70,"neow_bonus":"UPGRADE_CARD","is_prod":false,"is_daily":false,"chose_seed":false,"campfire_upgraded":1,"win_rate":0,"timestamp":1564785245,"path_taken":["M","?","M","$","M","E","R","$","T","E","?","?","?","?","R","BOSS"],"build_version":"2019-07-17","purchased_purges":0,"victory":false,"max_hp_per_floor":[71,71,71,71,71,71,71,71,71,71,71,71,71,71,71,71],"card_choices":[{"not_picked":["Rebound","Turbo","Steam"],"picked":"SKIP","floor":1},{"not_picked":["Streamline","Aggregate"],"picked":"Doom and Gloom","floor":3},{"not_picked":["Fusion","Conserve Battery"],"picked":"Ball Lightning","floor":5},{"not_picked":["Gash","Barrage"],"picked":"Coolheaded","floor":6},{"not_picked":["Machine Learning","Sweeping Beam"],"picked":"Cold Snap","floor":10},{"not_picked":["Hologram","Sweeping Beam"],"picked":"Leap","floor":12}],"player_experience":544105,"relics_obtained":[{"floor":6,"key":"Regal Pillow"},{"floor":9,"key":"Potion Belt"},{"floor":10,"key":"Ornamental Fan"}],"event_choices":[{"cards_removed":["Strike_B"],"damage_healed":0,"gold_gain":0,"player_choice":"Card Removal","damage_taken":7,"max_hp_gain":0,"max_hp_loss":0,"event_name":"Golden Wing","floor":2,"gold_loss":0},{"damage_healed":0,"gold_gain":0,"player_choice":"Upgraded","damage_taken":0,"max_hp_gain":0,"max_hp_loss":0,"event_name":"Upgrade Shrine","floor":11,"gold_loss":0,"cards_upgraded":["Doom and Gloom"]},{"damage_healed":17,"gold_gain":0,"player_choice":"Healed","damage_taken":0,"max_hp_gain":0,"max_hp_loss":0,"event_name":"The Cleric","floor":13,"gold_loss":35},{"damage_healed":0,"gold_gain":0,"player_choice":"Ignored","damage_taken":0,"max_hp_gain":0,"max_hp_loss":0,"event_name":"Liars Game","floor":14,"gold_loss":0}],"is_beta":false,"boss_relics":[],"items_purged_floors":[],"is_endless":false,"potions_floor_spawned":[3,12],"killed_by":"Hexaghost","ascension_level":20}