{"gold_per_floor":[117,292,307,307,154,154,154,154,154,154,186,92,109,126,126,227,227,247,262,262,162,173,173,173],"floor_reached":24,"playtime":937,"items_purged":["Strike_B","Defend_B"],"score":230,"play_id":"feabfa0f-862d-44f6-9bc3-fa97da737cd1","local_time":"20190816202724","is_ascension_mode":true,"campfire_choices":[{"data":"Zap","floor":6,"key":"SMITH"},{"data":"Dualcast","floor":10,"key":"SMITH"},{"data":"Steam","floor":15,"key":"SMITH"},{"floor":23,"key":"REST"}],"neow_cost":"NONE","seed_source_timestamp":32307059332280,"circlet_count":0,"master_deck":["Strike_B","Defend_B","Defend_B","Zap+1","Dualcast+1","FTL","Conserve Battery","Redo","Steam+1","Defragment+1","Good Instincts","Steam Power","Fission","Gash","Beam Cell","Auto Shields","Defragment+1"],"relics":["Cracked Core","NeowsBlessing","Vajra","Frozen Egg 2","Dead Branch","White Beast Statue"],"potions_floor_usage":[16,19,22,24],"damage_taken":[{"damage":0,"enemies":"Small Slimes","floor":1,"turns":1},{"damage":0,"enemies":"Jaw Worm","floor":3,"turns":1},{"damage":0,"enemies":"Gremlin Nob","floor":11,"turns":1},{"damage":1,"enemies":"2 Louse","floor":13,"turns":2},{"damage":0,"enemies":"Exordium Wildlife","floor":14,"turns":3},{"damage":28,"enemies":"The Guardian","floor":16,"turns":12},{"damage":18,"enemies":"3 Byrds","floor":18,"turns":6},{"damage":12,"enemies":"2 Thieves","floor":19,"turns":3},{"damage":37,"enemies":"Centurion and Healer","floor":22,"turns":9},{"damage":53,"enemies":"Gremlin Leader","floor":24,"turns":6}],"seed_played":"-2247715852087147768","potions_obtained":[{"floor":1,"key":"Ancient Potion"},{"floor":3,"key":"FocusPotion"},{"floor":16,"key":"SneckoOil"},{"floor":18,"key":"Explosive Potion"},{"floor":19,"key":"FairyPotion"},{"floor":22,"key":"Dexterity Potion"}],"is_trial":false,"path_per_floor":["M","?","M","?","$","R","?","?","T","R","E","$","M","M","R","B",null,"M","M","?","$","M","R","E"],"character_chosen":"DEFECT","items_purchased":["Redo","Steam","Good Instincts"],"campfire_rested":1,"item_purchase_floors":[5,5,12],"current_hp_per_floor":[75,75,75,50,50,50,50,43,43,43,43,43,42,42,42,14,75,57,45,45,45,8,30,0],"gold":173,"neow_bonus":"THREE_ENEMY_KILL","is_prod":false,"is_daily":false,"chose_seed":false,"campfire_upgraded":3,"win_rate":0,"timestamp":1565954844,"path_taken":["M","?","M","?","?","R","?","?","T","R","E","$","M","M","R","BOSS","M","M","?","$","M","R","E"],"build_version":"2019-07-17","purchased_purges":2,"victory":false,"max_hp_per_floor":[75,75,75,75,75,75,75,75,75,75,75,75,75,75,75,75,75,75,75,75,75,75,75,75],"card_choices":[{"not_picked":["Compile Driver","Stack"],"picked":"FTL","floor":1},{"not_picked":["Barrage","Skim"],"picked":"Conserve Battery","floor":3},{"not_picked":["Streamline","Sweeping Beam"],"picked":"Defragment+1","floor":11},{"not_picked":["Leap","Glacier"],"picked":"Steam Power","floor":13},{"not_picked":["Sweeping Beam","Rip and Tear","Rebound"],"picked":"SKIP","floor":14},{"not_picked":["Amplify","Biased Cognition+1"],"picked":"Fission","floor":16},{"not_picked":["Compile Driver+1","Cold Snap"],"picked":"Gash","floor":18},{"not_picked":["Ball Lightning","Redo"],"picked":"Beam Cell","floor":19},{"not_picked":["Coolheaded+1","Cold Snap","Echo Form+1"],"picked":"SKIP","floor":22}],"player_experience":138284,"relics_obtained":[{"floor":9,"key":"Frozen Egg 2"},{"floor":11,"key":"Dead Branch"}],"event_choices":[{"damage_healed":0,"gold_gain":175,"player_choice":"AGREE","damage_taken":0,"max_hp_gain":0,"max_hp_loss":0,"event_name":"Liars Game","floor":2,"gold_loss":0,"cards_obtained":["Doubt"]},{"damage_healed":0,"gold_gain":0,"player_choice":"Success","damage_taken":25,"relics_obtained":["Vajra"],"max_hp_gain":0,"max_hp_loss":0,"event_name":"Scrap Ooze","floor":4,"gold_loss":0},{"cards_removed":["Doubt"],"damage_healed":0,"gold_gain":0,"player_choice":"Forget","damage_taken":0,"max_hp_gain":0,"max_hp_loss":0,"event_name":"Living Wall","floor":7,"gold_loss":0},{"cards_removed":["Defend_B"],"damage_healed":0,"gold_gain":0,"player_choice":"Card Removal","damage_taken":7,"max_hp_gain":0,"max_hp_loss":0,"event_name":"Golden Wing","floor":8,"gold_loss":0},{"damage_healed":0,"gold_gain":0,"cards_transformed":["Strike_B","Strike_B"],"player_choice":"Became Test Subject","damage_taken":0,"max_hp_gain":0,"max_hp_loss":0,"event_name":"Drug Dealer","floor":20,"gold_loss":0,"cards_obtained":["Auto Shields","Defragment"]}],"is_beta":false,"boss_relics":[{"not_picked":["Ectoplasm","Calling Bell"],"picked":"White Beast Statue"}],"items_purged_floors":[5,21],"is_endless":false,"potions_floor_spawned":[1,3,16,18,19,22],"killed_by":"Gremlin Leader","ascension_level":1}