{"gold_per_floor":[116,41,41,55,55,55,75,75,102,177,207,207,207,54,54,127,127,143,143,170,189,26,26,26],"floor_reached":24,"playtime":671,"items_purged":["Strike_B"],"score":405,"play_id":"19b7bad9-e5f0-4946-a276-c8fdd35d2946","local_time":"20190719220329","is_ascension_mode":true,"campfire_choices":[{"data":"Zap","floor":6.0,"key":"SMITH"},{"data":"Sunder","floor":8.0,"key":"SMITH"},{"data":"Streamline","floor":13.0,"key":"SMITH"},{"data":"Reinforced Body","floor":15.0,"key":"SMITH"},{"floor":23.0,"key":"REST"}],"neow_cost":"PERCENT_DAMAGE","seed_source_timestamp":566435689226144,"circlet_count":0,"master_deck":["AscendersBane","Strike_B","Strike_B","Defend_B","Defend_B","Defend_B","Defend_B","Zap+1","Dualcast","Defragment+1","Gash","Sunder+1","Streamline+1","Reinforced Body+1","Creative AI","Steam","Necronomicurse","Sunder","Go for the Eyes+1"],"special_seed":0,"relics":["Cracked Core","Matryoshka","Cursed Key","Necronomicon","Red Mask","PreservedInsect"],"potions_floor_usage":[],"damage_taken":[{"damage":5.0,"enemies":"Small Slimes","floor":1.0,"turns":4.0},{"damage":7.0,"enemies":"Jaw Worm","floor":4.0,"turns":3.0},{"damage":0.0,"enemies":"2 Louse","floor":7.0,"turns":1.0},{"damage":30.0,"enemies":"Lagavulin","floor":11.0,"turns":4.0},{"damage":11.0,"enemies":"Slime Boss","floor":16.0,"turns":6.0},{"damage":23.0,"enemies":"Shell Parasite","floor":18.0,"turns":4.0},{"damage":16.0,"enemies":"Masked Bandits","floor":20.0,"turns":5.0},{"damage":0.0,"enemies":"Chosen","floor":21.0,"turns":3.0},{"damage":40,"enemies":"Gremlin Leader","floor":24,"turns":3}],"seed_played":"-1293282253218651896","potions_obtained":[{"floor":1.0,"key":"SpeedPotion"},{"floor":4.0,"key":"PowerPotion"},{"floor":11.0,"key":"FocusPotion"}],"is_trial":false,"path_per_floor":["M","?","?","M","?","R","M","R","T","?","E","$","R","$","R","B",null,"M","?","?","M","$","R","E"],"character_chosen":"DEFECT","items_purchased":["Reinforced Body","PreservedInsect"],"campfire_rested":1,"item_purchase_floors":[14,22],"current_hp_per_floor":[55,55,60,53,53,53,53,53,53,42,12,12,12,12,12,1,68,45,24,8,8,8,35,0],"gold":26,"neow_bonus":"TWENTY_PERCENT_HP_BONUS","is_prod":false,"is_daily":false,"chose_seed":false,"campfire_upgraded":4,"win_rate":0,"timestamp":1563599009,"path_taken":["M","?","?","M","?","R","M","R","T","?","E","$","R","$","R","BOSS","M","?","?","M","$","R","E"],"build_version":"2019-07-18","purchased_purges":1,"victory":false,"max_hp_per_floor":[85,85,90,90,90,90,90,90,90,90,90,90,90,90,90,90,90,90,90,90,90,90,90,90],"card_choices":[{"not_picked":["Conserve Battery","Undo"],"picked":"Defragment","floor":1.0},{"not_picked":["Compile Driver","Streamline"],"picked":"Gash","floor":4.0},{"not_picked":["Sweeping Beam","Leap"],"picked":"Sunder","floor":7.0},{"not_picked":["Redo","Barrage"],"picked":"Streamline","floor":11.0},{"not_picked":["Amplify","Thunder Strike"],"picked":"Creative AI","floor":16.0},{"not_picked":["Rebound","Genetic Algorithm"],"picked":"Steam","floor":18.0},{"not_picked":["Streamline+1","Reinforced Body"],"picked":"Sunder","floor":20.0},{"not_picked":["Sweeping Beam","Compile Driver"],"picked":"Go for the Eyes+1","floor":21.0}],"player_experience":2830503,"relics_obtained":[{"floor":11.0,"key":"Matryoshka"},{"floor":19.0,"key":"Necronomicon"},{"floor":20.0,"key":"Red Mask"}],"event_choices":[{"cards_removed":["Strike_B"],"damage_healed":0.0,"max_hp_gain":0.0,"max_hp_loss":0.0,"gold_gain":0.0,"event_name":"The Cleric","player_choice":"Card Removal","floor":2.0,"gold_loss":75.0,"damage_taken":0.0},{"damage_healed":0.0,"max_hp_gain":5.0,"max_hp_loss":0.0,"gold_gain":0.0,"event_name":"Big Fish","player_choice":"Donut","floor":3.0,"gold_loss":0.0,"damage_taken":0.0},{"damage_healed":0.0,"max_hp_gain":0.0,"max_hp_loss":0.0,"gold_gain":0.0,"event_name":"Living Wall","player_choice":"Grow","floor":5.0,"gold_loss":0.0,"damage_taken":0.0,"cards_upgraded":["Defragment"]},{"damage_healed":0.0,"max_hp_gain":0.0,"max_hp_loss":0.0,"gold_gain":75.0,"event_name":"World of Goop","player_choice":"Gather Gold","floor":10.0,"gold_loss":0.0,"damage_taken":11.0},{"damage_healed":0.0,"max_hp_gain":0.0,"max_hp_loss":0.0,"gold_gain":0.0,"event_name":"Cursed Tome","player_choice":"Obtained Book","floor":19.0,"gold_loss":0.0,"damage_taken":21.0},{"damage_healed":0.0,"max_hp_gain":0.0,"max_hp_loss":0.0,"gold_gain":0.0,"event_name":"Masked Bandits","player_choice":"Fought Bandits","floor":20.0,"gold_loss":0.0,"damage_taken":0.0}],"is_beta":true,"boss_relics":[{"not_picked":["Empty Cage","Orrery"],"picked":"Cursed Key"}],"items_purged_floors":[14],"is_endless":false,"potions_floor_spawned":[1,4,11],"killed_by":"Gremlin Leader","ascension_level":20}