{"gold_per_floor":[117,117,117,130,130,159,159,191,215,215,262,262,38,67,67,168,168,188,220,220,236,255,290,305,305,332,344,371,398,67,77,77,77],"floor_reached":33,"playtime":4291,"items_purged":[],"score":273,"play_id":"6af1ab0a-3950-448d-8a0a-33535de0c418","local_time":"20190823234130","is_ascension_mode":false,"campfire_choices":[{"floor":7.0,"key":"REST"},{"data":"Armaments","floor":10.0,"key":"SMITH"},{"data":"Infernal Blade","floor":12.0,"key":"SMITH"},{"floor":15.0,"key":"REST"},{"floor":25,"key":"REST"},{"floor":27,"key":"REST"},{"floor":32,"key":"REST"}],"neow_cost":"TEN_PERCENT_HP_LOSS","seed_source_timestamp":6693455400408,"circlet_count":0,"master_deck":["Strike_R","Strike_R","Strike_R","Strike_R","Strike_R","Defend_R+1","Defend_R+1","Defend_R","Defend_R","Bash","Double Tap+1","Thunderclap","Armaments+1","Flex","Shrug It Off","Secret Technique","Rampage","Iron Wave","Berserk","Iron Wave+1","Shrug It Off","Anger","Heavy Blade+1","Clothesline","Armaments","Intimidate+1","Shrug It Off","Cleave","Rampage","Sadistic Nature","Warcry","Body Slam","Clothesline+1","Anger"],"special_seed":0,"relics":["Burning Blood","War Paint","Happy Flower","Regal Pillow","Dream Catcher","Odd Mushroom","Fusion Hammer","Red Mask","Question Card","MawBank"],"potions_floor_usage":[23,31,31,33,33],"damage_taken":[{"damage":11.0,"enemies":"2 Louse","floor":1.0,"turns":3.0},{"damage":3.0,"enemies":"Jaw Worm","floor":4.0,"turns":4.0},{"damage":45.0,"enemies":"Lagavulin","floor":6.0,"turns":9.0},{"damage":18.0,"enemies":"3 Sentries","floor":8.0,"turns":5.0},{"damage":22.0,"enemies":"The Mushroom Lair","floor":14.0,"turns":5.0},{"damage":49.0,"enemies":"Hexaghost","floor":16.0,"turns":12.0},{"damage":8.0,"enemies":"Chosen","floor":18.0,"turns":5.0},{"damage":7.0,"enemies":"Masked Bandits","floor":19.0,"turns":4.0},{"damage":0.0,"enemies":"3 Byrds","floor":21.0,"turns":5.0},{"damage":15.0,"enemies":"Snake Plant","floor":22.0,"turns":5.0},{"damage":25,"enemies":"Slavers","floor":23,"turns":7},{"damage":16,"enemies":"3 Cultists","floor":24,"turns":6},{"damage":51,"enemies":"Cultist and Chosen","floor":28,"turns":8},{"damage":9,"enemies":"Shelled Parasite and Fungi","floor":29,"turns":7},{"damage":21,"enemies":"Snake Plant","floor":31,"turns":4},{"damage":63,"enemies":"Champ","floor":33,"turns":15}],"seed_played":"6341867847195238715","potions_obtained":[{"floor":1.0,"key":"SteroidPotion"},{"floor":4.0,"key":"SteroidPotion"},{"floor":6.0,"key":"BloodPotion"},{"floor":16.0,"key":"Fire Potion"},{"floor":22.0,"key":"Block Potion"},{"floor":24,"key":"PowerPotion"},{"floor":29,"key":"Dexterity Potion"},{"floor":31,"key":"LiquidBronze"}],"is_trial":false,"path_per_floor":["M","?","?","M","?","E","R","E","T","R","T","R","$","?","R","B",null,"M","?","?","M","M","E","M","R","T","R","M","M","$","M","R","B"],"character_chosen":"IRONCLAD","items_purchased":["Shrug It Off","Secret Technique","Sadistic Nature","Poison Potion","Warcry","Body Slam"],"campfire_rested":5,"item_purchase_floors":[13,13,30,30,30,30],"current_hp_per_floor":[67,67,72,75,75,36,59,66,66,66,66,66,66,50,77,34,77,75,74,77,77,68,49,39,77,77,77,32,29,29,14,52,0],"gold":77,"neow_bonus":"THREE_RARE_CARDS","is_prod":false,"is_daily":false,"chose_seed":false,"campfire_upgraded":2,"win_rate":0.0,"timestamp":1566596490,"path_taken":["M","?","?","M","?","E","R","E","T","R","?","R","$","?","R","BOSS","M","?","?","M","?","E","M","R","T","R","?","M","?","M","R","BOSS"],"build_version":"2019-06-28","purchased_purges":0,"victory":false,"max_hp_per_floor":[72,72,77,77,77,77,77,77,77,77,77,77,77,77,77,77,77,77,77,77,77,77,77,77,77,77,77,77,77,77,77,77,77],"card_choices":[{"not_picked":["Juggernaut","Berserk"],"picked":"Double Tap","floor":0.0},{"not_picked":["Headbutt","Seeing Red"],"picked":"Infernal Blade","floor":1.0},{"not_picked":["Body Slam","Bloodletting"],"picked":"Thunderclap","floor":4.0},{"not_picked":["Second Wind","Cleave"],"picked":"Armaments","floor":6.0},{"not_picked":["Pummel","Sword Boomerang"],"picked":"Flex","floor":8.0},{"not_picked":["Cleave","Dropkick"],"picked":"Rampage","floor":14.0},{"not_picked":["Feel No Pain","Heavy Blade"],"picked":"Iron Wave","floor":15.0},{"not_picked":["Dark Embrace","Fiend Fire"],"picked":"Berserk","floor":16.0},{"not_picked":["Thunderclap","Ghostly Armor"],"picked":"Iron Wave+1","floor":18.0},{"not_picked":["Dual Wield","Thunderclap"],"picked":"Shrug It Off","floor":19.0},{"not_picked":["Headbutt","Thunderclap"],"picked":"Anger","floor":21.0},{"not_picked":["Twin Strike","Sword Boomerang"],"picked":"Heavy Blade+1","floor":22.0},{"not_picked":["True Grit","Feed"],"picked":"Clothesline","floor":23},{"not_picked":["Power Through","Clash","Sever Soul"],"picked":"Armaments","floor":24},{"not_picked":["Flex","Iron Wave","Metallicize"],"picked":"Intimidate+1","floor":25},{"not_picked":["Thunderclap","Sword Boomerang","True Grit"],"picked":"Shrug It Off","floor":27},{"not_picked":["Sword Boomerang","Intimidate+1","Feed"],"picked":"Cleave","floor":28},{"not_picked":["Shrug It Off","Iron Wave","Flex"],"picked":"Rampage","floor":29},{"not_picked":["Thunderclap","Armaments","Cleave"],"picked":"Clothesline+1","floor":31},{"not_picked":["Searing Blow","Feel No Pain","Heavy Blade"],"picked":"Anger","floor":32}],"player_experience":5079,"relics_obtained":[{"floor":6.0,"key":"War Paint"},{"floor":8.0,"key":"Happy Flower"},{"floor":9.0,"key":"Regal Pillow"},{"floor":11.0,"key":"Dream Catcher"},{"floor":14.0,"key":"Odd Mushroom"},{"floor":19.0,"key":"Red Mask"},{"floor":23,"key":"Question Card"},{"floor":26,"key":"MawBank"}],"event_choices":[{"damage_healed":0.0,"max_hp_gain":0.0,"max_hp_loss":0.0,"gold_gain":0.0,"event_name":"Golden Wing","player_choice":"Ignored","floor":2.0,"gold_loss":0.0,"damage_taken":0.0},{"damage_healed":0.0,"max_hp_gain":5.0,"max_hp_loss":0.0,"gold_gain":0.0,"event_name":"Big Fish","player_choice":"Donut","floor":3.0,"gold_loss":0.0,"damage_taken":0.0},{"damage_healed":0.0,"max_hp_gain":0.0,"max_hp_loss":0.0,"gold_gain":0.0,"event_name":"Living Wall","player_choice":"Grow","floor":5.0,"gold_loss":0.0,"damage_taken":0.0,"cards_upgraded":["Double Tap"]},{"damage_healed":0.0,"max_hp_gain":0.0,"max_hp_loss":0.0,"gold_gain":0.0,"event_name":"Mushrooms","player_choice":"Fought Mushrooms","floor":14.0,"gold_loss":0.0,"damage_taken":0.0},{"damage_healed":0.0,"max_hp_gain":0.0,"max_hp_loss":0.0,"gold_gain":0.0,"event_name":"Masked Bandits","player_choice":"Fought Bandits","floor":19.0,"gold_loss":0.0,"damage_taken":0.0},{"cards_removed":["Infernal Blade"],"damage_healed":3.0,"max_hp_gain":0.0,"max_hp_loss":0.0,"gold_gain":0.0,"event_name":"Bonfire Elementals","player_choice":"Offered Uncommon","floor":20.0,"gold_loss":0.0,"damage_taken":0.0}],"is_beta":true,"boss_relics":[{"not_picked":["Sozu","Cursed Key"],"picked":"Fusion Hammer"}],"items_purged_floors":[],"is_endless":false,"potions_floor_spawned":[1,4,6,16,22,24,29,31],"killed_by":"Champ","ascension_level":0}