{"gold_per_floor":[113,113,124,139,20,20,47,67,67,67,67,67,23,35,35,107,107,127,127,127,107,126,126,140,140,140,152,152,162,162,172,172,249,249,260,260,260,40,40,40,51,51,51,65,75,75,0,15,15,15],"floor_reached":50,"playtime":2844,"items_purged":["Strike_B"],"score":1009,"play_id":"c2e51e5f-d370-416b-830c-a5d45a537e36","local_time":"20180925023644","is_ascension_mode":true,"campfire_choices":[{"data":"Beam Cell","floor":6.0,"key":"SMITH"},{"data":"Hologram","floor":11.0,"key":"SMITH"},{"data":"Self Repair","floor":15.0,"key":"SMITH"},{"data":"Zap","floor":23.0,"key":"SMITH"},{"data":"Gash","floor":28.0,"key":"SMITH"},{"data":"Glacier","floor":30.0,"key":"SMITH"},{"data":"Glacier","floor":32.0,"key":"SMITH"},{"data":"Discovery","floor":40.0,"key":"SMITH"},{"data":"Dualcast","floor":42.0,"key":"SMITH"},{"data":"Hologram","floor":49.0,"key":"SMITH"}],"neow_cost":"NONE","seed_source_timestamp":990056545459478,"circlet_count":0,"master_deck":["Defend_B","Defend_B","Defend_B","Defend_B","Zap+1","Dualcast+1","AscendersBane","Gash+1","Leap","Hologram+1","Glacier+1","Beam Cell+1","Self Repair+1","Glacier+1","Capacitor+1","Conserve Battery","Electrodynamics+1","Leap","White Noise","Beam Cell+1","Reboot+1","Madness","Madness","Discovery+1","Chill","Cold Snap+1","Hologram+1","Beam Cell+1"],"special_seed":0,"relics":["FrozenCore","NeowsBlessing","Dodecahedron","Frozen Egg 2","Matryoshka","Busted Crown","Enchiridion","Kunai","Oddly Smooth Stone","Boot","Mummified Hand","StoneCalendar","Pantograph"],"potions_floor_usage":[],"damage_taken":[{"damage":0.0,"enemies":"Small Slimes","floor":1.0,"turns":1.0},{"damage":0.0,"enemies":"Jaw Worm","floor":3.0,"turns":1.0},{"damage":0.0,"enemies":"Cultist","floor":4.0,"turns":1.0},{"damage":14.0,"enemies":"Lagavulin","floor":7.0,"turns":10.0},{"damage":10.0,"enemies":"3 Louse","floor":8.0,"turns":4.0},{"damage":6.0,"enemies":"Gremlin Gang","floor":14.0,"turns":7.0},{"damage":18.0,"enemies":"The Guardian","floor":16.0,"turns":16.0},{"damage":16.0,"enemies":"Chosen","floor":18.0,"turns":7.0},{"damage":0.0,"enemies":"3 Byrds","floor":22.0,"turns":2.0},{"damage":0.0,"enemies":"Centurion and Healer","floor":24.0,"turns":16.0},{"damage":0.0,"enemies":"Snecko","floor":27.0,"turns":6.0},{"damage":0.0,"enemies":"3 Cultists","floor":29.0,"turns":4.0},{"damage":20.0,"enemies":"Snake Plant","floor":31.0,"turns":3.0},{"damage":0.0,"enemies":"Automaton","floor":33.0,"turns":17.0},{"damage":0.0,"enemies":"Orb Walker","floor":35.0,"turns":4.0},{"damage":10.0,"enemies":"Mind Bloom Boss Battle","floor":39.0,"turns":8.0},{"damage":14.0,"enemies":"3 Darklings","floor":41.0,"turns":7.0},{"damage":7.0,"enemies":"Sphere and 2 Shapes","floor":44.0,"turns":4.0},{"damage":17.0,"enemies":"Reptomancer","floor":45.0,"turns":9.0},{"damage":22.0,"enemies":"Spire Growth","floor":48.0,"turns":6.0},{"damage":73,"enemies":"Awakened One","floor":50,"turns":5}],"seed_played":"5298180651580335785","potions_obtained":[{"floor":3.0,"key":"Ancient Potion"},{"floor":8.0,"key":"FocusPotion"},{"floor":21.0,"key":"EntropicBrew"},{"floor":33.0,"key":"FearPotion"},{"floor":39.0,"key":"GamblersBrew"}],"is_trial":false,"path_per_floor":["M","?","M","M","$","R","E","M","T","?","R","?","$","M","R","B",null,"M","?","?","?","M","R","M","T","T","M","R","M","R","M","R","B",null,"M","?","?","$","?","R","M","R","T","M","M","?","$","M","R"],"character_chosen":"DEFECT","items_purchased":["Glacier","Beam Cell","Capacitor+1","Discovery","Fruit Juice"],"campfire_rested":0,"item_purchase_floors":[5,5,13,38,38],"current_hp_per_floor":[64,57,57,57,57,57,43,40,40,40,40,40,40,41,41,33,62,56,56,35,35,35,35,45,45,45,55,55,65,65,55,55,71,71,71,58,58,63,63,63,59,59,59,52,59,59,59,47,47,0],"gold":15,"neow_bonus":"THREE_ENEMY_KILL","is_prod":false,"is_daily":false,"chose_seed":false,"campfire_upgraded":10,"win_rate":0,"timestamp":1537868204,"path_taken":["M","?","?","M","$","R","E","M","T","?","R","?","$","M","R","BOSS","M","?","?","?","M","R","M","?","T","M","R","?","R","M","R","BOSS","M","?","?","$","?","R","M","R","T","?","M","?","?","M","R","BOSS"],"build_version":"2018-09-24","purchased_purges":1,"victory":false,"max_hp_per_floor":[71,71,71,71,71,71,71,71,71,71,71,71,71,71,71,71,71,71,71,71,71,71,71,71,71,71,71,71,71,71,71,71,71,71,71,71,71,76,76,76,76,76,76,76,76,76,76,76,76,76],"card_choices":[{"not_picked":["Rebound","Leap"],"picked":"Gash","floor":1.0},{"not_picked":["Redo","Stack"],"picked":"Leap","floor":3.0},{"not_picked":["Rebound","Barrage"],"picked":"Hologram","floor":4.0},{"not_picked":["Consume","Hello World"],"picked":"Self Repair","floor":7.0},{"not_picked":["Sweeping Beam","Storm"],"picked":"Glacier","floor":8.0},{"not_picked":["Compile Driver","Stack"],"picked":"Conserve Battery","floor":14.0},{"not_picked":["Rainbow","Machine Learning+1"],"picked":"Electrodynamics+1","floor":16.0},{"not_picked":[],"picked":"Leap","floor":18.0},{"not_picked":[],"picked":"White Noise","floor":22.0},{"not_picked":["Beam Cell"],"picked":"SKIP","floor":24.0},{"not_picked":["Chaos"],"picked":"SKIP","floor":27.0},{"not_picked":["Go for the Eyes"],"picked":"SKIP","floor":29.0},{"not_picked":[],"picked":"Beam Cell+1","floor":31.0},{"not_picked":[],"picked":"Reboot","floor":33.0},{"not_picked":["Double Energy"],"picked":"SKIP","floor":35.0},{"not_picked":[],"picked":"Chill","floor":39.0},{"not_picked":[],"picked":"Cold Snap+1","floor":41.0},{"not_picked":[],"picked":"Hologram","floor":44.0},{"not_picked":[],"picked":"Beam Cell+1","floor":45.0},{"not_picked":["Undo"],"picked":"SKIP","floor":48.0}],"player_experience":2404690,"relics_obtained":[{"floor":7.0,"key":"Dodecahedron"},{"floor":9.0,"key":"Frozen Egg 2"},{"floor":12.0,"key":"Matryoshka"},{"floor":20.0,"key":"Enchiridion"},{"floor":25.0,"key":"Kunai"},{"floor":25.0,"key":"Oddly Smooth Stone"},{"floor":26.0,"key":"Boot"},{"floor":26.0,"key":"Mummified Hand"},{"floor":39.0,"key":"StoneCalendar"},{"floor":43.0,"key":"Pantograph"}],"event_choices":[{"event_name":"Golden Wing","player_choice":"Card Removal","floor":2.0,"damage_taken":0.0},{"event_name":"Purifier","player_choice":"One Purge","floor":10.0,"damage_taken":0.0},{"event_name":"Wheel of Change","player_choice":"Relic","floor":12.0,"damage_taken":0.0},{"event_name":"Purifier","player_choice":"One Purge","floor":19.0,"damage_taken":0.0},{"event_name":"Cursed Tome","player_choice":"Obtained Book","floor":20.0,"damage_taken":0.0},{"event_name":"The Woman in Blue","player_choice":"Bought 1 Potion","floor":21.0,"damage_taken":0.0},{"event_name":"Winding Halls","player_choice":"Embrace Madness","floor":36.0,"damage_taken":0.0},{"event_name":"Accursed Blacksmith","player_choice":"Forge","floor":37.0,"damage_taken":0.0},{"event_name":"MindBloom","player_choice":"Fight","floor":39.0,"damage_taken":0.0},{"event_name":"SensoryStone","player_choice":"Memory 1","floor":46.0,"damage_taken":0.0}],"is_beta":true,"boss_relics":[{"not_picked":["Empty Cage","White Beast Statue"],"picked":"Busted Crown"},{"not_picked":["Velvet Choker","Coffee Dripper"],"picked":"FrozenCore"}],"items_purged_floors":[47],"is_endless":false,"potions_floor_spawned":[3,8,24,31,33,39,44,48],"killed_by":"Awakened One","ascension_level":20}