{"gold_per_floor":[117,117,132,150,150,150,169,169,238,238,238,251,9,9,9,9],"floor_reached":16,"playtime":584,"items_purged":[],"score":200,"play_id":"9a8cacdc-18ec-4d9d-bc03-cf4121516c96","local_time":"20180930224950","is_ascension_mode":true,"campfire_choices":[{"floor":6.0,"key":"DIG"},{"floor":8,"key":"DIG"},{"data":"1","floor":10,"key":"LIFT"},{"data":"2","floor":15,"key":"LIFT"}],"neow_cost":"CURSE","seed_source_timestamp":1499262969714796,"circlet_count":0,"master_deck":["Strike_B","Strike_B","Strike_B","Defend_B","Defend_B","Defend_B","Defend_B","Zap","Dualcast","AscendersBane","Ball Lightning","Gash","Loop","Blizzard","Hello World","Stack","Hologram"],"special_seed":0,"relics":["Cracked Core","Shovel","Potion Belt","Girya","Gremlin Horn","Molten Egg 2","Membership Card"],"potions_floor_usage":[14,16],"damage_taken":[{"damage":1.0,"enemies":"Cultist","floor":1.0,"turns":4.0},{"damage":3.0,"enemies":"2 Louse","floor":3.0,"turns":3.0},{"damage":9.0,"enemies":"Jaw Worm","floor":4.0,"turns":3.0},{"damage":23,"enemies":"Exordium Thugs","floor":7,"turns":5},{"damage":6,"enemies":"Blue Slaver","floor":12,"turns":3},{"damage":0,"enemies":"Lagavulin","floor":14,"turns":3},{"damage":19,"enemies":"Hexaghost","floor":16,"turns":9}],"seed_played":"-4421715817669324099","potions_obtained":[{"floor":1.0,"key":"PowerPotion"},{"floor":4.0,"key":"SmokeBomb"},{"floor":7,"key":"SmokeBomb"}],"is_trial":false,"path_per_floor":["M","?","M","M","?","R","M","R","T","R","T","M","$","E","R"],"character_chosen":"DEFECT","items_purchased":["Membership Card","Hologram"],"campfire_rested":0,"item_purchase_floors":[13,13],"current_hp_per_floor":[63,56,53,44,44,44,21,21,21,21,21,15,15,15,15,0],"gold":9,"neow_bonus":"ONE_RARE_RELIC","is_prod":false,"is_daily":false,"chose_seed":false,"campfire_upgraded":0,"win_rate":0,"timestamp":1538372990,"path_taken":["M","?","M","M","?","R","M","R","T","R","?","M","$","E","R","BOSS"],"build_version":"2018-09-27","purchased_purges":0,"victory":false,"max_hp_per_floor":[71,68,68,68,68,68,68,68,68,68,68,68,68,68,68,68],"card_choices":[{"not_picked":["Redo","Compile Driver"],"picked":"Ball Lightning","floor":1.0},{"not_picked":["Redo","Melter"],"picked":"Gash","floor":3.0},{"not_picked":["Compile Driver","Go for the Eyes"],"picked":"Loop","floor":4.0},{"not_picked":["Go for the Eyes","Steam"],"picked":"Hello World","floor":7},{"not_picked":["Hello World","Scrape+1"],"picked":"Stack","floor":12}],"player_experience":2434912,"relics_obtained":[{"floor":6.0,"key":"Potion Belt"},{"floor":8,"key":"Girya"},{"floor":9,"key":"Gremlin Horn"},{"floor":11,"key":"Molten Egg 2"}],"event_choices":[{"event_name":"Golden Wing","player_choice":"Card Removal","floor":2.0,"damage_taken":0.0},{"event_name":"Living Wall","player_choice":"Change","floor":5.0,"damage_taken":0.0}],"is_beta":true,"boss_relics":[],"items_purged_floors":[],"is_endless":false,"potions_floor_spawned":[1,4,7],"killed_by":"Hexaghost","ascension_level":20}