{"gold_per_floor":[115,127,127,127,127,127,141,157,206,206,206,238,19,36,36,107,107,121,131,42,42,62,62,78,90,138,53,53,53,69,83,83,156,156,166,184,184,184,202,202],"floor_reached":40,"playtime":2170,"items_purged":["Parasite"],"score":805,"play_id":"92e2e5d9-e6fd-40e1-81ee-1fe18831baf1","local_time":"20190730141158","is_ascension_mode":true,"campfire_choices":[{"data":"Creative AI","floor":6.0,"key":"SMITH"},{"data":"Creative AI","floor":15.0,"key":"SMITH"},{"data":"Loop","floor":23.0,"key":"SMITH"},{"data":"Blizzard","floor":29.0,"key":"SMITH"},{"data":"Hologram","floor":32.0,"key":"SMITH"}],"neow_cost":"NONE","seed_source_timestamp":326332869301685,"circlet_count":0,"master_deck":["AscendersBane","Strike_B","Strike_B","Strike_B","Strike_B","Defend_B","Defend_B","Defend_B","Defend_B+1","Zap+1","Dualcast","Creative AI+1","Cold Snap","Blizzard+1","Hologram+1","Hello World","Compile Driver","Coolheaded","Chill","Creative AI+1","Hologram","Loop+1","Coolheaded","Chill","Coolheaded","Hologram+1","Buffer","Loop","Madness","Madness"],"special_seed":0,"relics":["Cracked Core","Bag of Preparation","Mercury Hourglass","Busted Crown","Strawberry","Dead Branch","Philosopher\u0027s Stone"],"potions_floor_usage":[39,39],"damage_taken":[{"damage":3.0,"enemies":"Small Slimes","floor":1.0,"turns":4.0},{"damage":0.0,"enemies":"Jaw Worm","floor":2.0,"turns":4.0},{"damage":3.0,"enemies":"2 Louse","floor":7.0,"turns":3.0},{"damage":9.0,"enemies":"2 Fungi Beasts","floor":8.0,"turns":4.0},{"damage":5.0,"enemies":"Lagavulin","floor":12.0,"turns":6.0},{"damage":2.0,"enemies":"Blue Slaver","floor":14.0,"turns":4.0},{"damage":37.0,"enemies":"Slime Boss","floor":16.0,"turns":7.0},{"damage":0.0,"enemies":"3 Byrds","floor":18.0,"turns":5.0},{"damage":0.0,"enemies":"Spheric Guardian","floor":19.0,"turns":6.0},{"damage":29.0,"enemies":"Snake Plant","floor":22.0,"turns":5.0},{"damage":6.0,"enemies":"Snecko","floor":24.0,"turns":5.0},{"damage":4.0,"enemies":"Centurion and Healer","floor":25.0,"turns":6.0},{"damage":3.0,"enemies":"Chosen and Byrds","floor":30.0,"turns":8.0},{"damage":15.0,"enemies":"Snake Plant","floor":31.0,"turns":4.0},{"damage":20.0,"enemies":"Automaton","floor":33.0,"turns":8.0},{"damage":1.0,"enemies":"3 Shapes","floor":35.0,"turns":4.0},{"damage":17.0,"enemies":"3 Darklings","floor":36.0,"turns":4.0},{"damage":32,"enemies":"Transient","floor":39,"turns":6},{"damage":31,"enemies":"Nemesis","floor":40,"turns":4}],"seed_played":"7884339819127570499","potions_obtained":[{"floor":2.0,"key":"Ancient Potion"},{"floor":7.0,"key":"EssenceOfSteel"},{"floor":8.0,"key":"Weak Potion"},{"floor":12.0,"key":"GamblersBrew"},{"floor":22.0,"key":"Block Potion"},{"floor":24.0,"key":"SteroidPotion"},{"floor":30.0,"key":"Energy Potion"},{"floor":33.0,"key":"Fruit Juice"},{"floor":36.0,"key":"Weak Potion"}],"is_trial":false,"path_per_floor":["M","M","?","?","$","R","M","M","T","?","?","E","$","M","R","B",null,"M","M","$","?","M","R","M","M","T","?","?","R","M","M","R","B",null,"M","M","?","?","M","E"],"character_chosen":"DEFECT","items_purchased":["Coolheaded","Chill","Loop","Coolheaded"],"campfire_rested":0,"item_purchase_floors":[13,13,20,20],"current_hp_per_floor":[61,61,40,22,22,22,19,10,10,27,50,45,45,43,43,6,53,53,53,53,53,24,24,18,14,21,21,85,85,82,67,67,52,81,80,63,47,47,15,0],"gold":202,"neow_bonus":"ONE_RANDOM_RARE_CARD","is_prod":false,"is_daily":false,"chose_seed":false,"campfire_upgraded":5,"win_rate":0,"timestamp":1564521118,"path_taken":["M","M","?","?","$","R","M","M","T","?","?","E","$","?","R","BOSS","M","?","$","?","M","R","M","?","T","?","?","R","M","?","R","BOSS","M","M","?","?","?","E"],"build_version":"2019-07-18","purchased_purges":1,"victory":false,"max_hp_per_floor":[71,71,71,71,71,71,71,71,71,71,71,71,68,68,68,68,68,68,68,68,68,68,68,68,68,75,75,85,85,85,85,85,90,90,90,90,90,90,90,90],"card_choices":[{"not_picked":["Steam","Conserve Battery"],"picked":"Cold Snap","floor":1.0},{"not_picked":["Leap","Cold Snap"],"picked":"Blizzard","floor":2.0},{"not_picked":["Beam Cell","Streamline"],"picked":"Hologram","floor":7.0},{"not_picked":["Steam","Auto Shields"],"picked":"Hello World","floor":8.0},{"not_picked":["Rebound","Barrage"],"picked":"Compile Driver","floor":12.0},{"not_picked":["Darkness","Stack"],"picked":"Creative AI","floor":14.0},{"not_picked":["Amplify","Creative AI"],"picked":"Thunder Strike","floor":16.0},{"not_picked":["Darkness"],"picked":"SKIP","floor":18.0},{"not_picked":[],"picked":"Hologram","floor":19.0},{"not_picked":["Redo"],"picked":"SKIP","floor":22.0},{"not_picked":[],"picked":"Coolheaded","floor":24.0},{"not_picked":[],"picked":"Hologram+1","floor":25.0},{"not_picked":["Doom and Gloom"],"picked":"SKIP","floor":30.0},{"not_picked":["Turbo"],"picked":"SKIP","floor":31.0},{"not_picked":[],"picked":"Buffer","floor":33.0},{"not_picked":["Turbo"],"picked":"SKIP","floor":35.0},{"not_picked":[],"picked":"Loop","floor":36.0},{"not_picked":["Rebound"],"picked":"SKIP","floor":39}],"player_experience":2852339,"relics_obtained":[{"floor":12.0,"key":"Mercury Hourglass"},{"floor":26.0,"key":"Strawberry"}],"event_choices":[{"damage_healed":0.0,"max_hp_gain":0.0,"max_hp_loss":0.0,"gold_gain":0.0,"event_name":"Shining Light","player_choice":"Entered Light","floor":3.0,"gold_loss":0.0,"damage_taken":21.0,"cards_upgraded":["Zap","Defend_B"]},{"damage_healed":0.0,"max_hp_gain":0.0,"max_hp_loss":0.0,"gold_gain":0.0,"event_name":"Scrap Ooze","player_choice":"Success","floor":4.0,"gold_loss":0.0,"damage_taken":18.0,"relics_obtained":["Bag of Preparation"]},{"damage_healed":17.0,"max_hp_gain":0.0,"max_hp_loss":0.0,"gold_gain":0.0,"event_name":"Mushrooms","player_choice":"Healed and dodged fight","floor":10.0,"gold_loss":0.0,"damage_taken":0.0,"cards_obtained":["Parasite"]},{"damage_healed":23.0,"max_hp_gain":0.0,"max_hp_loss":0.0,"gold_gain":0.0,"event_name":"Big Fish","player_choice":"Banana","floor":11.0,"gold_loss":0.0,"damage_taken":0.0},{"damage_healed":0.0,"max_hp_gain":0.0,"max_hp_loss":0.0,"gold_gain":0.0,"event_name":"Duplicator","player_choice":"Copied","floor":21.0,"gold_loss":0.0,"damage_taken":0.0,"cards_obtained":["Chill"]},{"damage_healed":0.0,"max_hp_gain":0.0,"max_hp_loss":0.0,"gold_gain":0.0,"event_name":"Addict","player_choice":"Obtained Relic","floor":27.0,"gold_loss":85.0,"damage_taken":0.0,"relics_obtained":["Dead Branch"]},{"cards_removed":["Thunder Strike"],"damage_healed":54.0,"max_hp_gain":10.0,"max_hp_loss":0.0,"gold_gain":0.0,"event_name":"Bonfire Elementals","player_choice":"Offered Rare","floor":28.0,"gold_loss":0.0,"damage_taken":0.0},{"damage_healed":0.0,"max_hp_gain":0.0,"max_hp_loss":0.0,"gold_gain":0.0,"event_name":"Winding Halls","player_choice":"Embrace Madness","floor":37.0,"gold_loss":0.0,"damage_taken":16.0,"cards_obtained":["Madness","Madness"]},{"damage_healed":0,"gold_gain":0,"player_choice":"Leave","damage_taken":0,"max_hp_gain":0,"max_hp_loss":0,"event_name":"FaceTrader","floor":38,"gold_loss":0}],"is_beta":true,"boss_relics":[{"not_picked":["Black Star","Runic Dome"],"picked":"Busted Crown"},{"not_picked":["Runic Pyramid","Orrery"],"picked":"Philosopher\u0027s Stone"}],"items_purged_floors":[13],"is_endless":false,"potions_floor_spawned":[2,7,8,12,22,24,30,31,33,36],"killed_by":"Nemesis","ascension_level":20}