{"gold_per_floor":[118,118,118,133,146,146,157,157,157,157,169,201,10,39,39,136,136,156,176,190,190,190,190,221,221],"floor_reached":25,"playtime":816,"items_purged":[],"score":383,"play_id":"3dde48b6-5e08-455f-b485-9c525b751e76","local_time":"20190213223006","is_ascension_mode":true,"campfire_choices":[{"data":"Bash","floor":6,"key":"SMITH"},{"data":"Rampage","floor":8,"key":"SMITH"},{"data":"Intimidate","floor":10,"key":"SMITH"},{"data":"Impervious","floor":15,"key":"SMITH"},{"data":"Armaments","floor":23,"key":"SMITH"}],"neow_cost":"NONE","seed_source_timestamp":631172701693185,"circlet_count":0,"master_deck":["Strike_R","Strike_R","Strike_R","Strike_R","Strike_R","Defend_R","Defend_R","Defend_R","Defend_R","Bash+1","Rampage+1","Intimidate+1","Impervious+1","Evolve+1","Metallicize+1","Headbutt","Brutality+1","Armaments+1","Pummel+1","Corruption+1"],"relics":["Burning Blood","Frozen Egg 2","Thread and Needle","Centennial Puzzle","Medical Kit","Paper Frog","Sozu","Enchiridion","Unceasing Top","WingedGreaves"],"potions_floor_usage":[11,14,18],"damage_taken":[{"damage":1,"enemies":"Cultist","floor":1,"turns":3},{"damage":1,"enemies":"2 Louse","floor":4,"turns":3},{"damage":10,"enemies":"Small Slimes","floor":5,"turns":4},{"damage":0,"enemies":"Exordium Wildlife","floor":7,"turns":4},{"damage":1,"enemies":"Exordium Thugs","floor":11,"turns":5},{"damage":10,"enemies":"Lagavulin","floor":12,"turns":5},{"damage":0,"enemies":"3 Sentries","floor":14,"turns":6},{"damage":0,"enemies":"Slime Boss","floor":16,"turns":7},{"damage":9,"enemies":"Shell Parasite","floor":18,"turns":5},{"damage":6,"enemies":"3 Byrds","floor":19,"turns":7},{"damage":20,"enemies":"Shelled Parasite and Fungi","floor":20,"turns":6},{"damage":31,"enemies":"Book of Stabbing","floor":24,"turns":5},{"damage":27,"enemies":"3 Cultists","floor":25,"turns":5}],"seed_played":"1192013364654561065","potions_obtained":[{"floor":5,"key":"Explosive Potion"},{"floor":11,"key":"SpeedPotion"},{"floor":12,"key":"AttackPotion"},{"floor":14,"key":"Weak Potion"}],"is_trial":false,"path_per_floor":["M","T","?","M","M","R","M","R","T","R","M","E","$","E","R","B",null,"M","M","M","?","T","R","E","M"],"character_chosen":"IRONCLAD","items_purchased":["Medical Kit"],"campfire_rested":0,"item_purchase_floors":[13],"current_hp_per_floor":[80,80,80,80,76,76,80,80,80,80,80,76,76,80,80,80,80,77,77,63,47,47,47,22,0],"gold":221,"neow_bonus":"THREE_CARDS","is_prod":false,"is_daily":false,"chose_seed":false,"campfire_upgraded":5,"win_rate":0,"timestamp":1550115006,"path_taken":["M","?","?","?","M","R","M","R","T","R","M","E","$","E","R","BOSS","M","M","?","?","?","R","E","M"],"build_version":"2019-01-23","purchased_purges":0,"victory":false,"max_hp_per_floor":[80,80,80,80,80,80,80,80,80,80,80,80,80,80,80,80,80,80,80,80,80,80,80,80,80],"card_choices":[{"not_picked":["True Grit","Iron Wave"],"picked":"Rampage","floor":0},{"not_picked":["Pommel Strike","Sword Boomerang"],"picked":"Intimidate","floor":1},{"not_picked":["Iron Wave","Heavy Blade"],"picked":"Impervious","floor":4},{"not_picked":["Warcry","Sword Boomerang"],"picked":"Evolve+1","floor":5},{"not_picked":["Intimidate","Havoc"],"picked":"Metallicize+1","floor":7},{"not_picked":["Armaments","Whirlwind"],"picked":"Headbutt","floor":11},{"not_picked":["Power Through","Fiend Fire","Intimidate"],"picked":"SKIP","floor":12},{"not_picked":["Cleave","Armaments","Pummel"],"picked":"SKIP","floor":14},{"not_picked":["Bludgeon","Exhume"],"picked":"Brutality+1","floor":16},{"not_picked":["Perfected Strike+1","Wild Strike","Cleave+1"],"picked":"SKIP","floor":18},{"not_picked":["Clash","Iron Wave"],"picked":"Armaments","floor":19},{"not_picked":["Cleave","Iron Wave"],"picked":"Pummel+1","floor":20},{"not_picked":["Combust+1","Havoc+1"],"picked":"Corruption+1","floor":24}],"player_experience":77092,"relics_obtained":[{"floor":2,"key":"Frozen Egg 2"},{"floor":9,"key":"Thread and Needle"},{"floor":12,"key":"Centennial Puzzle"},{"floor":14,"key":"Paper Frog"},{"floor":21,"key":"Enchiridion"},{"floor":22,"key":"Unceasing Top"},{"floor":24,"key":"WingedGreaves"}],"event_choices":[{"damage_healed":0,"gold_gain":0,"player_choice":"Bought 0 Potions","damage_taken":0,"max_hp_gain":0,"max_hp_loss":0,"event_name":"The Woman in Blue","floor":3,"gold_loss":0},{"damage_healed":0,"gold_gain":0,"player_choice":"Obtained Book","damage_taken":16,"max_hp_gain":0,"max_hp_loss":0,"event_name":"Cursed Tome","floor":21,"gold_loss":0}],"is_beta":false,"boss_relics":[{"not_picked":["Calling Bell","Black Blood"],"picked":"Sozu"}],"items_purged_floors":[],"is_endless":false,"potions_floor_spawned":[5,11,12,14,18,20,24],"killed_by":"3 Cultists","ascension_level":5}