{"gold_per_floor":[114,189,33,33,47,77,77,77,77,96,121,121,156,172,172,251,251,264,236,59,78,97,131,131,156,156,18,44,9,9,9,9,86,86,103,116,216,232,249,249,279,279,279,289,289,304,320,352,352,352,352],"floor_reached":52,"playtime":4239,"items_purged":["Parasite","Strike_R"],"score":2055,"play_id":"5ef57635-8aed-4f21-b227-4e3ed7efa1a5","local_time":"20190618173351","is_ascension_mode":true,"campfire_choices":[{"data":"Bash","floor":7.0,"key":"SMITH"},{"data":"Feel No Pain","floor":15.0,"key":"SMITH"},{"data":"Impervious","floor":24,"key":"SMITH"},{"data":"Demon Form","floor":30,"key":"SMITH"},{"data":"Shockwave","floor":32,"key":"SMITH"},{"data":"Heavy Blade","floor":40,"key":"SMITH"},{"data":"Demon Form","floor":42,"key":"SMITH"},{"data":"Metallicize","floor":45,"key":"SMITH"},{"data":"Shockwave","floor":49,"key":"SMITH"}],"neow_cost":"CURSE","seed_source_timestamp":3344951303116429,"circlet_count":0,"master_deck":["AscendersBane","Strike_R","Strike_R","Strike_R","Defend_R","Defend_R","Defend_R","Defend_R","Bash+1","Anger","Thunderclap","Feel No Pain+1","Warcry","Reaper","Twin Strike","Burning Pact","Sword Boomerang","Impervious+1","Reaper","Headbutt","Barricade","Flame Barrier","Body Slam+1","Corruption","Shrug It Off","Headbutt+1","Entrench","Shockwave+1","Demon Form+1","Flame Barrier","Immolate","Heavy Blade+1","Clothesline","Metallicize+1","Demon Form+1","Decay","Shrug It Off","Shockwave+1"],"special_seed":0,"relics":["Burning Blood","Prayer Wheel","Letter Opener","Vajra","Matryoshka","Incense Burner","Art of War","Snecko Eye","The Courier","Mummified Hand","Ancient Tea Set","Bottled Tornado","PreservedInsect","Self Forming Clay","Cursed Key","Calipers","Regal Pillow","Meat on the Bone","Question Card","Dodecahedron"],"potions_floor_usage":[50,50],"damage_taken":[{"damage":10.0,"enemies":"Small Slimes","floor":1.0,"turns":4.0},{"damage":1.0,"enemies":"2 Louse","floor":5.0,"turns":3.0},{"damage":37.0,"enemies":"3 Sentries","floor":6.0,"turns":11.0},{"damage":0.0,"enemies":"Cultist","floor":10.0,"turns":2.0},{"damage":25.0,"enemies":"Gremlin Nob","floor":11.0,"turns":4.0},{"damage":34.0,"enemies":"3 Sentries","floor":13.0,"turns":11.0},{"damage":8.0,"enemies":"Blue Slaver","floor":14.0,"turns":4.0},{"damage":24.0,"enemies":"Hexaghost","floor":16.0,"turns":10.0},{"damage":16.0,"enemies":"Chosen","floor":18.0,"turns":6.0},{"damage":0,"enemies":"2 Thieves","floor":19,"turns":4},{"damage":0,"enemies":"Centurion and Healer","floor":21,"turns":6},{"damage":0,"enemies":"Snake Plant","floor":22,"turns":5},{"damage":34,"enemies":"Slavers","floor":23,"turns":6},{"damage":5,"enemies":"Gremlin Leader","floor":25,"turns":5},{"damage":16,"enemies":"Book of Stabbing","floor":28,"turns":4},{"damage":0,"enemies":"Automaton","floor":33,"turns":8},{"damage":16,"enemies":"3 Shapes","floor":35,"turns":5},{"damage":9,"enemies":"Orb Walker","floor":36,"turns":4},{"damage":0,"enemies":"Mind Bloom Boss Battle","floor":37,"turns":5},{"damage":18,"enemies":"Maw","floor":38,"turns":5},{"damage":0,"enemies":"3 Darklings","floor":39,"turns":3},{"damage":5,"enemies":"Nemesis","floor":41,"turns":3},{"damage":12,"enemies":"Spire Growth","floor":44,"turns":7},{"damage":0,"enemies":"Transient","floor":46,"turns":6},{"damage":15,"enemies":"Maw","floor":47,"turns":5},{"damage":3,"enemies":"Giant Head","floor":48,"turns":5},{"damage":13,"enemies":"Donu and Deca","floor":50,"turns":6},{"damage":47,"enemies":"Awakened One","floor":51,"turns":10}],"seed_played":"7543180318714582720","potions_obtained":[{"floor":6.0,"key":"EssenceOfSteel"},{"floor":10.0,"key":"FearPotion"},{"floor":14.0,"key":"Poison Potion"},{"floor":19,"key":"Poison Potion"},{"floor":25,"key":"PowerPotion"},{"floor":28,"key":"Fire Potion"},{"floor":38,"key":"EssenceOfSteel"},{"floor":39,"key":"Dexterity Potion"}],"is_trial":false,"path_per_floor":["M","?","$","?","M","E","R","?","T","M","E","?","E","M","R","B",null,"M","M","$","M","M","E","R","E","T","$","E","$","R","$","R","B",null,"M","M","?","M","M","R","E","R","T","M","R","M","M","E","R","B","B",null],"character_chosen":"IRONCLAD","items_purchased":["Feel No Pain","Corruption","PreservedInsect","Flame Barrier"],"campfire_rested":0,"item_purchase_floors":[3,20,27,29],"current_hp_per_floor":[64,53,53,48,53,34,34,34,34,40,21,21,8,11,11,7,56,60,72,72,72,72,52,52,72,72,72,62,62,62,62,62,68,71,72,72,72,72,72,72,72,72,72,72,72,72,72,72,72,72,72],"gold":352,"neow_bonus":"ONE_RARE_RELIC","is_prod":false,"is_daily":false,"chose_seed":false,"campfire_upgraded":9,"win_rate":0,"timestamp":1560893631,"path_taken":["M","?","$","?","M","E","R","?","T","?","E","?","E","M","R","BOSS","M","M","?","M","M","E","R","E","T","$","E","$","R","$","R","BOSS","M","?","?","M","M","R","E","R","T","M","R","M","M","E","R","BOSS","BOSS"],"build_version":"2019-01-23","purchased_purges":2,"victory":true,"max_hp_per_floor":[75,75,72,72,72,72,72,72,72,72,72,72,72,72,72,72,72,72,72,72,72,72,72,72,72,72,72,72,72,72,72,72,72,72,72,72,72,72,72,72,72,72,72,72,72,72,72,72,72,72,72],"card_choices":[{"not_picked":["Pommel Strike","Flex"],"picked":"Anger","floor":1.0},{"not_picked":["Havoc","Sword Boomerang"],"picked":"Thunderclap","floor":1.0},{"not_picked":["Rupture","Clothesline"],"picked":"Warcry","floor":5.0},{"not_picked":["Battle Trance","Sword Boomerang"],"picked":"Reaper","floor":5.0},{"not_picked":["Perfected Strike","Body Slam"],"picked":"Twin Strike","floor":6.0},{"not_picked":["Corruption","Combust"],"picked":"Burning Pact","floor":10.0},{"not_picked":["Corruption","Heavy Blade","Havoc"],"picked":"SKIP","floor":10.0},{"not_picked":["Reckless Charge","Blood for Blood"],"picked":"Sword Boomerang","floor":11.0},{"not_picked":["Headbutt","Impervious"],"picked":"Reaper","floor":13.0},{"not_picked":["Ghostly Armor","Clash"],"picked":"Headbutt","floor":14.0},{"not_picked":["Havoc","Wild Strike","Hemokinesis"],"picked":"SKIP","floor":14.0},{"not_picked":["Fiend Fire","Demon Form"],"picked":"Barricade","floor":16.0},{"not_picked":["Disarm","Battle Trance"],"picked":"Flame Barrier","floor":18},{"not_picked":["Sword Boomerang","Burning Pact"],"picked":"Body Slam+1","floor":18},{"not_picked":["Wild Strike+1","Pummel","Dropkick"],"picked":"SKIP","floor":19},{"not_picked":["Rupture","Flex","Perfected Strike"],"picked":"SKIP","floor":19},{"not_picked":["Bloodletting","Clash+1"],"picked":"Shrug It Off","floor":21},{"not_picked":["True Grit","Flex","Headbutt+1"],"picked":"SKIP","floor":21},{"not_picked":["True Grit","Flex"],"picked":"Headbutt+1","floor":21},{"not_picked":["Feel No Pain","Limit Break"],"picked":"Entrench","floor":22},{"not_picked":["Sword Boomerang","Thunderclap","Anger"],"picked":"SKIP","floor":22},{"not_picked":["Hemokinesis","Flame Barrier"],"picked":"Shockwave","floor":23},{"not_picked":["Sentinel","Dual Wield"],"picked":"Demon Form","floor":25},{"not_picked":["Anger","Perfected Strike","Pommel Strike"],"picked":"SKIP","floor":28},{"not_picked":["Berserk","Brutality"],"picked":"Immolate","floor":33},{"not_picked":["Iron Wave","Sword Boomerang","Twin Strike"],"picked":"SKIP","floor":35},{"not_picked":["Perfected Strike","Blood for Blood+1","Sword Boomerang"],"picked":"SKIP","floor":35},{"not_picked":["Pummel+1","Disarm"],"picked":"Heavy Blade","floor":36},{"not_picked":["Headbutt","Pommel Strike","Ghostly Armor"],"picked":"SKIP","floor":36},{"not_picked":["True Grit","Spot Weakness"],"picked":"Clothesline","floor":37},{"not_picked":["Flex+1","Blood for Blood"],"picked":"Metallicize","floor":38},{"not_picked":["Armaments","Clash","Combust+1"],"picked":"SKIP","floor":38},{"not_picked":["Body Slam","Headbutt","Fire Breathing"],"picked":"SKIP","floor":39},{"not_picked":["Body Slam","Clash","Heavy Blade"],"picked":"SKIP","floor":39},{"not_picked":["Headbutt+1","Evolve"],"picked":"Demon Form","floor":41},{"not_picked":["Armaments+1","Searing Blow","Clothesline"],"picked":"Shrug It Off","floor":44},{"not_picked":["Body Slam","Reckless Charge","Hemokinesis+1","Power Through"],"picked":"SKIP","floor":44},{"not_picked":["Warcry+1","Heavy Blade","Rampage","True Grit"],"picked":"SKIP","floor":46},{"not_picked":["Bloodletting","Twin Strike","Perfected Strike","Iron Wave"],"picked":"SKIP","floor":46},{"not_picked":["Clothesline","Armaments","Twin Strike","Berserk"],"picked":"SKIP","floor":47},{"not_picked":["Sentinel","Iron Wave","Clothesline","Flex"],"picked":"SKIP","floor":47},{"not_picked":["Burning Pact","Immolate","Pommel Strike"],"picked":"Shockwave","floor":48}],"player_experience":433840,"relics_obtained":[{"floor":6.0,"key":"Vajra"},{"floor":9.0,"key":"Matryoshka"},{"floor":11.0,"key":"Incense Burner"},{"floor":13.0,"key":"Art of War"},{"floor":23,"key":"The Courier"},{"floor":25,"key":"Mummified Hand"},{"floor":26,"key":"Ancient Tea Set"},{"floor":26,"key":"Bottled Tornado"},{"floor":28,"key":"Self Forming Clay"},{"floor":37,"key":"Calipers"},{"floor":41,"key":"Regal Pillow"},{"floor":43,"key":"Meat on the Bone"},{"floor":43,"key":"Question Card"},{"floor":48,"key":"Dodecahedron"}],"event_choices":[{"damage_healed":0.0,"max_hp_gain":0.0,"max_hp_loss":0.0,"gold_gain":75.0,"event_name":"World of Goop","player_choice":"Gather Gold","floor":2.0,"gold_loss":0.0,"damage_taken":11.0},{"damage_healed":0.0,"max_hp_gain":0.0,"max_hp_loss":0.0,"gold_gain":0.0,"event_name":"Scrap Ooze","player_choice":"Success","floor":4.0,"gold_loss":0.0,"damage_taken":5.0,"relics_obtained":["Letter Opener"]},{"cards_removed":["Strike_R"],"damage_healed":0.0,"max_hp_gain":0.0,"max_hp_loss":0.0,"gold_gain":0.0,"event_name":"Purifier","player_choice":"Purged","floor":8.0,"gold_loss":0.0,"damage_taken":0.0},{"damage_healed":0.0,"max_hp_gain":0.0,"max_hp_loss":0.0,"gold_gain":0.0,"event_name":"Match and Keep!","player_choice":"1 cards matched","floor":12.0,"gold_loss":0.0,"damage_taken":0.0,"cards_obtained":["Impervious"]},{"damage_healed":0,"gold_gain":0,"player_choice":"Fight","damage_taken":0,"max_hp_gain":0,"max_hp_loss":0,"event_name":"MindBloom","floor":37,"gold_loss":0}],"is_beta":false,"boss_relics":[{"not_picked":["Pandora\u0027s Box","Black Blood"],"picked":"Snecko Eye"},{"not_picked":["Tiny House","Astrolabe"],"picked":"Cursed Key"}],"items_purged_floors":[3,20],"is_endless":false,"potions_floor_spawned":[6,10,14,19,25,28,38,39,44,46,47],"ascension_level":20}