{"gold_per_floor":[118,68,87,106,106,106,129,129,156,175,175,210,210,248,248,374,374,392,406,406,406,120,120,140,140,140,140,163,182,182,206,206,331,331,355,59,59,80,96,96,129,129,181,199,532,532,532,545,545,545],"floor_reached":51,"playtime":2179,"items_purged":[],"score":777,"play_id":"9de787f0-188c-4cae-b89b-c9b866250b14","local_time":"20181030032203","is_ascension_mode":false,"campfire_choices":[{"data":"Defragment","floor":6,"key":"SMITH"},{"data":"Hologram","floor":8,"key":"SMITH"},{"data":"Dualcast","floor":13,"key":"SMITH"},{"data":"Conserve Battery","floor":15,"key":"SMITH"},{"data":"Capacitor","floor":23,"key":"SMITH"},{"data":"Reinforced Body","floor":25,"key":"SMITH"},{"data":"Blizzard","floor":27,"key":"SMITH"},{"data":"Go for the Eyes","floor":32,"key":"SMITH"},{"data":"Biased Cognition","floor":40,"key":"SMITH"},{"data":"Capacitor","floor":42,"key":"SMITH"},{"data":"Parasite","floor":47,"key":"PURGE"},{"data":"Go for the Eyes","floor":49,"key":"SMITH"}],"neow_cost":"NONE","seed_source_timestamp":49401158412451,"circlet_count":0,"master_deck":["Strike_B+1","Strike_B+1","Defend_B+1","Defend_B+1","Defend_B+1","Defend_B+1","Zap+1","Dualcast+1","Defragment+1","Hologram+1","Conserve Battery+1","Conserve Battery","Go for the Eyes+1","Go for the Eyes+1","Cold Snap","All For One","Go for the Eyes+1","Glacier","Capacitor+1","Blizzard+1","Reinforced Body+1","Undo+1","Ball Lightning","Conserve Battery+1","Biased Cognition+1","Capacitor+1","Self Repair","Glacier","Hologram+1","Echo Form","Stack+1","Beam Cell+1"],"relics":["FrozenCore","Bag of Marbles","Boot","Peace Pipe","Coffee Dripper","Chemical X","Symbiotic Virus","Enchiridion","Blood Vial","Mercury Hourglass","Art of War"],"potions_floor_usage":[29,35,50,50],"damage_taken":[{"damage":6,"enemies":"2 Louse","floor":1,"turns":3},{"damage":6,"enemies":"Jaw Worm","floor":3,"turns":3},{"damage":0,"enemies":"Cultist","floor":4,"turns":4},{"damage":0,"enemies":"2 Fungi Beasts","floor":7,"turns":4},{"damage":8,"enemies":"Red Slaver","floor":10,"turns":3},{"damage":0,"enemies":"Gremlin Nob","floor":12,"turns":3},{"damage":14,"enemies":"Gremlin Nob","floor":14,"turns":4},{"damage":3,"enemies":"The Guardian","floor":16,"turns":12},{"damage":5,"enemies":"Spheric Guardian","floor":18,"turns":3},{"damage":5,"enemies":"Shell Parasite","floor":19,"turns":5},{"damage":1,"enemies":"3 Cultists","floor":24,"turns":6},{"damage":11,"enemies":"Snake Plant","floor":28,"turns":4},{"damage":0,"enemies":"Snecko","floor":29,"turns":6},{"damage":0,"enemies":"Sentry and Sphere","floor":31,"turns":6},{"damage":0,"enemies":"Champ","floor":33,"turns":15},{"damage":0,"enemies":"Orb Walker","floor":35,"turns":4},{"damage":0,"enemies":"3 Shapes","floor":38,"turns":5},{"damage":0,"enemies":"Spire Growth","floor":39,"turns":6},{"damage":17,"enemies":"Reptomancer","floor":41,"turns":9},{"damage":0,"enemies":"Writhing Mass","floor":44,"turns":7},{"damage":0,"enemies":"3 Darklings","floor":48,"turns":5},{"damage":9,"enemies":"Time Eater","floor":50,"turns":11}],"seed_played":"9024919653173043342","potions_obtained":[{"floor":1,"key":"LiquidBronze"},{"floor":4,"key":"Fire Potion"},{"floor":14,"key":"AttackPotion"},{"floor":24,"key":"Weak Potion"},{"floor":28,"key":"Regen Potion"},{"floor":29,"key":"Ancient Potion"},{"floor":41,"key":"PowerPotion"}],"is_trial":false,"path_per_floor":["M","?","M","M","?","R","M","R","T","M","?","E","R","?","R","B",null,"M","M","?","?","$","R","M","R","T","R","M","M","?","M","R","B",null,"M","$","?","M","M","R","E","R","T","M","?","?","R","M","R","B"],"character_chosen":"DEFECT","items_purchased":["Chemical X","Blizzard","FocusPotion","Self Repair","Blood Vial"],"campfire_rested":0,"item_purchase_floors":[22,22,36,36,36],"current_hp_per_floor":[69,69,63,63,45,45,45,45,45,37,37,37,37,23,23,20,75,70,65,65,65,65,65,64,64,64,64,53,68,52,52,52,52,75,75,75,75,75,75,75,65,65,65,75,75,75,72,72,72,72],"gold":545,"neow_bonus":"UPGRADE_CARD","is_prod":false,"is_daily":false,"chose_seed":false,"campfire_upgraded":11,"win_rate":0,"timestamp":1540894923,"path_taken":["M","?","M","M","?","R","M","R","T","M","?","E","R","?","R","BOSS","M","M","?","?","$","R","M","R","T","R","?","M","?","M","R","BOSS","M","$","?","M","M","R","E","R","T","M","?","?","R","M","R","BOSS"],"build_version":"2018-10-29v2","purchased_purges":0,"victory":true,"max_hp_per_floor":[75,75,75,75,75,75,75,75,75,75,75,75,75,75,75,75,75,75,75,75,75,75,75,75,75,75,75,75,75,75,75,75,75,75,75,75,75,75,75,75,75,75,75,75,75,75,72,72,72,72],"card_choices":[{"not_picked":["Streamline","Loop"],"picked":"Defragment","floor":1},{"not_picked":["Turbo","Steam"],"picked":"Hologram","floor":3},{"not_picked":["Rebound","Double Energy"],"picked":"Conserve Battery","floor":4},{"not_picked":["Hello World","Gash"],"picked":"Conserve Battery","floor":7},{"not_picked":["Static Discharge","Sweeping Beam"],"picked":"Go for the Eyes","floor":10},{"not_picked":["Heatsinks","Steam Power"],"picked":"Go for the Eyes","floor":12},{"not_picked":["Amplify","Barrage"],"picked":"Cold Snap","floor":14},{"not_picked":["Multi-Cast","Core Surge"],"picked":"All For One","floor":16},{"not_picked":["Double Energy","Turbo"],"picked":"Go for the Eyes","floor":18},{"not_picked":["Ball Lightning","Redo"],"picked":"Glacier","floor":19},{"not_picked":["Ball Lightning","Barrage+1"],"picked":"Reinforced Body","floor":24},{"not_picked":["Force Field","Streamline"],"picked":"Undo+1","floor":28},{"not_picked":["Stack","Conserve Battery"],"picked":"Ball Lightning","floor":29},{"not_picked":["Compile Driver","Self Repair"],"picked":"Conserve Battery+1","floor":31},{"not_picked":["Multi-Cast","Reboot"],"picked":"Biased Cognition","floor":33},{"not_picked":["Streamline","Hologram"],"picked":"Capacitor","floor":35},{"not_picked":["Ball Lightning","Doom and Gloom","Reprogram+1"],"picked":"SKIP","floor":38},{"not_picked":["Cold Snap","Beam Cell"],"picked":"Hologram+1","floor":39},{"not_picked":["FTL","Reprogram"],"picked":"Echo Form","floor":41},{"not_picked":["Ball Lightning","Storm+1"],"picked":"Stack+1","floor":44},{"not_picked":["Hologram","Go for the Eyes+1"],"picked":"Beam Cell+1","floor":48}],"player_experience":2618551,"relics_obtained":[{"floor":9,"key":"Bag of Marbles"},{"floor":12,"key":"Boot"},{"floor":14,"key":"Peace Pipe"},{"floor":26,"key":"Symbiotic Virus"},{"floor":30,"key":"Enchiridion"},{"floor":41,"key":"Mercury Hourglass"},{"floor":43,"key":"Art of War"}],"event_choices":[{"cards_removed":["Strike_B"],"damage_healed":0,"gold_gain":0,"player_choice":"Card Removal","damage_taken":0,"max_hp_gain":0,"max_hp_loss":0,"event_name":"The Cleric","floor":2,"gold_loss":50},{"damage_healed":0,"gold_gain":0,"player_choice":"Take Damage","damage_taken":18,"relics_obtained":["Golden Idol"],"max_hp_gain":0,"max_hp_loss":0,"event_name":"Golden Idol","floor":5,"gold_loss":0},{"damage_healed":0,"gold_gain":0,"player_choice":"Upgraded","damage_taken":0,"max_hp_gain":0,"max_hp_loss":0,"event_name":"Upgrade Shrine","floor":11,"gold_loss":0,"cards_upgraded":["Go for the Eyes"]},{"damage_healed":0,"gold_gain":30,"player_choice":"Searched \u00272\u0027 times","damage_taken":0,"max_hp_gain":0,"max_hp_loss":0,"event_name":"Dead Adventurer","floor":14,"gold_loss":0},{"damage_healed":0,"gold_gain":0,"player_choice":"Read","damage_taken":0,"max_hp_gain":0,"max_hp_loss":0,"event_name":"The Library","floor":20,"gold_loss":0,"cards_obtained":["Capacitor"]},{"damage_healed":0,"gold_gain":0,"player_choice":"Simplicity","damage_taken":0,"max_hp_gain":0,"max_hp_loss":0,"event_name":"Back to Basics","floor":21,"gold_loss":0,"cards_upgraded":["Strike_B","Strike_B","Strike_B","Defend_B","Defend_B","Defend_B","Defend_B"]},{"damage_healed":0,"gold_gain":0,"player_choice":"Obtained Book","damage_taken":16,"max_hp_gain":0,"max_hp_loss":0,"event_name":"Cursed Tome","floor":30,"gold_loss":0},{"damage_healed":0,"gold_gain":0,"cards_transformed":["Strike_B"],"player_choice":"Transformed","damage_taken":0,"max_hp_gain":0,"max_hp_loss":0,"event_name":"Transmorgrifier","floor":37,"gold_loss":0,"cards_obtained":["Glacier"]},{"damage_healed":0,"gold_gain":333,"player_choice":"Gave Idol","damage_taken":0,"max_hp_gain":0,"max_hp_loss":0,"event_name":"The Moai Head","floor":45,"relics_lost":["Golden Idol"],"gold_loss":0},{"damage_healed":0,"gold_gain":0,"player_choice":"0 cards matched","damage_taken":0,"max_hp_gain":0,"max_hp_loss":0,"event_name":"Match and Keep!","floor":46,"gold_loss":0,"cards_obtained":[]}],"is_beta":true,"boss_relics":[{"not_picked":["Runic Pyramid","Fusion Hammer"],"picked":"Coffee Dripper"},{"not_picked":["Pandora\u0027s Box","Cursed Key"],"picked":"FrozenCore"}],"items_purged_floors":[],"is_endless":false,"potions_floor_spawned":[1,4,14,24,28,29,31,38,41],"ascension_level":0}