{"gold_per_floor":[110,35,35,46,46,77,77,102,148,163,163,183,183,194,194,269,269,269],"floor_reached":18,"playtime":923,"items_purged":[],"score":336,"play_id":"e19dcaa9-995f-4810-a77d-d91882195f29","local_time":"20190805015112","is_ascension_mode":true,"campfire_choices":[{"floor":7,"key":"REST"},{"floor":11,"key":"REST"},{"data":"Creative AI","floor":13,"key":"SMITH"},{"data":"Loop","floor":15,"key":"SMITH"}],"neow_cost":"CURSE","seed_source_timestamp":252779945953885,"circlet_count":0,"master_deck":["AscendersBane","Strike_B","Strike_B","Defend_B","Defend_B","Defend_B","Defend_B","Zap","Dualcast","White Noise","Loop+1","Reinforced Body","Creative AI+1","Streamline","Gash","Beam Cell","BootSequence","Conserve Battery","Stack","Compile Driver","All For One","Go for the Eyes","White Noise","Turbo","Sweeping Beam","Redo"],"relics":["Cracked Core","Omamori","Gremlin Horn","Art of War","Odd Mushroom","Orrery"],"potions_floor_usage":[16],"damage_taken":[{"damage":3,"enemies":"2 Louse","floor":1,"turns":3},{"damage":1,"enemies":"Cultist","floor":4,"turns":3},{"damage":38,"enemies":"Lagavulin","floor":6,"turns":6},{"damage":35,"enemies":"3 Sentries","floor":8,"turns":8},{"damage":5,"enemies":"Small Slimes","floor":10,"turns":3},{"damage":5,"enemies":"The Mushroom Lair","floor":12,"turns":4},{"damage":1,"enemies":"2 Fungi Beasts","floor":14,"turns":3},{"damage":38,"enemies":"Slime Boss","floor":16,"turns":7},{"damage":55,"enemies":"3 Byrds","floor":18,"turns":5}],"seed_played":"-5081731935888692168","potions_obtained":[{"floor":8,"key":"Energy Potion"},{"floor":10,"key":"GamblersBrew"},{"floor":14,"key":"FairyPotion"}],"is_trial":false,"path_per_floor":["M","?","?","M","$","E","R","E","T","M","R","?","R","M","R","B",null,"M"],"character_chosen":"DEFECT","items_purchased":[],"campfire_rested":2,"item_purchase_floors":[],"current_hp_per_floor":[61,61,61,60,60,22,43,8,8,3,24,19,19,18,18,7,55,0],"gold":269,"neow_bonus":"TRANSFORM_TWO_CARDS","is_prod":false,"is_daily":false,"chose_seed":false,"campfire_upgraded":2,"win_rate":0,"timestamp":1564995072,"path_taken":["M","?","?","?","$","E","R","E","T","M","R","?","R","M","R","BOSS","M"],"build_version":"2019-07-18","purchased_purges":0,"victory":false,"max_hp_per_floor":[71,71,71,71,71,71,71,71,71,71,71,71,71,71,71,71,71,71],"card_choices":[{"not_picked":["Turbo","Steam Power"],"picked":"Reinforced Body","floor":1},{"not_picked":["Leap","Skim"],"picked":"Gash","floor":4},{"not_picked":["Tempest","Redo"],"picked":"Beam Cell","floor":6},{"not_picked":["Tempest","Redo"],"picked":"BootSequence","floor":8},{"not_picked":["BootSequence","Auto Shields"],"picked":"Conserve Battery","floor":10},{"not_picked":["Hello World","Streamline"],"picked":"Stack","floor":12},{"not_picked":["Stack","Redo"],"picked":"Compile Driver","floor":14},{"not_picked":["Hyperbeam","Reboot"],"picked":"All For One","floor":16},{"not_picked":["Lockon","Recycle"],"picked":"Go for the Eyes","floor":17},{"not_picked":["Ball Lightning","Rebound"],"picked":"White Noise","floor":17},{"not_picked":["Force Field","Barrage"],"picked":"Turbo","floor":17},{"not_picked":["Compile Driver","Rip and Tear"],"picked":"Sweeping Beam","floor":17},{"not_picked":["Darkness","Undo"],"picked":"Redo","floor":17}],"player_experience":2869101,"relics_obtained":[{"floor":6,"key":"Omamori"},{"floor":8,"key":"Gremlin Horn"},{"floor":9,"key":"Art of War"},{"floor":12,"key":"Odd Mushroom"}],"event_choices":[{"cards_removed":["Shame"],"damage_healed":0,"gold_gain":0,"player_choice":"Card Removal","damage_taken":0,"max_hp_gain":0,"max_hp_loss":0,"event_name":"The Cleric","floor":2,"gold_loss":75},{"damage_healed":0,"gold_gain":0,"player_choice":"2 cards matched","damage_taken":0,"max_hp_gain":0,"max_hp_loss":0,"event_name":"Match and Keep!","floor":3,"gold_loss":0,"cards_obtained":["Creative AI","Streamline"]},{"damage_healed":0,"gold_gain":0,"player_choice":"Fought Mushrooms","damage_taken":0,"max_hp_gain":0,"max_hp_loss":0,"event_name":"Mushrooms","floor":12,"gold_loss":0}],"is_beta":true,"boss_relics":[{"not_picked":["Sozu","Pandora\u0027s Box"],"picked":"Orrery"}],"items_purged_floors":[],"is_endless":false,"potions_floor_spawned":[8,10,14],"killed_by":"3 Byrds","ascension_level":20}