{"gold_per_floor":[113,113,24,24,35,35,35,46,46,46,66,30,30,50,50,149,149,124,24,24,24,24,24,49,49,49,49,49,84,84,101,101,206,206,224,224,224,224,56,56,156,171,196,196,196],"floor_reached":45,"playtime":967,"items_purged":["Strike_R"],"score":564,"play_id":"959c104f-530b-4d3f-abc0-215e3f7ace93","local_time":"20190214232248","is_ascension_mode":true,"campfire_choices":[{"data":"Panache","floor":6.0,"key":"SMITH"},{"data":"Anger","floor":10.0,"key":"SMITH"},{"data":"Demon Form","floor":15.0,"key":"SMITH"},{"data":"Body Slam","floor":23,"key":"SMITH"},{"floor":25,"key":"REST"},{"data":"Corruption","floor":27,"key":"SMITH"},{"floor":32,"key":"REST"},{"data":"Apotheosis","floor":40,"key":"SMITH"},{"data":"RitualDagger","floor":44,"key":"SMITH"}],"neow_cost":"TEN_PERCENT_HP_LOSS","seed_source_timestamp":0,"circlet_count":0,"master_deck":["Defend_R","Defend_R","Defend_R","Defend_R","Bash+1","Finesse","Anger+1","Flash of Steel","Shrug It Off","Rage","Bandage Up","Demon Form+1","Reaper","Rampage+1","Anger+1","Impervious+1","Body Slam+1","Corruption+1","RitualDagger+1","Body Slam+1","Armaments","Inflame+1","Reaper","Apotheosis+1","Shrug It Off+1"],"special_seed":0,"relics":["Burning Blood","Juzu Bracelet","Odd Mushroom","Astrolabe","Turnip","Matryoshka","Smiling Mask","Mark of Pain","Torii","Art of War","Happy Flower"],"potions_floor_usage":[29,33,33,41,45],"damage_taken":[{"damage":1.0,"enemies":"Cultist","floor":1.0,"turns":3.0},{"damage":0.0,"enemies":"Small Slimes","floor":5.0,"turns":2.0},{"damage":7.0,"enemies":"Jaw Worm","floor":8.0,"turns":2.0},{"damage":15.0,"enemies":"The Mushroom Lair","floor":11.0,"turns":4.0},{"damage":0.0,"enemies":"Looter","floor":14.0,"turns":2.0},{"damage":22.0,"enemies":"Hexaghost","floor":16.0,"turns":9.0},{"damage":33,"enemies":"2 Thieves","floor":18,"turns":5},{"damage":25,"enemies":"Book of Stabbing","floor":24,"turns":4},{"damage":73,"enemies":"Slavers","floor":29,"turns":6},{"damage":25,"enemies":"Spheric Guardian","floor":31,"turns":5},{"damage":51,"enemies":"Champ","floor":33,"turns":8},{"damage":30,"enemies":"Orb Walker","floor":35,"turns":5},{"damage":0,"enemies":"Mind Bloom Boss Battle","floor":41,"turns":9},{"damage":59,"enemies":"3 Shapes","floor":42,"turns":5},{"damage":90,"enemies":"2 Orb Walkers","floor":45,"turns":6}],"seed_played":"-170155083793525499","potions_obtained":[{"floor":11.0,"key":"EntropicBrew"},{"floor":14.0,"key":"SpeedPotion"},{"floor":24,"key":"Weak Potion"},{"floor":31,"key":"FearPotion"},{"floor":38,"key":"Swift Potion"},{"floor":38,"key":"SpeedPotion"},{"floor":38,"key":"Poison Potion"},{"floor":42,"key":"Block Potion"}],"is_trial":false,"path_per_floor":["M","?","$","?","M","R","?","M","T","R","?","$","?","M","R","B",null,"M","$","?","?","?","R","E","R","T","R","?","E","?","M","R","B",null,"M","?","?","?","$","R","?","M","T","R","?"],"character_chosen":"IRONCLAD","items_purchased":["Flash of Steel","Rage","Body Slam","Apotheosis"],"campfire_rested":2,"item_purchase_floors":[3,12,19,39],"current_hp_per_floor":[72,72,72,65,71,71,76,75,75,75,66,66,66,76,76,61,73,50,50,50,44,44,44,35,58,58,58,58,22,22,7,30,22,63,50,50,83,83,83,83,83,69,69,69,0],"gold":196,"neow_bonus":"RANDOM_COLORLESS_2","is_prod":false,"is_daily":false,"chose_seed":false,"campfire_upgraded":7,"win_rate":0,"timestamp":1550204568,"path_taken":["M","?","$","?","?","R","?","M","T","R","?","$","?","M","R","BOSS","M","?","?","?","?","R","E","R","T","R","?","E","?","M","R","BOSS","M","?","?","?","?","R","?","M","T","R","?"],"build_version":"2019-01-23","purchased_purges":1,"victory":false,"max_hp_per_floor":[72,72,72,72,72,72,77,77,77,77,77,77,77,77,77,77,77,77,77,77,77,77,77,77,77,77,77,77,77,77,77,77,77,77,77,73,83,83,83,83,83,83,83,83,83],"card_choices":[{"not_picked":["Clothesline","Body Slam"],"picked":"Anger","floor":1.0},{"not_picked":["Pommel Strike","Cleave"],"picked":"Shrug It Off","floor":5.0},{"not_picked":["Metallicize","Wild Strike","Shrug It Off"],"picked":"SKIP","floor":8.0},{"not_picked":["Shrug It Off","Sever Soul"],"picked":"Havoc","floor":11.0},{"not_picked":["Flex","Entrench"],"picked":"Demon Form","floor":14.0},{"not_picked":["Fiend Fire","Dark Embrace"],"picked":"Reaper","floor":16.0},{"not_picked":["Wild Strike+1","Spot Weakness"],"picked":"Iron Wave","floor":18},{"not_picked":["Clothesline","Offering"],"picked":"Body Slam+1","floor":24},{"not_picked":["Intimidate","Blood for Blood"],"picked":"Inflame+1","floor":29},{"not_picked":["Cleave","Havoc+1","Wild Strike+1"],"picked":"SKIP","floor":31},{"not_picked":["Double Tap","Bludgeon"],"picked":"Reaper","floor":33},{"not_picked":["Clothesline","Perfected Strike","Anger"],"picked":"SKIP","floor":35},{"not_picked":["Warcry+1","Armaments"],"picked":"Shrug It Off+1","floor":41},{"not_picked":["Clash+1","Rampage","Anger"],"picked":"SKIP","floor":42}],"player_experience":77908,"relics_obtained":[{"floor":9.0,"key":"Juzu Bracelet"},{"floor":11.0,"key":"Odd Mushroom"},{"floor":24,"key":"Turnip"},{"floor":26,"key":"Matryoshka"},{"floor":29,"key":"Smiling Mask"},{"floor":41,"key":"Torii"},{"floor":43,"key":"Art of War"},{"floor":43,"key":"Happy Flower"}],"event_choices":[{"damage_healed":0.0,"max_hp_gain":0.0,"max_hp_loss":0.0,"gold_gain":0.0,"event_name":"Living Wall","player_choice":"Grow","floor":2.0,"gold_loss":0.0,"damage_taken":0.0,"cards_upgraded":["Bash"]},{"cards_removed":["Strike_R"],"damage_healed":0.0,"max_hp_gain":0.0,"max_hp_loss":0.0,"gold_gain":0.0,"event_name":"Golden Wing","player_choice":"Card Removal","floor":4.0,"gold_loss":0.0,"damage_taken":7.0},{"damage_healed":0.0,"max_hp_gain":5.0,"max_hp_loss":0.0,"gold_gain":0.0,"event_name":"Big Fish","player_choice":"Donut","floor":7.0,"gold_loss":0.0,"damage_taken":0.0},{"damage_healed":0.0,"max_hp_gain":0.0,"max_hp_loss":0.0,"gold_gain":0.0,"event_name":"Mushrooms","player_choice":"Fought Mushrooms","floor":11.0,"gold_loss":0.0,"damage_taken":0.0},{"damage_healed":0.0,"max_hp_gain":0.0,"max_hp_loss":0.0,"gold_gain":0.0,"event_name":"Match and Keep!","player_choice":"1 cards matched","floor":13.0,"gold_loss":0.0,"damage_taken":0.0,"cards_obtained":["Bandage Up"]},{"damage_healed":0,"gold_gain":0,"player_choice":"Read","damage_taken":0,"max_hp_gain":0,"max_hp_loss":0,"event_name":"The Library","floor":20,"gold_loss":0,"cards_obtained":["Corruption"]},{"damage_healed":0,"gold_gain":0,"player_choice":"Joined the Cult","damage_taken":6,"max_hp_gain":0,"max_hp_loss":0,"event_name":"Nest","floor":21,"gold_loss":0,"cards_obtained":["RitualDagger"]},{"damage_healed":0,"gold_gain":0,"player_choice":"Ignored","damage_taken":0,"max_hp_gain":0,"max_hp_loss":0,"event_name":"Ghosts","floor":22,"gold_loss":0},{"damage_healed":0,"gold_gain":0,"cards_transformed":["Havoc","Iron Wave"],"player_choice":"Became Test Subject","damage_taken":0,"max_hp_gain":0,"max_hp_loss":0,"event_name":"Drug Dealer","floor":28,"gold_loss":0,"cards_obtained":["Second Wind","Armaments"]},{"cards_removed":["Second Wind"],"damage_healed":0,"gold_gain":0,"player_choice":"Elegance","damage_taken":0,"max_hp_gain":0,"max_hp_loss":0,"event_name":"Back to Basics","floor":30,"gold_loss":0},{"damage_healed":0,"gold_gain":0,"player_choice":"Max HP","damage_taken":0,"max_hp_gain":0,"max_hp_loss":4,"event_name":"Winding Halls","floor":36,"gold_loss":0},{"cards_removed":["Panache"],"damage_healed":23,"gold_gain":0,"player_choice":"Offered Rare","damage_taken":0,"max_hp_gain":10,"max_hp_loss":0,"event_name":"Bonfire Elementals","floor":37,"gold_loss":0},{"damage_healed":0,"gold_gain":0,"player_choice":"Got Potions","damage_taken":0,"max_hp_gain":0,"max_hp_loss":0,"event_name":"Lab","floor":38,"gold_loss":0},{"damage_healed":0,"gold_gain":0,"player_choice":"Fight","damage_taken":0,"max_hp_gain":0,"max_hp_loss":0,"event_name":"MindBloom","floor":41,"gold_loss":0},{"damage_healed":0,"gold_gain":0,"player_choice":"Fight","damage_taken":0,"max_hp_gain":0,"max_hp_loss":0,"event_name":"Mysterious Sphere","floor":45,"gold_loss":0}],"is_beta":false,"boss_relics":[{"not_picked":["Black Star","Pandora\u0027s Box"],"picked":"Astrolabe"},{"not_picked":["Black Blood","Calling Bell"],"picked":"Mark of Pain"}],"items_purged_floors":[19],"is_endless":false,"potions_floor_spawned":[11,14,24,31,42],"killed_by":"2 Orb Walkers","ascension_level":5}