{"gold_per_floor":[117,129,140,158,38,38,54,54,54,85,35,35,35,45,45,45],"floor_reached":16,"playtime":1174,"items_purged":["Strike_R"],"score":138,"play_id":"a33d6ed6-8063-4b73-abb6-5706a1f5c992","local_time":"20190721133643","is_ascension_mode":true,"campfire_choices":[{"data":"Searing Blow","floor":6.0,"key":"SMITH"},{"data":"Searing Blow+1","floor":8.0,"key":"SMITH"},{"data":"Searing Blow+2","floor":13,"key":"SMITH"},{"data":"Searing Blow+3","floor":15,"key":"SMITH"}],"neow_cost":"NONE","seed_source_timestamp":233101212956273,"circlet_count":0,"master_deck":["Strike_R","Strike_R","Strike_R","Defend_R","Defend_R","Defend_R","Defend_R","Bash","Sword Boomerang","Searing Blow+4","Headbutt","Shrug It Off","Shrug It Off","True Grit","Whirlwind"],"special_seed":0,"relics":["Burning Blood","Bottled Lightning","Champion Belt","FaceOfCleric"],"potions_floor_usage":[10],"damage_taken":[{"damage":5.0,"enemies":"2 Louse","floor":1.0,"turns":3.0},{"damage":1.0,"enemies":"Cultist","floor":2.0,"turns":4.0},{"damage":8.0,"enemies":"Jaw Worm","floor":3.0,"turns":4.0},{"damage":35.0,"enemies":"Large Slime","floor":4.0,"turns":7.0},{"damage":16.0,"enemies":"Gremlin Gang","floor":7.0,"turns":4.0},{"damage":31,"enemies":"Lagavulin","floor":10,"turns":6},{"damage":4,"enemies":"Looter","floor":14,"turns":3},{"damage":46,"enemies":"The Guardian","floor":16,"turns":8}],"seed_played":"6149687691252300607","potions_obtained":[{"floor":2.0,"key":"Block Potion"},{"floor":3.0,"key":"BloodPotion"},{"floor":4.0,"key":"FearPotion"}],"is_trial":false,"path_per_floor":["M","M","M","M","$","R","M","R","T","E","?","?","R","M","R","B"],"character_chosen":"IRONCLAD","items_purchased":["Shrug It Off"],"campfire_rested":0,"item_purchase_floors":[5],"current_hp_per_floor":[81,86,84,55,55,55,67,67,67,42,42,42,42,45,45,0],"gold":45,"neow_bonus":"TEN_PERCENT_HP_BONUS","is_prod":false,"is_daily":false,"chose_seed":false,"campfire_upgraded":4,"win_rate":0,"timestamp":1563741403,"path_taken":["M","M","M","M","$","R","M","R","T","E","?","?","R","?","R","BOSS"],"build_version":"2019-07-17","purchased_purges":1,"victory":false,"max_hp_per_floor":[88,88,88,88,88,88,88,88,88,88,88,88,88,89,89,89],"card_choices":[{"not_picked":["Body Slam","Dual Wield"],"picked":"Sword Boomerang","floor":1.0},{"not_picked":["Sword Boomerang","Body Slam"],"picked":"Searing Blow","floor":2.0},{"not_picked":["Warcry","Hemokinesis","Twin Strike"],"picked":"SKIP","floor":3.0},{"not_picked":["Anger","Dual Wield"],"picked":"Headbutt","floor":4.0},{"not_picked":["Twin Strike","Sword Boomerang"],"picked":"Shrug It Off","floor":7.0},{"not_picked":["Sword Boomerang","Thunderclap"],"picked":"True Grit","floor":10},{"not_picked":["Feel No Pain","Seeing Red"],"picked":"Whirlwind","floor":14}],"player_experience":370763,"relics_obtained":[{"floor":9.0,"key":"Bottled Lightning"},{"floor":10,"key":"Champion Belt"}],"event_choices":[{"cards_removed":["Strike_R"],"damage_healed":0,"gold_gain":0,"player_choice":"Card Removal","damage_taken":0,"max_hp_gain":0,"max_hp_loss":0,"event_name":"The Cleric","floor":11,"gold_loss":50},{"damage_healed":0,"gold_gain":0,"player_choice":"Trade","damage_taken":0,"relics_obtained":["FaceOfCleric"],"max_hp_gain":0,"max_hp_loss":0,"event_name":"FaceTrader","floor":12,"gold_loss":0}],"is_beta":false,"boss_relics":[],"items_purged_floors":[5],"is_endless":false,"potions_floor_spawned":[2,3,4],"killed_by":"The Guardian","ascension_level":7}