{"gold_per_floor":[17,33,33,45,57,69,116,142,180,224,236,248,260,272,284,368,380,405,417,429,441,467,479],"floor_reached":23,"playtime":534,"items_purged":[],"score":371,"play_id":"fd9d0d60-eb03-4fc6-b864-68397f3bb280","local_time":"20190508214543","is_ascension_mode":true,"campfire_choices":[{"data":"Rip and Tear","floor":6,"key":"SMITH"},{"floor":11,"key":"REST"},{"data":"Sweeping Beam","floor":13,"key":"SMITH"},{"floor":15,"key":"REST"}],"neow_cost":"NO_GOLD","seed_source_timestamp":0,"circlet_count":0,"master_deck":["AscendersBane","Strike_B","Defend_B","Defend_B","Defend_B+1","Defend_B","Zap+1","Dualcast","Turbo","Rainbow+1","Rip and Tear+1","Ball Lightning","Sweeping Beam+1","Gash","Cold Snap","All For One","Conserve Battery","RitualDagger","Chaos","BootSequence"],"special_seed":0,"relics":["Cracked Core","MawBank","Dream Catcher","Centennial Puzzle","Pen Nib","Cables","Black Star"],"potions_floor_usage":[10,16,23],"damage_taken":[{"damage":15,"enemies":"Jaw Worm","floor":1,"turns":6},{"damage":0,"enemies":"2 Louse","floor":2,"turns":2},{"damage":15,"enemies":"Lagavulin","floor":7,"turns":6},{"damage":6,"enemies":"Small Slimes","floor":8,"turns":3},{"damage":10,"enemies":"3 Sentries","floor":10,"turns":5},{"damage":14,"enemies":"The Guardian","floor":16,"turns":10},{"damage":13,"enemies":"2 Thieves","floor":18,"turns":3},{"damage":2,"enemies":"Spheric Guardian","floor":22,"turns":3},{"damage":38,"enemies":"Slavers","floor":23,"turns":3}],"seed_played":"-5806030223298781740","potions_obtained":[{"floor":2,"key":"SpeedPotion"},{"floor":7,"key":"Weak Potion"},{"floor":22,"key":"FearPotion"}],"is_trial":false,"path_per_floor":["M","M","?","?","?","R","E","M","T","E","R","T","R","?","R","B",null,"M","$","?","?","M","E"],"character_chosen":"DEFECT","items_purchased":[],"campfire_rested":2,"item_purchase_floors":[],"current_hp_per_floor":[49,49,38,38,38,38,23,17,17,7,28,28,28,7,28,14,57,44,44,38,38,36,0],"gold":479,"neow_bonus":"TRANSFORM_TWO_CARDS","is_prod":false,"is_daily":false,"chose_seed":false,"campfire_upgraded":2,"win_rate":0,"timestamp":1557366343,"path_taken":["M","M","?","?","?","R","E","M","T","E","R","?","R","?","R","BOSS","M","$","?","?","M","E"],"build_version":"2019-01-23","purchased_purges":0,"victory":false,"max_hp_per_floor":[71,71,71,71,71,71,71,71,71,71,71,71,71,71,71,71,71,71,71,71,71,71,71],"card_choices":[{"not_picked":["Streamline","Blizzard"],"picked":"Rip and Tear","floor":1},{"not_picked":["Cold Snap","Compile Driver"],"picked":"Ball Lightning","floor":2},{"not_picked":["Force Field","Go for the Eyes"],"picked":"Sweeping Beam","floor":7},{"not_picked":["Turbo","Go for the Eyes","Barrage"],"picked":"SKIP","floor":8},{"not_picked":["Sweeping Beam","Streamline","Steam"],"picked":"SKIP","floor":10},{"not_picked":["Rebound","Leap"],"picked":"Gash","floor":11},{"not_picked":["Turbo","Hyperbeam"],"picked":"Cold Snap","floor":15},{"not_picked":["Rainbow","Electrodynamics"],"picked":"All For One","floor":16},{"not_picked":["Redo","Go for the Eyes"],"picked":"Conserve Battery","floor":18},{"not_picked":["Compile Driver","Lockon"],"picked":"BootSequence","floor":22}],"player_experience":342928,"relics_obtained":[{"floor":7,"key":"Dream Catcher"},{"floor":9,"key":"Centennial Puzzle"},{"floor":10,"key":"Pen Nib"},{"floor":12,"key":"Cables"}],"event_choices":[{"damage_healed":0,"gold_gain":0,"player_choice":"Success","damage_taken":11,"relics_obtained":["MawBank"],"max_hp_gain":0,"max_hp_loss":0,"event_name":"Scrap Ooze","floor":3,"gold_loss":0},{"damage_healed":0,"gold_gain":0,"player_choice":"Grow","damage_taken":0,"max_hp_gain":0,"max_hp_loss":0,"event_name":"Living Wall","floor":4,"gold_loss":0,"cards_upgraded":["Zap"]},{"damage_healed":0,"gold_gain":0,"player_choice":"Ignored","damage_taken":0,"max_hp_gain":0,"max_hp_loss":0,"event_name":"Liars Game","floor":5,"gold_loss":0},{"damage_healed":0,"gold_gain":0,"player_choice":"Entered Light","damage_taken":21,"max_hp_gain":0,"max_hp_loss":0,"event_name":"Shining Light","floor":14,"gold_loss":0,"cards_upgraded":["Rainbow","Defend_B"]},{"damage_healed":0,"gold_gain":0,"player_choice":"Joined the Cult","damage_taken":6,"max_hp_gain":0,"max_hp_loss":0,"event_name":"Nest","floor":20,"gold_loss":0,"cards_obtained":["RitualDagger"]},{"damage_healed":0,"gold_gain":0,"cards_transformed":["Strike_B"],"player_choice":"Transformed","damage_taken":0,"max_hp_gain":0,"max_hp_loss":0,"event_name":"Transmorgrifier","floor":21,"gold_loss":0,"cards_obtained":["Chaos"]}],"is_beta":false,"boss_relics":[{"not_picked":["Busted Crown","Lizard Tail"],"picked":"Black Star"}],"items_purged_floors":[],"is_endless":false,"potions_floor_spawned":[2,7,22],"killed_by":"Slavers","ascension_level":18}