{"gold_per_floor":[115,138,138,151,151,180,180,209,209,209,222,222,222,235,235,235],"floor_reached":16,"playtime":728,"items_purged":[],"score":133,"play_id":"22ee1def-de3e-4819-b602-7c507851884b","local_time":"20190810115504","is_ascension_mode":false,"campfire_choices":[{"data":"Infernal Blade","floor":7,"key":"SMITH"},{"data":"Seeing Red","floor":10,"key":"SMITH"},{"data":"Bloodletting","floor":12,"key":"SMITH"},{"data":"Second Wind","floor":15,"key":"SMITH"}],"neow_cost":"NONE","seed_source_timestamp":8577420693876,"circlet_count":0,"master_deck":["Strike_R","Strike_R","Strike_R","Defend_R","Defend_R","Defend_R","Defend_R","Bash","Seeing Red+1","Bloodletting+1","Infernal Blade+1","Headbutt","Wild Strike","Second Wind+1"],"relics":["Burning Blood","NeowsBlessing","Vajra","Thread and Needle","Darkstone Periapt","Gremlin Horn"],"potions_floor_usage":[16,16],"damage_taken":[{"damage":0,"enemies":"Cultist","floor":1,"turns":1},{"damage":0,"enemies":"2 Louse","floor":4,"turns":1},{"damage":0,"enemies":"Lagavulin","floor":6,"turns":1},{"damage":32,"enemies":"3 Sentries","floor":8,"turns":10},{"damage":0,"enemies":"Jaw Worm","floor":11,"turns":2},{"damage":0,"enemies":"Gremlin Gang","floor":14,"turns":4},{"damage":58,"enemies":"Slime Boss","floor":16,"turns":14}],"seed_played":"-942938623592883789","potions_obtained":[{"floor":1,"key":"Dexterity Potion"},{"floor":4,"key":"SkillPotion"}],"is_trial":false,"path_per_floor":["M","T","?","M","?","E","R","E","T","R","M","R","?","M","R","B"],"character_chosen":"IRONCLAD","items_purchased":[],"campfire_rested":0,"item_purchase_floors":[],"current_hp_per_floor":[80,80,73,79,71,77,77,51,51,51,57,57,57,63,63,5],"gold":235,"neow_bonus":"THREE_ENEMY_KILL","is_prod":false,"is_daily":false,"chose_seed":false,"campfire_upgraded":4,"win_rate":0.0,"timestamp":1565405704,"path_taken":["M","?","?","M","?","E","R","E","T","R","?","R","?","M","R","BOSS"],"build_version":"2019-07-17","purchased_purges":0,"victory":false,"max_hp_per_floor":[80,80,80,80,80,80,80,80,80,80,80,80,80,80,80,80],"card_choices":[{"not_picked":["Power Through","Reckless Charge"],"picked":"Seeing Red","floor":1},{"not_picked":["Clash","Shrug It Off"],"picked":"Bloodletting","floor":4},{"not_picked":["Reckless Charge","Berserk"],"picked":"Infernal Blade","floor":6},{"not_picked":["Sword Boomerang","Twin Strike"],"picked":"Headbutt","floor":8},{"not_picked":["Clothesline","Armaments"],"picked":"Wild Strike","floor":11},{"not_picked":["Wild Strike","Anger"],"picked":"Second Wind","floor":14}],"player_experience":27246,"relics_obtained":[{"floor":2,"key":"Vajra"},{"floor":6,"key":"Thread and Needle"},{"floor":8,"key":"Darkstone Periapt"},{"floor":9,"key":"Gremlin Horn"}],"event_choices":[{"cards_removed":["Strike_R"],"damage_healed":0,"gold_gain":0,"player_choice":"Card Removal","damage_taken":7,"max_hp_gain":0,"max_hp_loss":0,"event_name":"Golden Wing","floor":3,"gold_loss":0},{"damage_healed":0,"gold_gain":0,"player_choice":"Damaged","damage_taken":8,"max_hp_gain":0,"max_hp_loss":0,"event_name":"Wheel of Change","floor":5,"gold_loss":0},{"cards_removed":["Strike_R"],"damage_healed":0,"gold_gain":0,"player_choice":"Forget","damage_taken":0,"max_hp_gain":0,"max_hp_loss":0,"event_name":"Living Wall","floor":13,"gold_loss":0}],"is_beta":false,"boss_relics":[],"items_purged_floors":[],"is_endless":false,"potions_floor_spawned":[1,4],"killed_by":"Slime Boss","ascension_level":0}