{"gold_per_floor":[116,41,55,130,305,336,336,347,347,367,378,34,34,46,46,46],"floor_reached":16,"playtime":699,"items_purged":["Strike_R","Doubt"],"score":133,"play_id":"d7001d78-6702-4c48-b383-7b32bcbef8c2","local_time":"20190811130030","is_ascension_mode":true,"campfire_choices":[{"data":"Seeing Red","floor":7,"key":"SMITH"},{"data":"Offering","floor":15,"key":"SMITH"}],"neow_cost":"NONE","seed_source_timestamp":9624584423279,"circlet_count":0,"master_deck":["Strike_R","Strike_R","Strike_R","Defend_R","Defend_R","Defend_R","Defend_R","Bash","Sentinel","Second Wind","Seeing Red+1","Burning Pact","Disarm","Offering+1","Shockwave"],"relics":["Burning Blood","NeowsBlessing","Kunai","Potion Belt","Question Card"],"potions_floor_usage":[16,16],"damage_taken":[{"damage":0,"enemies":"Jaw Worm","floor":1,"turns":1},{"damage":0,"enemies":"2 Louse","floor":3,"turns":1},{"damage":0,"enemies":"Gremlin Nob","floor":6,"turns":1},{"damage":3,"enemies":"Cultist","floor":8,"turns":5},{"damage":8,"enemies":"Blue Slaver","floor":10,"turns":5},{"damage":14,"enemies":"Red Slaver","floor":11,"turns":5},{"damage":16,"enemies":"Lots of Slimes","floor":14,"turns":6},{"damage":42,"enemies":"Slime Boss","floor":16,"turns":10}],"seed_played":"-5142207605334847088","potions_obtained":[{"floor":10,"key":"GamblersBrew"},{"floor":11,"key":"LiquidBronze"}],"is_trial":false,"path_per_floor":["M","$","M","?","?","E","R","M","T","M","M","$","?","M","R","B"],"character_chosen":"IRONCLAD","items_purchased":["Question Card"],"campfire_rested":0,"item_purchase_floors":[12],"current_hp_per_floor":[80,80,80,69,69,75,75,78,78,76,68,68,61,51,51,9],"gold":46,"neow_bonus":"THREE_ENEMY_KILL","is_prod":false,"is_daily":false,"chose_seed":false,"campfire_upgraded":2,"win_rate":0,"timestamp":1565496030,"path_taken":["M","$","M","?","?","E","R","M","T","?","M","$","?","M","R","BOSS"],"build_version":"2019-07-17","purchased_purges":2,"victory":false,"max_hp_per_floor":[80,80,80,80,80,80,80,80,80,80,80,80,80,80,80,80],"card_choices":[{"not_picked":["Wild Strike","Twin Strike"],"picked":"Sentinel","floor":1},{"not_picked":["Rampage","Shrug It Off"],"picked":"Second Wind","floor":3},{"not_picked":["Pommel Strike","Armaments"],"picked":"Seeing Red","floor":6},{"not_picked":["Thunderclap","Feel No Pain"],"picked":"Burning Pact","floor":8},{"not_picked":["Body Slam","Perfected Strike"],"picked":"Disarm","floor":10},{"not_picked":["Searing Blow","Body Slam"],"picked":"Offering","floor":11},{"not_picked":["Warcry","Infernal Blade","Inflame"],"picked":"Shockwave","floor":14}],"player_experience":52078,"relics_obtained":[{"floor":6,"key":"Kunai"},{"floor":9,"key":"Potion Belt"}],"event_choices":[{"damage_healed":0,"gold_gain":75,"player_choice":"Gather Gold","damage_taken":11,"max_hp_gain":0,"max_hp_loss":0,"event_name":"World of Goop","floor":4,"gold_loss":0},{"damage_healed":0,"gold_gain":175,"player_choice":"AGREE","damage_taken":0,"max_hp_gain":0,"max_hp_loss":0,"event_name":"Liars Game","floor":5,"gold_loss":0,"cards_obtained":["Doubt"]},{"cards_removed":["Strike_R"],"damage_healed":0,"gold_gain":0,"player_choice":"Card Removal","damage_taken":7,"max_hp_gain":0,"max_hp_loss":0,"event_name":"Golden Wing","floor":13,"gold_loss":0}],"is_beta":false,"boss_relics":[],"items_purged_floors":[2,12],"is_endless":false,"potions_floor_spawned":[10,11],"killed_by":"Slime Boss","ascension_level":1}