{"gold_per_floor":[109,129,145,157,175,201,213,225,284,296,308],"floor_reached":11,"playtime":1764,"items_purged":[],"score":105,"play_id":"1bea3c8b-08b2-449d-b1d7-a2513d803046","local_time":"20190730150608","is_ascension_mode":true,"campfire_choices":[{"data":"Searing Blow","floor":7.0,"key":"SMITH"},{"data":"Searing Blow+1","floor":10.0,"key":"SMITH"}],"neow_cost":"PERCENT_DAMAGE","seed_source_timestamp":194268898020481,"circlet_count":0,"master_deck":["Strike_R","Strike_R","Strike_R","Strike_R","Defend_R","Defend_R","Defend_R","Bash","Sword Boomerang","Exhume","Clothesline","Ghostly Armor","Headbutt","Searing Blow+2","Shrug It Off"],"special_seed":0,"relics":["Burning Blood","MawBank","Vajra"],"potions_floor_usage":[],"damage_taken":[{"damage":0.0,"enemies":"Small Slimes","floor":1.0,"turns":4.0},{"damage":4.0,"enemies":"Cultist","floor":2.0,"turns":3.0},{"damage":0.0,"enemies":"Jaw Worm","floor":3.0,"turns":4.0},{"damage":25.0,"enemies":"Exordium Thugs","floor":4.0,"turns":7.0},{"damage":16.0,"enemies":"Large Slime","floor":5.0,"turns":7.0},{"damage":40.0,"enemies":"Lagavulin","floor":6.0,"turns":6.0},{"damage":22,"enemies":"3 Sentries","floor":11,"turns":6}],"seed_played":"-3788555214061806568","potions_obtained":[{"floor":2.0,"key":"Fire Potion"},{"floor":3.0,"key":"Regen Potion"}],"is_trial":false,"path_per_floor":["M","M","M","M","M","E","R","?","T","R","E"],"character_chosen":"IRONCLAD","items_purchased":[],"campfire_rested":0,"item_purchase_floors":[],"current_hp_per_floor":[57,59,65,61,51,17,17,17,17,17,0],"gold":308,"neow_bonus":"TRANSFORM_TWO_CARDS","is_prod":false,"is_daily":false,"chose_seed":false,"campfire_upgraded":2,"win_rate":0,"timestamp":1564524368,"path_taken":["M","M","M","M","M","E","R","?","T","R","E"],"build_version":"2019-07-17","purchased_purges":0,"victory":false,"max_hp_per_floor":[80,80,80,80,80,80,80,80,80,80,80],"card_choices":[{"not_picked":["Pommel Strike","Headbutt"],"picked":"Clothesline","floor":1.0},{"not_picked":["Warcry","Clothesline"],"picked":"Ghostly Armor","floor":2.0},{"not_picked":["Fire Breathing","Havoc"],"picked":"Headbutt","floor":3.0},{"not_picked":["Warcry","Wild Strike"],"picked":"Searing Blow","floor":4.0},{"not_picked":["Body Slam","Thunderclap","Havoc"],"picked":"SKIP","floor":5.0},{"not_picked":["Exhume","Clothesline"],"picked":"Shrug It Off","floor":6.0}],"player_experience":426168,"relics_obtained":[{"floor":6.0,"key":"MawBank"},{"floor":9.0,"key":"Vajra"}],"event_choices":[{"damage_healed":0.0,"max_hp_gain":0.0,"max_hp_loss":0.0,"gold_gain":0.0,"event_name":"Liars Game","player_choice":"Ignored","floor":8.0,"gold_loss":0.0,"damage_taken":0.0}],"is_beta":false,"boss_relics":[],"items_purged_floors":[],"is_endless":false,"potions_floor_spawned":[2,3],"killed_by":"3 Sentries","ascension_level":8}