{"gold_per_floor":[13,13,32,48,65,92,92,107,107,107,136,136,50,79,79,150,150,161,161,175,189,83,83,6,31,31,31,47,57,57,57,57,134,134,148,18,18,32,307,307,232,242,289,306,306,318,337,349,349,349],"floor_reached":51,"playtime":1465,"items_purged":["Regret"],"score":1290,"play_id":"e0eedae7-4872-4c62-9f44-06b17dbbd1b6","local_time":"20190426015027","is_ascension_mode":true,"campfire_choices":[{"data":"Defragment","floor":7,"key":"SMITH"},{"data":"Zap","floor":10,"key":"SMITH"},{"floor":12,"key":"REST"},{"data":"Defragment","floor":15,"key":"SMITH"},{"data":"Discovery","floor":23,"key":"SMITH"},{"floor":27,"key":"REST"},{"floor":32,"key":"REST"},{"data":"Buffer","floor":40,"key":"SMITH"},{"floor":49,"key":"REST"}],"neow_cost":"NO_GOLD","seed_source_timestamp":1323664425376632,"circlet_count":0,"master_deck":["AscendersBane","Zap+1","Dualcast","Ball Lightning","Genetic Algorithm","Hologram","Defragment+1","Cold Snap","Defragment+1","Buffer+1","Amplify","Compile Driver","FTL","Redo","Undo","Recycle","Go for the Eyes","Fusion","Conserve Battery","Tempest+1","Leap","Discovery+1","Loop","Ball Lightning+1","Loop+1","Shame","Electrodynamics+1","Skim+1","Echo Form+1","Magnetism+1","Conserve Battery+1","Seek"],"relics":["FrozenCore","Thread and Needle","Regal Pillow","Sundial","Vajra","Cables","Pandora\u0027s Box","Frozen Egg 2","Gremlin Horn","Kunai","Happy Flower"],"potions_floor_usage":[25,33,42,47,50,50],"damage_taken":[{"damage":0,"enemies":"Cultist","floor":1,"turns":3},{"damage":0,"enemies":"2 Louse","floor":3,"turns":3},{"damage":2,"enemies":"Jaw Worm","floor":4,"turns":3},{"damage":0,"enemies":"Large Slime","floor":5,"turns":4},{"damage":10,"enemies":"Lagavulin","floor":6,"turns":7},{"damage":15,"enemies":"3 Louse","floor":8,"turns":4},{"damage":20,"enemies":"Gremlin Nob","floor":11,"turns":4},{"damage":6,"enemies":"3 Sentries","floor":14,"turns":6},{"damage":0,"enemies":"Slime Boss","floor":16,"turns":6},{"damage":0,"enemies":"Chosen","floor":18,"turns":4},{"damage":10,"enemies":"3 Byrds","floor":20,"turns":4},{"damage":0,"enemies":"Centurion and Healer","floor":21,"turns":4},{"damage":28,"enemies":"Slavers","floor":25,"turns":6},{"damage":14,"enemies":"Shelled Parasite and Fungi","floor":28,"turns":5},{"damage":2,"enemies":"Cultist and Chosen","floor":29,"turns":4},{"damage":14,"enemies":"Automaton","floor":33,"turns":9},{"damage":14,"enemies":"3 Shapes","floor":35,"turns":2},{"damage":0,"enemies":"3 Darklings","floor":38,"turns":4},{"damage":0,"enemies":"Sphere and 2 Shapes","floor":42,"turns":3},{"damage":20,"enemies":"Spire Growth","floor":44,"turns":5},{"damage":0,"enemies":"Transient","floor":46,"turns":5},{"damage":18,"enemies":"3 Darklings","floor":47,"turns":4},{"damage":2,"enemies":"4 Shapes","floor":48,"turns":4},{"damage":50,"enemies":"Time Eater","floor":50,"turns":11}],"seed_played":"-8291207032510656250","potions_obtained":[{"floor":1,"key":"Energy Potion"},{"floor":5,"key":"Ancient Potion"},{"floor":20,"key":"PowerPotion"},{"floor":28,"key":"Regen Potion"},{"floor":33,"key":"SteroidPotion"},{"floor":35,"key":"Swift Potion"},{"floor":44,"key":"Poison Potion"},{"floor":47,"key":"AttackPotion"}],"is_trial":false,"path_per_floor":["M","$","M","M","M","E","R","M","T","R","E","R","$","E","R","B",null,"M","?","M","M","$","R","$","E","T","R","M","M","?","?","R","B",null,"M","$","?","M","?","R","$","M","T","M","?","M","M","M","R","B",null],"character_chosen":"DEFECT","items_purchased":["Defragment","Discovery","Loop","Echo Form+1","Explosive Potion"],"campfire_rested":4,"item_purchase_floors":[13,22,24,36,36],"current_hp_per_floor":[64,64,64,62,62,52,52,37,37,37,17,53,53,47,47,47,65,65,65,55,55,55,55,55,27,27,63,49,47,47,27,64,65,73,59,59,59,59,59,59,59,59,59,39,39,39,21,19,56,6],"gold":349,"neow_bonus":"ONE_RARE_RELIC","is_prod":false,"is_daily":false,"chose_seed":false,"campfire_upgraded":5,"win_rate":0,"timestamp":1556257827,"path_taken":["M","?","M","M","?","E","R","M","T","R","E","R","$","E","R","BOSS","M","?","M","M","$","R","?","E","T","R","M","M","?","?","R","BOSS","M","$","?","M","?","R","$","?","T","M","?","M","M","M","R","BOSS"],"build_version":"2019-01-23","purchased_purges":1,"victory":true,"max_hp_per_floor":[71,71,71,71,71,71,71,71,71,71,71,71,71,71,71,71,71,71,71,71,71,71,71,71,71,71,71,71,71,71,76,76,76,76,76,76,76,76,76,76,76,76,76,76,76,76,76,76,76,76],"card_choices":[{"not_picked":["Tempest","Turbo"],"picked":"Ball Lightning","floor":1},{"not_picked":["Redo","Barrage"],"picked":"Genetic Algorithm","floor":3},{"not_picked":["Rebound","Barrage"],"picked":"Hologram","floor":4},{"not_picked":["Hologram","Beam Cell","Redo"],"picked":"SKIP","floor":5},{"not_picked":["Static Discharge","Beam Cell"],"picked":"Defragment","floor":6},{"not_picked":["Turbo","Fusion","Barrage"],"picked":"SKIP","floor":8},{"not_picked":["Darkness","Rebound"],"picked":"Cold Snap","floor":11},{"not_picked":["Heatsinks","Leap"],"picked":"Buffer","floor":14},{"not_picked":["Thunder Strike","Multi-Cast"],"picked":"Amplify","floor":16},{"not_picked":["Stack","Steam"],"picked":"Conserve Battery","floor":18},{"not_picked":["Rebound+1","Cold Snap"],"picked":"Tempest+1","floor":20},{"not_picked":["Leap","Barrage","Beam Cell"],"picked":"SKIP","floor":21},{"not_picked":["Barrage","Beam Cell"],"picked":"Leap","floor":21},{"not_picked":["Fusion","Turbo","Scrape"],"picked":"SKIP","floor":25},{"not_picked":["Sweeping Beam","Steam"],"picked":"Ball Lightning+1","floor":28},{"not_picked":["Sweeping Beam","Barrage+1"],"picked":"Loop+1","floor":29},{"not_picked":["Echo Form+1","Hyperbeam"],"picked":"Electrodynamics+1","floor":33},{"not_picked":["Ball Lightning","Compile Driver+1"],"picked":"Skim+1","floor":35},{"not_picked":["Dark Shackles","Enlightenment"],"picked":"Magnetism+1","floor":37},{"not_picked":["Steam Power","Turbo+1","Gash"],"picked":"SKIP","floor":38},{"not_picked":["Beam Cell","Go for the Eyes"],"picked":"Conserve Battery+1","floor":42},{"not_picked":["Scrape","Beam Cell+1","Barrage"],"picked":"SKIP","floor":44},{"not_picked":["Compile Driver","Rip and Tear","Turbo"],"picked":"SKIP","floor":46},{"not_picked":["Aggregate","Hologram"],"picked":"Seek","floor":47},{"not_picked":["Leap","Rip and Tear","Turbo"],"picked":"SKIP","floor":48}],"player_experience":307076,"relics_obtained":[{"floor":6,"key":"Regal Pillow"},{"floor":9,"key":"Sundial"},{"floor":11,"key":"Vajra"},{"floor":14,"key":"Cables"},{"floor":25,"key":"Frozen Egg 2"},{"floor":26,"key":"Gremlin Horn"},{"floor":43,"key":"Happy Flower"}],"event_choices":[{"cards_removed":["Double Energy"],"damage_healed":0,"gold_gain":0,"player_choice":"Elegance","damage_taken":0,"max_hp_gain":0,"max_hp_loss":0,"event_name":"Back to Basics","floor":19,"gold_loss":0},{"damage_healed":0,"gold_gain":0,"player_choice":"Stole Relic","damage_taken":0,"relics_obtained":["Kunai"],"max_hp_gain":0,"max_hp_loss":0,"event_name":"Addict","floor":30,"gold_loss":0,"cards_obtained":["Shame"]},{"damage_healed":0,"gold_gain":0,"player_choice":"Shed Blood","damage_taken":25,"max_hp_gain":5,"max_hp_loss":0,"event_name":"Forgotten Altar","floor":31,"gold_loss":0},{"damage_healed":0,"gold_gain":0,"player_choice":"Memory 1","damage_taken":0,"max_hp_gain":0,"max_hp_loss":0,"event_name":"SensoryStone","floor":37,"gold_loss":0},{"damage_healed":0,"gold_gain":275,"player_choice":"Desecrate","damage_taken":0,"max_hp_gain":0,"max_hp_loss":0,"event_name":"Golden Shrine","floor":39,"gold_loss":0,"cards_obtained":["Regret"]},{"damage_healed":0,"gold_gain":0,"player_choice":"Ignored","damage_taken":0,"max_hp_gain":0,"max_hp_loss":0,"event_name":"Mysterious Sphere","floor":45,"gold_loss":0}],"is_beta":false,"boss_relics":[{"not_picked":["Empty Cage","Astrolabe"],"picked":"Pandora\u0027s Box"},{"not_picked":["Tiny House","Runic Dome"],"picked":"FrozenCore"}],"items_purged_floors":[41],"is_endless":false,"potions_floor_spawned":[1,5,6,8,20,28,33,35,38,44,47],"ascension_level":16}