{"gold_per_floor":[117,132,282,299,318,352,52,52,52,0,29,29,43,59,59,59],"floor_reached":16,"playtime":286,"items_purged":[],"score":213,"play_id":"c5b1ad8f-f64c-44af-85e1-08f578297fe6","local_time":"20190508221502","is_ascension_mode":true,"campfire_choices":[{"floor":8,"key":"REST"},{"floor":12,"key":"REST"},{"floor":15,"key":"REST"}],"neow_cost":"NONE","seed_source_timestamp":2435250131045150,"circlet_count":0,"master_deck":["AscendersBane","Strike_B","Strike_B","Strike_B","Strike_B","Defend_B","Defend_B","Defend_B","Defend_B","Zap","Dualcast","Hyperbeam","Hologram","Static Discharge","Doubt","Darkness","Capacitor","Doom and Gloom","Defragment","Beam Cell","White Noise","Lockon","Doom and Gloom"],"relics":["Cracked Core","Oddly Smooth Stone","Medical Kit","Art of War","Gremlin Horn"],"potions_floor_usage":[14,16],"damage_taken":[{"damage":1,"enemies":"Cultist","floor":1,"turns":3},{"damage":7,"enemies":"Jaw Worm","floor":2,"turns":3},{"damage":0,"enemies":"2 Louse","floor":4,"turns":1},{"damage":13,"enemies":"Large Slime","floor":5,"turns":4},{"damage":66,"enemies":"Gremlin Nob","floor":6,"turns":5},{"damage":20,"enemies":"3 Sentries","floor":11,"turns":4},{"damage":16,"enemies":"2 Fungi Beasts","floor":13,"turns":3},{"damage":0,"enemies":"Exordium Wildlife","floor":14,"turns":3},{"damage":38,"enemies":"Slime Boss","floor":16,"turns":3}],"seed_played":"-5108500132189080549","potions_obtained":[{"floor":4,"key":"FairyPotion"},{"floor":11,"key":"Block Potion"},{"floor":14,"key":"LiquidBronze"}],"is_trial":false,"path_per_floor":["M","M","?","M","M","E","$","R","T","$","E","R","M","M","R","B"],"character_chosen":"DEFECT","items_purchased":["Medical Kit","Defragment","Beam Cell"],"campfire_rested":3,"item_purchase_floors":[7,7,10],"current_hp_per_floor":[63,56,56,56,43,7,7,28,28,28,8,29,13,13,34,0],"gold":59,"neow_bonus":"ONE_RANDOM_RARE_CARD","is_prod":false,"is_daily":false,"chose_seed":false,"campfire_upgraded":0,"win_rate":0,"timestamp":1557368102,"path_taken":["M","M","?","M","M","E","$","R","T","$","E","R","M","M","R","BOSS"],"build_version":"2019-01-23","purchased_purges":0,"victory":false,"max_hp_per_floor":[71,71,71,71,71,71,71,71,71,71,71,71,71,71,71,71],"card_choices":[{"not_picked":["Leap","Lockon"],"picked":"Hologram","floor":1},{"not_picked":["Blizzard","Aggregate"],"picked":"Static Discharge","floor":2},{"not_picked":["Undo","Redo"],"picked":"Darkness","floor":4},{"not_picked":["Rip and Tear","Barrage"],"picked":"Capacitor","floor":5},{"not_picked":["Tempest","Buffer"],"picked":"Doom and Gloom","floor":6},{"not_picked":["Gash","Conserve Battery"],"picked":"White Noise","floor":11},{"not_picked":["Ball Lightning","Leap"],"picked":"Lockon","floor":13},{"not_picked":["Rebound","Beam Cell"],"picked":"Doom and Gloom","floor":14}],"player_experience":344814,"relics_obtained":[{"floor":6,"key":"Oddly Smooth Stone"},{"floor":9,"key":"Art of War"},{"floor":11,"key":"Gremlin Horn"}],"event_choices":[{"damage_healed":0,"gold_gain":150,"player_choice":"AGREE","damage_taken":0,"max_hp_gain":0,"max_hp_loss":0,"event_name":"Liars Game","floor":3,"gold_loss":0,"cards_obtained":["Doubt"]}],"is_beta":false,"boss_relics":[],"items_purged_floors":[],"is_endless":false,"potions_floor_spawned":[4,11,14],"killed_by":"Slime Boss","ascension_level":18}