{"gold_per_floor":[361,372,47,47,122,151,151,484,484,494,30,40,60,60,60,138,138,151,151,62,62,77,102,102,112,112,9,9,25,25,25,25,25],"floor_reached":33,"playtime":766,"items_purged":["Strike_R","Strike_R"],"score":491,"play_id":"ddf1d99f-afbb-4f66-bbba-f94d3fa58f9c","local_time":"20190420110652","is_ascension_mode":true,"campfire_choices":[{"floor":7.0,"key":"REST"},{"floor":15.0,"key":"REST"},{"floor":24,"key":"REST"},{"floor":28,"key":"REST"},{"data":"Feel No Pain","floor":30,"key":"SMITH"},{"data":"Barricade","floor":32,"key":"SMITH"}],"neow_cost":"PERCENT_DAMAGE","seed_source_timestamp":839230451943721,"circlet_count":0,"master_deck":["AscendersBane","Strike_R","Strike_R","Defend_R","Defend_R","Defend_R","Defend_R","Bash","Anger","Rampage","Corruption","Immolate","Spot Weakness","Battle Trance","Battle Trance","Master of Strategy","Shrug It Off","Brutality","Feel No Pain+1","Discovery","Clothesline","Barricade+1","Flash of Steel"],"special_seed":0,"relics":["Burning Blood","Bottled Flame","Old Coin","Blue Candle","Centennial Puzzle","Kunai","Sozu","Bronze Scales","Shovel"],"potions_floor_usage":[],"damage_taken":[{"damage":5.0,"enemies":"2 Louse","floor":1.0,"turns":4.0},{"damage":2.0,"enemies":"Jaw Worm","floor":2.0,"turns":3.0},{"damage":25.0,"enemies":"3 Sentries","floor":6.0,"turns":6.0},{"damage":36.0,"enemies":"Lagavulin","floor":8.0,"turns":7.0},{"damage":1.0,"enemies":"Cultist","floor":10.0,"turns":3.0},{"damage":4.0,"enemies":"Large Slime","floor":12.0,"turns":4.0},{"damage":0.0,"enemies":"Gremlin Gang","floor":13.0,"turns":2.0},{"damage":24.0,"enemies":"Slime Boss","floor":16.0,"turns":9.0},{"damage":2.0,"enemies":"Chosen","floor":18.0,"turns":3.0},{"damage":15.0,"enemies":"Shell Parasite","floor":22.0,"turns":5.0},{"damage":37,"enemies":"Book of Stabbing","floor":23,"turns":5},{"damage":17,"enemies":"Chosen and Byrds","floor":25,"turns":4},{"damage":5,"enemies":"Sentry and Sphere","floor":29,"turns":5},{"damage":76,"enemies":"Automaton","floor":33,"turns":6}],"seed_played":"5027864261957347007","potions_obtained":[{"floor":1.0,"key":"Ancient Potion"},{"floor":8.0,"key":"EssenceOfSteel"},{"floor":13.0,"key":"Energy Potion"}],"is_trial":false,"path_per_floor":["M","M","$","?","?","E","R","E","T","M","$","M","M","?","R","B",null,"M","?","$","?","M","E","R","M","T","$","R","M","R","$","R","B"],"character_chosen":"IRONCLAD","items_purchased":["Corruption","Immolate","Spot Weakness","Centennial Puzzle","Master of Strategy","Discovery","Flash of Steel"],"campfire_rested":4,"item_purchase_floors":[3,3,3,11,11,20,27],"current_hp_per_floor":[51,55,55,48,37,18,40,10,10,15,15,17,23,5,27,9,59,63,63,63,56,47,16,38,27,27,27,49,50,50,50,50,0],"gold":25,"neow_bonus":"TWO_FIFTY_GOLD","is_prod":false,"is_daily":false,"chose_seed":false,"campfire_upgraded":2,"win_rate":0,"timestamp":1555772812,"path_taken":["M","M","$","?","?","E","R","E","T","M","$","M","M","?","R","BOSS","M","?","$","?","M","E","R","M","T","$","R","M","R","$","R","BOSS"],"build_version":"2019-01-23","purchased_purges":2,"victory":false,"max_hp_per_floor":[75,75,75,75,75,75,75,75,75,75,75,75,75,75,75,75,75,75,75,75,75,75,75,75,75,75,75,75,75,75,75,75,75],"card_choices":[{"not_picked":["Sever Soul","Sword Boomerang"],"picked":"Anger","floor":1.0},{"not_picked":["Power Through","Sword Boomerang"],"picked":"Rampage","floor":2.0},{"not_picked":["Shockwave","Perfected Strike"],"picked":"Battle Trance","floor":6.0},{"not_picked":["Anger","Berserk","Wild Strike"],"picked":"SKIP","floor":8.0},{"not_picked":["Pummel","Headbutt"],"picked":"Battle Trance","floor":10.0},{"not_picked":["Body Slam","Anger"],"picked":"Shrug It Off","floor":12.0},{"not_picked":["Perfected Strike","Burning Pact","Body Slam"],"picked":"SKIP","floor":13.0},{"not_picked":["Berserk","Fiend Fire"],"picked":"Brutality","floor":16.0},{"not_picked":["Twin Strike","Iron Wave","Hemokinesis"],"picked":"SKIP","floor":18.0},{"not_picked":["Clash","Reckless Charge"],"picked":"Clothesline","floor":22.0},{"not_picked":["Fire Breathing","Flex"],"picked":"Barricade","floor":23},{"not_picked":["Clothesline","Wild Strike","Body Slam"],"picked":"SKIP","floor":25},{"not_picked":["Pommel Strike","Perfected Strike","Hemokinesis+1"],"picked":"SKIP","floor":29}],"player_experience":302462,"relics_obtained":[{"floor":6.0,"key":"Bottled Flame"},{"floor":8.0,"key":"Old Coin"},{"floor":9.0,"key":"Blue Candle"},{"floor":23,"key":"Bronze Scales"},{"floor":26,"key":"Shovel"}],"event_choices":[{"cards_removed":["Strike_R"],"damage_healed":0.0,"max_hp_gain":0.0,"max_hp_loss":0.0,"gold_gain":0.0,"event_name":"Golden Wing","player_choice":"Card Removal","floor":4.0,"gold_loss":0.0,"damage_taken":7.0},{"damage_healed":0.0,"max_hp_gain":0.0,"max_hp_loss":0.0,"gold_gain":75.0,"event_name":"World of Goop","player_choice":"Gather Gold","floor":5.0,"gold_loss":0.0,"damage_taken":11.0},{"damage_healed":0.0,"max_hp_gain":0.0,"max_hp_loss":0.0,"gold_gain":0.0,"event_name":"Scrap Ooze","player_choice":"Success","floor":14.0,"gold_loss":0.0,"damage_taken":18.0,"relics_obtained":["Kunai"]},{"damage_healed":0.0,"max_hp_gain":0.0,"max_hp_loss":0.0,"gold_gain":0.0,"event_name":"The Library","player_choice":"Read","floor":19.0,"gold_loss":0.0,"damage_taken":0.0,"cards_obtained":["Feel No Pain"]},{"damage_healed":0.0,"max_hp_gain":0.0,"max_hp_loss":0.0,"gold_gain":0.0,"event_name":"Knowing Skull","player_choice":"","floor":21.0,"potions_obtained":[],"gold_loss":0.0,"damage_taken":7.0,"cards_obtained":[]}],"is_beta":false,"boss_relics":[{"not_picked":["Black Star","Runic Cube"],"picked":"Sozu"}],"items_purged_floors":[3,11],"is_endless":false,"potions_floor_spawned":[1,8,13,18,22,25],"killed_by":"Automaton","ascension_level":16}