{"gold_per_floor":[109,124,139,139,139,166,186,214,214,225,225,239,83,111,111,182,182,195,110,25,25,25,25,25],"floor_reached":24,"playtime":716,"items_purged":["Strike_R"],"score":428,"play_id":"0b2a24b2-fbd6-470d-a040-6b8a4abc0151","local_time":"20190827215818","is_ascension_mode":true,"campfire_choices":[{"floor":11,"key":"REST"},{"data":"Metallicize","floor":15,"key":"SMITH"},{"data":"Limit Break","floor":23,"key":"SMITH"}],"neow_cost":"NONE","seed_source_timestamp":949376910429505,"circlet_count":0,"master_deck":["AscendersBane","Strike_R+1","Strike_R+1","Strike_R+1","Strike_R+1","Defend_R+1","Defend_R+1","Defend_R+1","Defend_R+1","Bash","Iron Wave","Evolve","Armaments+1","Bludgeon+1","Thunderclap+1","Fiend Fire+1","Spot Weakness","Metallicize+1","Whirlwind+1","Rage","Limit Break+1","Shrug It Off","Dual Wield"],"relics":["Burning Blood","NeowsBlessing","Red Skull","Molten Egg 2","Mummified Hand","Self Forming Clay","Juzu Bracelet","Runic Cube","Omamori","WarpedTongs"],"potions_floor_usage":[8,12,14,24],"damage_taken":[{"damage":0,"enemies":"Small Slimes","floor":1,"turns":1},{"damage":0,"enemies":"Jaw Worm","floor":2,"turns":1},{"damage":0,"enemies":"2 Louse","floor":3,"turns":1},{"damage":22,"enemies":"3 Sentries","floor":6,"turns":11},{"damage":20,"enemies":"Gremlin Gang","floor":7,"turns":5},{"damage":27,"enemies":"Lagavulin","floor":8,"turns":6},{"damage":11,"enemies":"Looter","floor":10,"turns":2},{"damage":9,"enemies":"Red Slaver","floor":12,"turns":4},{"damage":8,"enemies":"Gremlin Nob","floor":14,"turns":3},{"damage":22,"enemies":"Slime Boss","floor":16,"turns":8},{"damage":9,"enemies":"Chosen","floor":18,"turns":4},{"damage":63,"enemies":"Book of Stabbing","floor":24,"turns":7}],"seed_played":"-7638671498258691678","potions_obtained":[{"floor":2,"key":"Regen Potion"},{"floor":6,"key":"Dexterity Potion"},{"floor":10,"key":"Swift Potion"},{"floor":12,"key":"Swift Potion"}],"is_trial":false,"path_per_floor":["M","M","M","?","?","E","M","E","T","M","R","M","$","E","R","B",null,"M","?","$","?","?","R","E"],"character_chosen":"IRONCLAD","items_purchased":["Whirlwind+1","Dual Wield"],"campfire_rested":1,"item_purchase_floors":[13,20],"current_hp_per_floor":[74,75,75,75,64,48,34,28,28,23,45,42,42,40,40,24,62,59,59,59,59,59,59,0],"gold":25,"neow_bonus":"THREE_ENEMY_KILL","is_prod":false,"is_daily":false,"chose_seed":false,"campfire_upgraded":2,"win_rate":0,"timestamp":1566957498,"path_taken":["M","M","M","?","?","E","M","E","T","M","R","?","$","E","R","BOSS","M","?","$","?","?","R","E"],"build_version":"2019-07-17","purchased_purges":1,"victory":false,"max_hp_per_floor":[75,75,75,75,75,75,75,75,75,75,75,75,75,75,75,75,75,75,75,75,75,75,75,75],"card_choices":[{"not_picked":["Cleave","Warcry"],"picked":"Iron Wave","floor":1},{"not_picked":["Heavy Blade","Perfected Strike"],"picked":"Evolve","floor":2},{"not_picked":["Pummel","Blood for Blood"],"picked":"Armaments","floor":3},{"not_picked":["True Grit","Heavy Blade"],"picked":"Bludgeon","floor":6},{"not_picked":["Burning Pact","Reckless Charge+1"],"picked":"Thunderclap+1","floor":7},{"not_picked":["Disarm","Thunderclap+1"],"picked":"Fiend Fire+1","floor":8},{"not_picked":["Warcry","Twin Strike+1"],"picked":"Spot Weakness","floor":10},{"not_picked":["Clash+1","Sword Boomerang+1"],"picked":"Metallicize","floor":12},{"not_picked":["Clash+1","Brutality"],"picked":"Rage","floor":14},{"not_picked":["Double Tap","Juggernaut"],"picked":"Limit Break","floor":16},{"not_picked":["Infernal Blade","Warcry"],"picked":"Shrug It Off","floor":18}],"player_experience":610150,"relics_obtained":[{"floor":6,"key":"Molten Egg 2"},{"floor":8,"key":"Mummified Hand"},{"floor":9,"key":"Self Forming Clay"},{"floor":14,"key":"Juzu Bracelet"}],"event_choices":[{"damage_healed":0,"gold_gain":0,"player_choice":"Grow","damage_taken":0,"max_hp_gain":0,"max_hp_loss":0,"event_name":"Living Wall","floor":4,"gold_loss":0,"cards_upgraded":["Armaments"]},{"damage_healed":0,"gold_gain":0,"player_choice":"Success","damage_taken":11,"relics_obtained":["Red Skull"],"max_hp_gain":0,"max_hp_loss":0,"event_name":"Scrap Ooze","floor":5,"gold_loss":0},{"damage_healed":0,"gold_gain":0,"player_choice":"Obtained Relic","damage_taken":0,"relics_obtained":["Omamori"],"max_hp_gain":0,"max_hp_loss":0,"event_name":"Addict","floor":19,"gold_loss":85},{"damage_healed":0,"gold_gain":0,"player_choice":"Rummage","damage_taken":0,"relics_obtained":["WarpedTongs"],"max_hp_gain":0,"max_hp_loss":0,"event_name":"Accursed Blacksmith","floor":21,"gold_loss":0,"cards_obtained":["Pain"]},{"damage_healed":0,"gold_gain":0,"player_choice":"Simplicity","damage_taken":0,"max_hp_gain":0,"max_hp_loss":0,"event_name":"Back to Basics","floor":22,"gold_loss":0,"cards_upgraded":["Strike_R","Strike_R","Strike_R","Strike_R","Defend_R","Defend_R","Defend_R","Defend_R"]}],"is_beta":false,"boss_relics":[{"not_picked":["Tiny House","Black Blood"],"picked":"Runic Cube"}],"items_purged_floors":[13],"is_endless":false,"potions_floor_spawned":[2,6,10,12],"killed_by":"Book of Stabbing","ascension_level":20}