{"gold_per_floor":[115,115,190,202,40,69,69,100,174,174,88,88,120,134,134,213,213,194,194,119,119,119,145,145,145,145,145,145,162,189,207,207,283,283,295,43,55,73,73,73,108,132,144,168,215,227,239,45,45,45],"floor_reached":50,"playtime":1412,"items_purged":["Strike_B","BootSequence+1"],"score":1102,"play_id":"495d3df3-8579-4069-92d7-04d05bd347e1","local_time":"20190420113813","is_ascension_mode":true,"campfire_choices":[{"floor":7.0,"key":"REST"},{"data":"Consume","floor":12,"key":"SMITH"},{"data":"Capacitor","floor":15,"key":"SMITH"},{"floor":24,"key":"REST"},{"data":"Biased Cognition","floor":28,"key":"SMITH"},{"floor":32,"key":"REST"},{"data":"1","floor":40,"key":"LIFT"},{"floor":46,"key":"DIG"},{"floor":49,"key":"DIG"}],"neow_cost":"NONE","seed_source_timestamp":840505345421074,"circlet_count":0,"master_deck":["AscendersBane","Defend_B","Defend_B","Defend_B","Dualcast","Rainbow","Consume+1","Loop","Coolheaded","Capacitor+1","Go for the Eyes","Biased Cognition+1","Tempest","Barrage","Self Repair","Leap+1","Ball Lightning","Multi-Cast","Cold Snap+1","Defragment","White Noise","Go for the Eyes+1","Redo+1","Buffer","Tempest","Static Discharge"],"special_seed":0,"relics":["Cracked Core","Anchor","Sundial","Ornamental Fan","Pear","Philosopher\u0027s Stone","Letter Opener","Girya","Ice Cream","Pocketwatch","Fusion Hammer","Lantern","MawBank","Bag of Marbles","Shovel","Smiling Mask","Unceasing Top"],"potions_floor_usage":[10,16,18,30,50],"damage_taken":[{"damage":2.0,"enemies":"Jaw Worm","floor":1.0,"turns":3.0},{"damage":0.0,"enemies":"2 Louse","floor":4.0,"turns":2.0},{"damage":19.0,"enemies":"Gremlin Nob","floor":6.0,"turns":5.0},{"damage":12.0,"enemies":"3 Sentries","floor":8.0,"turns":9.0},{"damage":0,"enemies":"Gremlin Nob","floor":10,"turns":1},{"damage":25,"enemies":"3 Sentries","floor":13,"turns":7},{"damage":0,"enemies":"Cultist","floor":14,"turns":3},{"damage":13,"enemies":"The Guardian","floor":16,"turns":8},{"damage":2,"enemies":"2 Thieves","floor":18,"turns":4},{"damage":57,"enemies":"Slavers","floor":23,"turns":6},{"damage":0,"enemies":"Spheric Guardian","floor":29,"turns":3},{"damage":28,"enemies":"Gremlin Leader","floor":30,"turns":7},{"damage":0,"enemies":"Centurion and Healer","floor":31,"turns":5},{"damage":29,"enemies":"Collector","floor":33,"turns":10},{"damage":2,"enemies":"3 Shapes","floor":35,"turns":3},{"damage":5,"enemies":"Orb Walker","floor":37,"turns":3},{"damage":18,"enemies":"Sphere and 2 Shapes","floor":38,"turns":5},{"damage":0,"enemies":"Giant Head","floor":41,"turns":8},{"damage":0,"enemies":"Maw","floor":42,"turns":6},{"damage":0,"enemies":"Transient","floor":44,"turns":5},{"damage":15,"enemies":"Nemesis","floor":45,"turns":7},{"damage":81,"enemies":"Awakened One","floor":50,"turns":6}],"seed_played":"7126131422481328545","potions_obtained":[{"floor":8.0,"key":"SmokeBomb"},{"floor":13,"key":"FocusPotion"},{"floor":16,"key":"Swift Potion"},{"floor":29,"key":"SkillPotion"},{"floor":31,"key":"SpeedPotion"},{"floor":33,"key":"Weak Potion"}],"is_trial":false,"path_per_floor":["M","?","?","M","$","E","R","E","T","E","$","R","E","M","R","B",null,"M","?","?","T","?","E","R","?","T","?","R","M","E","M","R","B",null,"M","$","M","M","?","R","E","M","T","M","E","R","?","$","R","B"],"character_chosen":"DEFECT","items_purchased":["Loop","Capacitor","Lantern","Defragment","Tempest","Static Discharge"],"campfire_rested":3,"item_purchase_floors":[5,11,36,36,48,48],"current_hp_per_floor":[62,55,44,44,44,25,46,34,34,34,34,34,19,19,19,6,62,60,60,60,60,60,10,34,34,34,50,50,57,36,43,67,45,72,77,77,72,61,61,61,68,75,75,81,73,73,73,73,73,0],"gold":45,"neow_bonus":"ONE_RANDOM_RARE_CARD","is_prod":false,"is_daily":false,"chose_seed":false,"campfire_upgraded":3,"win_rate":0,"timestamp":1555774693,"path_taken":["M","?","?","?","?","E","R","E","T","E","$","R","E","M","R","BOSS","M","?","?","?","?","E","R","?","T","?","R","?","E","M","R","BOSS","M","$","M","M","?","R","E","?","T","M","E","R","?","$","R","BOSS"],"build_version":"2019-01-23","purchased_purges":2,"victory":false,"max_hp_per_floor":[71,71,71,71,71,71,71,71,71,71,71,71,81,81,81,81,81,81,81,81,81,81,81,81,81,81,81,81,81,81,81,81,81,81,81,81,81,81,81,81,81,81,81,81,81,81,81,81,81,81],"card_choices":[{"not_picked":["Sweeping Beam","Reprogram"],"picked":"Compile Driver","floor":1.0},{"not_picked":["Steam","Rip and Tear"],"picked":"Consume","floor":4.0},{"not_picked":["Conserve Battery","Fission"],"picked":"Coolheaded","floor":6.0},{"not_picked":["Turbo","Compile Driver","Stack"],"picked":"SKIP","floor":8.0},{"not_picked":["Fusion","Lockon"],"picked":"Go for the Eyes","floor":13},{"not_picked":["Rebound","Turbo","Sweeping Beam"],"picked":"SKIP","floor":14},{"not_picked":["Creative AI","Thunder Strike"],"picked":"Biased Cognition","floor":16},{"not_picked":["Leap","Steam+1"],"picked":"Tempest","floor":18},{"not_picked":["Hologram+1","Rebound"],"picked":"Leap+1","floor":23},{"not_picked":["Rebound+1","Hologram+1"],"picked":"Ball Lightning","floor":29},{"not_picked":["Sweeping Beam","Rip and Tear","Gash"],"picked":"SKIP","floor":30},{"not_picked":["Compile Driver+1","Sweeping Beam+1","Leap"],"picked":"SKIP","floor":31},{"not_picked":["Thunder Strike","Seek"],"picked":"Multi-Cast","floor":33},{"not_picked":["Go for the Eyes+1","Defragment"],"picked":"Cold Snap+1","floor":35},{"not_picked":["Sweeping Beam","Reinforced Body"],"picked":"White Noise","floor":37},{"not_picked":["Barrage","Steam"],"picked":"BootSequence+1","floor":38},{"not_picked":["Barrage+1","Beam Cell","Gash"],"picked":"SKIP","floor":41},{"not_picked":["Leap","Hello World"],"picked":"Go for the Eyes+1","floor":42},{"not_picked":["Streamline","Barrage"],"picked":"Redo+1","floor":44},{"not_picked":["Hologram","Compile Driver"],"picked":"Buffer","floor":45}],"player_experience":303628,"relics_obtained":[{"floor":6.0,"key":"Anchor"},{"floor":8.0,"key":"Sundial"},{"floor":9.0,"key":"Ornamental Fan"},{"floor":13,"key":"Pear"},{"floor":21,"key":"Letter Opener"},{"floor":23,"key":"Girya"},{"floor":26,"key":"Ice Cream"},{"floor":30,"key":"Pocketwatch"},{"floor":41,"key":"MawBank"},{"floor":43,"key":"Bag of Marbles"},{"floor":45,"key":"Shovel"},{"floor":46,"key":"Smiling Mask"},{"floor":49,"key":"Unceasing Top"}],"event_choices":[{"cards_removed":["Strike_B"],"damage_healed":0.0,"max_hp_gain":0.0,"max_hp_loss":0.0,"gold_gain":0.0,"event_name":"Golden Wing","player_choice":"Card Removal","floor":2.0,"gold_loss":0.0,"damage_taken":7.0},{"damage_healed":0.0,"max_hp_gain":0.0,"max_hp_loss":0.0,"gold_gain":75.0,"event_name":"World of Goop","player_choice":"Gather Gold","floor":3.0,"gold_loss":0.0,"damage_taken":11.0},{"damage_healed":0,"gold_gain":0,"player_choice":"Ignored","damage_taken":0,"max_hp_gain":0,"max_hp_loss":0,"event_name":"Vampires","floor":19,"gold_loss":0},{"cards_removed":["Strike_B"],"damage_healed":0,"gold_gain":0,"player_choice":"Gave Gold","damage_taken":0,"max_hp_gain":0,"max_hp_loss":0,"event_name":"Beggar","floor":20,"gold_loss":75},{"damage_healed":0,"gold_gain":0,"cards_transformed":["Strike_B","Zap"],"player_choice":"Became Test Subject","damage_taken":0,"max_hp_gain":0,"max_hp_loss":0,"event_name":"Drug Dealer","floor":22,"gold_loss":0,"cards_obtained":["Barrage","Self Repair"]},{"damage_healed":0,"gold_gain":0,"player_choice":"Ignored","damage_taken":0,"max_hp_gain":0,"max_hp_loss":0,"event_name":"Ghosts","floor":25,"gold_loss":0},{"damage_healed":16,"gold_gain":0,"player_choice":"Heal","damage_taken":0,"max_hp_gain":0,"max_hp_loss":0,"event_name":"The Library","floor":27,"gold_loss":0},{"cards_removed":["Defend_B"],"damage_healed":0,"gold_gain":0,"player_choice":"Purged","damage_taken":0,"max_hp_gain":0,"max_hp_loss":0,"event_name":"Purifier","floor":39,"gold_loss":0},{"cards_removed":["Compile Driver"],"damage_healed":0,"gold_gain":0,"player_choice":"Removed Attack","damage_taken":0,"max_hp_gain":0,"max_hp_loss":0,"event_name":"Falling","floor":47,"gold_loss":0}],"is_beta":false,"boss_relics":[{"not_picked":["White Beast Statue","Pandora\u0027s Box"],"picked":"Philosopher\u0027s Stone"},{"not_picked":["Snecko Eye","Tiny House"],"picked":"Fusion Hammer"}],"items_purged_floors":[5,48],"is_endless":false,"potions_floor_spawned":[8,13,16,29,31,33,35,38,42],"killed_by":"Awakened One","ascension_level":16}