{"gold_per_floor":[14,14,14,28,28,61,75,75,75,95,95,120,120,134,134,213,213,224,204,222,233,245,245,6,17,40,40],"floor_reached":27,"playtime":779,"items_purged":[],"score":438,"play_id":"c7cfe1c3-e290-47cb-bf58-78402cb78404","local_time":"20190409230612","is_ascension_mode":true,"campfire_choices":[{"data":"Sunder","floor":8,"key":"SMITH"},{"floor":11,"key":"REST"},{"data":"Zap","floor":13,"key":"SMITH"},{"data":"Writhe","floor":15,"key":"PURGE"},{"floor":23,"key":"REST"}],"neow_cost":"NO_GOLD","seed_source_timestamp":254914959095762,"circlet_count":0,"master_deck":["AscendersBane","Strike_B","Strike_B","Strike_B","Strike_B","Defend_B","Defend_B+1","Defend_B","Defend_B","Zap+1","Dualcast+1","Genetic Algorithm+1","Sunder+1","FTL","Conserve Battery","Glacier","Core Surge","Ball Lightning","Echo Form","Static Discharge","Self Repair","Self Repair"],"relics":["Cracked Core","Peace Pipe","Du-Vu Doll","Regal Pillow","Pocketwatch","Ancient Tea Set","Velvet Choker","Pantograph","War Paint"],"potions_floor_usage":[16,16,21,22],"damage_taken":[{"damage":2,"enemies":"2 Louse","floor":1,"turns":3},{"damage":7,"enemies":"Small Slimes","floor":4,"turns":3},{"damage":30,"enemies":"Lagavulin","floor":6,"turns":7},{"damage":0,"enemies":"Cultist","floor":7,"turns":3},{"damage":0,"enemies":"2 Fungi Beasts","floor":10,"turns":3},{"damage":0,"enemies":"3 Sentries","floor":12,"turns":6},{"damage":5,"enemies":"Gremlin Gang","floor":14,"turns":3},{"damage":6,"enemies":"Hexaghost","floor":16,"turns":12},{"damage":13,"enemies":"2 Thieves","floor":18,"turns":4},{"damage":0,"enemies":"Spheric Guardian","floor":20,"turns":3},{"damage":11,"enemies":"3 Cultists","floor":21,"turns":5},{"damage":26,"enemies":"Snecko","floor":22,"turns":4},{"damage":33,"enemies":"Snake Plant","floor":25,"turns":3},{"damage":33,"enemies":"Gremlin Leader","floor":27,"turns":2}],"seed_played":"-2322568082887616969","potions_obtained":[{"floor":1,"key":"GamblersBrew"},{"floor":7,"key":"Weak Potion"},{"floor":14,"key":"SkillPotion"},{"floor":16,"key":"Poison Potion"},{"floor":19,"key":"AttackPotion"},{"floor":25,"key":"Energy Potion"}],"is_trial":false,"path_per_floor":["M","?","?","M","?","E","M","R","T","M","R","E","R","M","R","B",null,"M","?","M","M","M","R","$","M","T","E"],"character_chosen":"DEFECT","items_purchased":["Pantograph"],"campfire_rested":2,"item_purchase_floors":[24],"current_hp_per_floor":[62,62,62,55,55,25,25,25,25,25,61,61,61,56,56,50,66,53,53,53,42,16,52,52,33,33,0],"gold":40,"neow_bonus":"ONE_RARE_RELIC","is_prod":false,"is_daily":false,"chose_seed":false,"campfire_upgraded":2,"win_rate":0,"timestamp":1554865572,"path_taken":["M","?","?","M","?","E","?","R","T","M","R","E","R","M","R","BOSS","M","?","M","M","M","R","$","M","T","E"],"build_version":"2019-01-23","purchased_purges":0,"victory":false,"max_hp_per_floor":[71,71,71,71,71,71,71,71,71,71,71,71,71,71,71,71,71,71,71,71,71,71,71,71,71,71,71],"card_choices":[{"not_picked":["Melter","Beam Cell"],"picked":"Genetic Algorithm","floor":1},{"not_picked":["Coolheaded","Rip and Tear"],"picked":"Sunder","floor":4},{"not_picked":["Reprogram","Rip and Tear"],"picked":"FTL","floor":6},{"not_picked":["Go for the Eyes","Cold Snap"],"picked":"Conserve Battery","floor":7},{"not_picked":["Streamline","Fusion"],"picked":"Glacier","floor":10},{"not_picked":["BootSequence","FTL"],"picked":"Core Surge","floor":12},{"not_picked":["Barrage","Stack"],"picked":"Ball Lightning","floor":14},{"not_picked":["Creative AI","Multi-Cast"],"picked":"Echo Form","floor":16},{"not_picked":["Stack","Turbo"],"picked":"Static Discharge","floor":18},{"not_picked":["Compile Driver","Sweeping Beam","Rebound"],"picked":"SKIP","floor":20},{"not_picked":["Sweeping Beam","Force Field"],"picked":"Self Repair","floor":21},{"not_picked":["Rebound","Steam+1","Scrape"],"picked":"SKIP","floor":22},{"not_picked":["Auto Shields","Melter"],"picked":"Self Repair","floor":25}],"player_experience":255945,"relics_obtained":[{"floor":6,"key":"Regal Pillow"},{"floor":9,"key":"Pocketwatch"},{"floor":12,"key":"Ancient Tea Set"},{"floor":26,"key":"War Paint"}],"event_choices":[{"damage_healed":0,"gold_gain":0,"player_choice":"Box","damage_taken":0,"relics_obtained":["Du-Vu Doll"],"max_hp_gain":0,"max_hp_loss":0,"event_name":"Big Fish","floor":2,"gold_loss":0,"cards_obtained":["Regret"]},{"damage_healed":0,"gold_gain":0,"player_choice":"Grow","damage_taken":0,"max_hp_gain":0,"max_hp_loss":0,"event_name":"Living Wall","floor":3,"gold_loss":0,"cards_upgraded":["Genetic Algorithm"]},{"damage_healed":0,"gold_gain":0,"cards_transformed":["Regret"],"player_choice":"Transformed","damage_taken":0,"max_hp_gain":0,"max_hp_loss":0,"event_name":"Transmorgrifier","floor":5,"gold_loss":0,"cards_obtained":["Writhe"]},{"damage_healed":0,"gold_gain":0,"player_choice":"Bought 1 Potion","damage_taken":0,"max_hp_gain":0,"max_hp_loss":0,"event_name":"The Woman in Blue","floor":19,"gold_loss":0}],"is_beta":false,"boss_relics":[{"not_picked":["Black Star","Runic Dome"],"picked":"Velvet Choker"}],"items_purged_floors":[],"is_endless":false,"potions_floor_spawned":[1,7,14,16,25],"killed_by":"Gremlin Leader","ascension_level":15}