{"gold_per_floor":[115,40,54,71,36,66,66,66,66,66,66,94,105,161,161,161],"floor_reached":16,"playtime":836,"items_purged":["Strike_B"],"score":108,"play_id":"fbd58e8c-cee4-477c-9ab2-0073a48b2078","local_time":"20190826192022","is_ascension_mode":false,"campfire_choices":[{"floor":8,"key":"REST"},{"data":"Heatsinks","floor":10,"key":"SMITH"},{"floor":15,"key":"REST"}],"neow_cost":"NONE","seed_source_timestamp":254314762662000,"circlet_count":0,"master_deck":["Strike_B","Strike_B","Strike_B","Defend_B","Defend_B","Defend_B","Defend_B","Zap","Dualcast","Heatsinks+1","Hologram","Melter","Gash","Regret","Gash","All For One","Gash"],"relics":["Sozu","Kunai","Mango","Lantern","Unceasing Top","Mummified Hand"],"potions_floor_usage":[],"damage_taken":[{"damage":0,"enemies":"2 Louse","floor":1,"turns":4},{"damage":2,"enemies":"Small Slimes","floor":3,"turns":3},{"damage":0,"enemies":"Cultist","floor":4,"turns":4},{"damage":39,"enemies":"Gremlin Nob","floor":6,"turns":5},{"damage":27,"enemies":"3 Sentries","floor":12,"turns":7},{"damage":6,"enemies":"Looter","floor":13,"turns":3},{"damage":25,"enemies":"Lagavulin Event","floor":14,"turns":4},{"damage":41,"enemies":"The Guardian","floor":16,"turns":7}],"seed_played":"-5190028298554342843","potions_obtained":[],"is_trial":false,"path_per_floor":["M","$","M","M","$","E","?","R","T","R","?","E","M","?","R","B"],"character_chosen":"DEFECT","items_purchased":["Melter"],"campfire_rested":2,"item_purchase_floors":[5],"current_hp_per_floor":[75,75,73,73,73,34,34,56,70,70,70,43,37,12,38,0],"gold":161,"neow_bonus":"BOSS_RELIC","is_prod":false,"is_daily":false,"chose_seed":false,"campfire_upgraded":1,"win_rate":0.0,"timestamp":1566840022,"path_taken":["M","$","M","M","$","E","?","R","T","R","?","E","M","?","R","BOSS"],"build_version":"2019-06-28","purchased_purges":1,"victory":false,"max_hp_per_floor":[75,75,75,75,75,75,75,75,89,89,89,89,89,89,89,89],"card_choices":[{"not_picked":["Leap","Turbo"],"picked":"Storm","floor":1},{"not_picked":["Hologram","Reinforced Body"],"picked":"Heatsinks","floor":3},{"not_picked":["Melter","Steam"],"picked":"Hologram","floor":4},{"not_picked":["Rebound","Cold Snap"],"picked":"Gash","floor":6},{"not_picked":["Defragment","Streamline"],"picked":"Gash","floor":12},{"not_picked":["Streamline","Auto Shields"],"picked":"All For One","floor":13},{"not_picked":["Steam","Rebound"],"picked":"Gash","floor":14}],"player_experience":68758,"relics_obtained":[{"floor":6,"key":"Kunai"},{"floor":9,"key":"Mango"},{"floor":12,"key":"Unceasing Top"},{"floor":14,"key":"Mummified Hand"}],"event_choices":[{"cards_removed":["Storm"],"damage_healed":0,"gold_gain":0,"player_choice":"Forget","damage_taken":0,"max_hp_gain":0,"max_hp_loss":0,"event_name":"Living Wall","floor":7,"gold_loss":0},{"damage_healed":0,"gold_gain":0,"player_choice":"Box","damage_taken":0,"relics_obtained":["Lantern"],"max_hp_gain":0,"max_hp_loss":0,"event_name":"Big Fish","floor":11,"gold_loss":0,"cards_obtained":["Regret"]},{"damage_healed":0,"gold_gain":0,"player_choice":"Searched \u00272\u0027 times","damage_taken":0,"max_hp_gain":0,"max_hp_loss":0,"event_name":"Dead Adventurer","floor":14,"gold_loss":0}],"is_beta":true,"boss_relics":[],"items_purged_floors":[2],"is_endless":false,"potions_floor_spawned":[3,4,6],"killed_by":"The Guardian","ascension_level":0}