{"gold_per_floor":[114,64,84,84,98,98,125,125,209,241,259,286,309,319,319,418,418,431,72,72,72,72,72,0,18,18,52,52,65,65,95,95,190,190,205,115,25,42,42,42,73,73,73,73,1,19,19,37,37,37],"floor_reached":51,"playtime":2597,"items_purged":[],"score":1037,"play_id":"e3a7699b-711a-43f0-99a7-1079f4e5f102","local_time":"20190223224337","is_ascension_mode":true,"campfire_choices":[{"data":"Consume","floor":6,"key":"SMITH"},{"floor":8,"key":"REST"},{"data":"Defragment","floor":15,"key":"SMITH"},{"floor":23,"key":"REST"},{"floor":28,"key":"REST"},{"floor":32,"key":"REST"},{"data":"Echo Form","floor":40,"key":"SMITH"},{"floor":42,"key":"REST"},{"data":"Buffer","floor":47,"key":"SMITH"},{"floor":49,"key":"REST"}],"neow_cost":"PERCENT_DAMAGE","seed_source_timestamp":410250478261364,"circlet_count":0,"master_deck":["Strike_B","Defend_B","Defend_B","Defend_B","Defend_B","Zap","Dualcast","Conserve Battery","Consume+1","Ball Lightning","Steam","Hologram+1","Ball Lightning","Cold Snap","Coolheaded+1","Defragment+1","Cold Snap+1","Creative AI","Buffer+1","Chill+1","Reprogram+1","Defragment","Recycle","Barrage","Static Discharge+1","FTL","Cold Snap+1","Compile Driver+1","Gash+1","Echo Form+1","BootSequence+1","Panacea","Steam+1","Glacier+1","Blind","Blizzard+1","Blizzard+1","BootSequence+1","Storm","Glacier"],"relics":["Cracked Core","Prayer Wheel","Omamori","Tiny Chest","Blood Vial","Boot","War Paint","Sozu","DataDisk","Bag of Preparation","Symbiotic Virus","Molten Egg 2","Letter Opener","Ornamental Fan","Black Star","Bronze Scales","Happy Flower","Mummified Hand"],"potions_floor_usage":[5,10,14,27],"damage_taken":[{"damage":1,"enemies":"Cultist","floor":1,"turns":3},{"damage":0,"enemies":"2 Louse","floor":3,"turns":2},{"damage":0,"enemies":"Jaw Worm","floor":5,"turns":2},{"damage":29,"enemies":"3 Sentries","floor":7,"turns":7},{"damage":10,"enemies":"Gremlin Nob","floor":10,"turns":3},{"damage":0,"enemies":"Large Slime","floor":11,"turns":3},{"damage":0,"enemies":"Lots of Slimes","floor":14,"turns":2},{"damage":6,"enemies":"The Guardian","floor":16,"turns":9},{"damage":10,"enemies":"Shell Parasite","floor":18,"turns":5},{"damage":18,"enemies":"2 Thieves","floor":24,"turns":5},{"damage":7,"enemies":"3 Cultists","floor":25,"turns":6},{"damage":34,"enemies":"Gremlin Leader","floor":27,"turns":7},{"damage":1,"enemies":"Centurion and Healer","floor":29,"turns":7},{"damage":18,"enemies":"Book of Stabbing","floor":31,"turns":6},{"damage":33,"enemies":"Champ","floor":33,"turns":10},{"damage":13,"enemies":"Orb Walker","floor":35,"turns":4},{"damage":0,"enemies":"3 Shapes","floor":38,"turns":3},{"damage":15,"enemies":"Nemesis","floor":41,"turns":11},{"damage":8,"enemies":"3 Darklings","floor":46,"turns":3},{"damage":40,"enemies":"Spire Growth","floor":48,"turns":5},{"damage":45,"enemies":"Awakened One","floor":50,"turns":12}],"seed_played":"8867971621393617722","potions_obtained":[{"floor":1,"key":"Swift Potion"},{"floor":7,"key":"Swift Potion"},{"floor":10,"key":"SpeedPotion"},{"floor":11,"key":"AttackPotion"}],"is_trial":false,"path_per_floor":["M","?","M","?","M","R","E","R","T","E","M","T","T","M","R","B",null,"M","$","?","$","?","R","M","M","T","E","R","M","T","E","R","B",null,"M","?","$","M","?","R","E","R","T","?","$","M","R","M","R","B",null],"character_chosen":"DEFECT","items_purchased":["DataDisk","Bag of Preparation","Defragment","Panacea","Blizzard+1"],"campfire_rested":6,"item_purchase_floors":[19,19,19,37,45],"current_hp_per_floor":[49,49,49,54,54,54,25,49,49,39,41,41,41,43,43,39,70,62,62,47,47,47,72,56,51,51,19,44,45,45,29,54,23,70,59,59,59,61,61,61,48,73,73,73,73,67,67,29,53,10],"gold":37,"neow_bonus":"ONE_RARE_RELIC","is_prod":false,"is_daily":false,"chose_seed":false,"campfire_upgraded":4,"win_rate":0,"timestamp":1550979817,"path_taken":["M","?","M","?","M","R","E","R","T","E","M","?","?","M","R","BOSS","M","?","?","$","?","R","M","M","T","E","R","?","?","E","R","BOSS","M","?","$","?","?","R","E","R","T","?","?","?","R","M","R","BOSS"],"build_version":"2019-01-23","purchased_purges":0,"victory":true,"max_hp_per_floor":[75,75,75,80,80,80,80,80,80,80,80,80,80,80,80,80,80,80,80,85,85,85,85,85,85,85,85,85,85,85,85,85,85,85,85,85,85,85,85,85,85,85,85,81,81,81,81,81,81,81],"card_choices":[{"not_picked":["Beam Cell","Cold Snap"],"picked":"Conserve Battery","floor":1},{"not_picked":["Force Field","Hello World"],"picked":"Consume","floor":1},{"not_picked":["Beam Cell","Hologram"],"picked":"Ball Lightning","floor":3},{"not_picked":["Cold Snap","Darkness"],"picked":"Steam","floor":3},{"not_picked":["Redo","Reprogram"],"picked":"Hologram","floor":5},{"not_picked":["Hologram","Turbo"],"picked":"Ball Lightning","floor":5},{"not_picked":["Leap","Force Field"],"picked":"Cold Snap","floor":7},{"not_picked":["All For One","Go for the Eyes"],"picked":"Coolheaded","floor":10},{"not_picked":["Gash","Coolheaded"],"picked":"Defragment","floor":11},{"not_picked":["Streamline","Stack","Double Energy"],"picked":"SKIP","floor":11},{"not_picked":["Streamline","Hologram"],"picked":"Cold Snap","floor":14},{"not_picked":["Coolheaded","Rebound"],"picked":"Creative AI","floor":14},{"not_picked":["Meteor Strike","Machine Learning"],"picked":"Buffer","floor":16},{"not_picked":["Streamline+1","Force Field"],"picked":"Chill+1","floor":18},{"not_picked":["Scrape+1","Stack"],"picked":"Reprogram+1","floor":18},{"not_picked":["Streamline","Chaos"],"picked":"Barrage","floor":24},{"not_picked":["Ball Lightning+1","Stack"],"picked":"Static Discharge+1","floor":24},{"not_picked":["Leap","White Noise"],"picked":"FTL","floor":25},{"not_picked":["Beam Cell+1","Skim"],"picked":"Cold Snap+1","floor":25},{"not_picked":["Stack","Cold Snap"],"picked":"Compile Driver","floor":27},{"not_picked":["Skim","Redo+1"],"picked":"Gash+1","floor":29},{"not_picked":["Steam Power","Compile Driver+1","Sweeping Beam+1"],"picked":"SKIP","floor":29},{"not_picked":["Melter+1","Skim","Sweeping Beam+1"],"picked":"SKIP","floor":31},{"not_picked":["Biased Cognition","Meteor Strike+1"],"picked":"Echo Form","floor":33},{"not_picked":["Doom and Gloom+1","Compile Driver+1"],"picked":"BootSequence+1","floor":35},{"not_picked":["Cold Snap+1","Sweeping Beam+1","Gash+1"],"picked":"SKIP","floor":35},{"not_picked":["Go for the Eyes+1","Cold Snap+1"],"picked":"Steam+1","floor":38},{"not_picked":["Undo+1","Compile Driver+1"],"picked":"Glacier+1","floor":38},{"not_picked":["Metamorphosis","Transmutation"],"picked":"Blind","floor":39},{"not_picked":["Loop+1","Beam Cell+1"],"picked":"Blizzard+1","floor":41},{"not_picked":["Auto Shields+1","Darkness+1"],"picked":"BootSequence+1","floor":46},{"not_picked":["Storm","Recycle+1","Turbo"],"picked":"SKIP","floor":46},{"not_picked":["Recycle+1","Turbo"],"picked":"Storm","floor":46},{"not_picked":["White Noise+1","Melter+1"],"picked":"Glacier","floor":48},{"not_picked":["Rebound+1","Rip and Tear+1","Turbo+1"],"picked":"SKIP","floor":48}],"player_experience":132610,"relics_obtained":[{"floor":7,"key":"Omamori"},{"floor":9,"key":"Tiny Chest"},{"floor":10,"key":"Blood Vial"},{"floor":12,"key":"Boot"},{"floor":13,"key":"War Paint"},{"floor":26,"key":"Symbiotic Virus"},{"floor":27,"key":"Molten Egg 2"},{"floor":30,"key":"Letter Opener"},{"floor":31,"key":"Ornamental Fan"},{"floor":41,"key":"Bronze Scales"},{"floor":41,"key":"Happy Flower"},{"floor":43,"key":"Mummified Hand"}],"event_choices":[{"cards_removed":["Strike_B"],"damage_healed":0,"gold_gain":0,"player_choice":"Card Removal","damage_taken":0,"max_hp_gain":0,"max_hp_loss":0,"event_name":"The Cleric","floor":2,"gold_loss":50},{"damage_healed":0,"gold_gain":0,"player_choice":"Donut","damage_taken":0,"max_hp_gain":5,"max_hp_loss":0,"event_name":"Big Fish","floor":4,"gold_loss":0},{"damage_healed":0,"gold_gain":0,"player_choice":"Shed Blood","damage_taken":20,"max_hp_gain":5,"max_hp_loss":0,"event_name":"Forgotten Altar","floor":20,"gold_loss":0},{"damage_healed":0,"gold_gain":0,"cards_transformed":["Strike_B"],"player_choice":"Transformed","damage_taken":0,"max_hp_gain":0,"max_hp_loss":0,"event_name":"Transmorgrifier","floor":22,"gold_loss":0,"cards_obtained":["Recycle"]},{"cards_removed":["Strike_B"],"damage_healed":0,"gold_gain":0,"player_choice":"Upgrade and Remove","damage_taken":0,"max_hp_gain":0,"max_hp_loss":0,"event_name":"Designer","floor":36,"gold_loss":90,"cards_upgraded":["Cold Snap"]},{"damage_healed":0,"gold_gain":0,"player_choice":"Memory 1","damage_taken":0,"max_hp_gain":0,"max_hp_loss":0,"event_name":"SensoryStone","floor":39,"gold_loss":0},{"damage_healed":0,"gold_gain":0,"player_choice":"Max HP","damage_taken":0,"max_hp_gain":0,"max_hp_loss":4,"event_name":"Winding Halls","floor":44,"gold_loss":0}],"is_beta":false,"boss_relics":[{"not_picked":["FrozenCore","Runic Dome"],"picked":"Sozu"},{"not_picked":["Nuclear Battery","Tiny House"],"picked":"Black Star"}],"items_purged_floors":[],"is_endless":false,"potions_floor_spawned":[1,7,10,11,27,29,31,38,48],"ascension_level":8}