{"gold_per_floor":[118,128,303,303,319,42,42,42,114,13,13,87,87,116,116,218,218,229,144,156,7,7,7,37,57,57,57,57,57,57,75,75,179,179,197,197,43,54,67,67,67,94,118,118,150,167,167,17,17,17],"floor_reached":51,"playtime":6038,"items_purged":["Doubt","Strike_R"],"score":1002,"play_id":"dd0e94cc-c382-4814-8b17-c25f338584b1","local_time":"20190221005427","is_ascension_mode":true,"campfire_choices":[{"data":"Uppercut","floor":8,"key":"SMITH"},{"data":"Body Slam","floor":11,"key":"SMITH"},{"data":"Barricade","floor":13,"key":"SMITH"},{"data":"Entrench","floor":15,"key":"SMITH"},{"floor":23,"key":"REST"},{"floor":27,"key":"REST"},{"data":"Juggernaut","floor":29,"key":"SMITH"},{"data":"1","floor":32,"key":"LIFT"},{"data":"2","floor":40,"key":"LIFT"},{"data":"3","floor":44,"key":"LIFT"},{"floor":47,"key":"REST"},{"floor":49,"key":"REST"}],"neow_cost":"NONE","seed_source_timestamp":138542170430904,"circlet_count":0,"master_deck":["Strike_R","Strike_R+1","Defend_R","Defend_R","Defend_R","Defend_R","Bash","Uppercut+1","Body Slam+1","Barricade+1","Flash of Steel+1","Entrench+1","Juggernaut+1","Shrug It Off","Heavy Blade","Clothesline","Clothesline","Iron Wave","Reaper","Metallicize+1","Sever Soul","Metallicize","Iron Wave+1","True Grit+1","Bludgeon","Entrench","Juggernaut"],"relics":["Burning Blood","NeowsBlessing","Darkstone Periapt","Membership Card","Shuriken","ClockworkSouvenir","Ornamental Fan","WingedGreaves","Snecko Eye","Centennial Puzzle","Lantern","Ice Cream","Girya","Fusion Hammer","Self Forming Clay","Mercury Hourglass","Ancient Tea Set","Mummified Hand"],"potions_floor_usage":[33,33,38,50,50],"damage_taken":[{"damage":0,"enemies":"Jaw Worm","floor":1,"turns":1},{"damage":0,"enemies":"2 Louse","floor":2,"turns":1},{"damage":0,"enemies":"Cultist","floor":5,"turns":1},{"damage":20,"enemies":"Gremlin Nob","floor":14,"turns":4},{"damage":18,"enemies":"The Guardian","floor":16,"turns":10},{"damage":37,"enemies":"Shell Parasite","floor":18,"turns":7},{"damage":19,"enemies":"Spheric Guardian","floor":20,"turns":4},{"damage":20,"enemies":"Book of Stabbing","floor":24,"turns":5},{"damage":0,"enemies":"Snake Plant","floor":25,"turns":5},{"damage":5,"enemies":"Snecko","floor":31,"turns":5},{"damage":0,"enemies":"Champ","floor":33,"turns":7},{"damage":1,"enemies":"3 Shapes","floor":35,"turns":4},{"damage":0,"enemies":"3 Darklings","floor":38,"turns":2},{"damage":0,"enemies":"Maw","floor":39,"turns":5},{"damage":6,"enemies":"Nemesis","floor":42,"turns":5},{"damage":16,"enemies":"Reptomancer","floor":45,"turns":5},{"damage":16,"enemies":"4 Shapes","floor":46,"turns":3},{"damage":7,"enemies":"Donu and Deca","floor":50,"turns":6}],"seed_played":"83698151418592931","potions_obtained":[{"floor":1,"key":"Strength Potion"},{"floor":16,"key":"FairyPotion"},{"floor":25,"key":"SpeedPotion"},{"floor":33,"key":"AttackPotion"},{"floor":38,"key":"SkillPotion"},{"floor":45,"key":"Block Potion"}],"is_trial":false,"path_per_floor":["M","M","?","?","M","$","?","R","T","$","R","T","R","E","R","B",null,"M","?","M","$","?","R","E","M","T","R","?","R","?","M","R","B",null,"M","?","$","M","M","R","?","E","T","R","E","M","R","$","R","B",null],"character_chosen":"IRONCLAD","items_purchased":["Membership Card","Flash of Steel","ClockworkSouvenir","Lantern","Clothesline","SpeedPotion","Self Forming Clay","Entrench","Juggernaut","GamblersBrew"],"campfire_rested":4,"item_purchase_floors":[6,6,10,21,21,37,37,48,48,48],"current_hp_per_floor":[78,80,80,73,79,79,63,63,63,63,63,63,63,49,49,37,69,38,38,25,25,25,49,35,41,41,65,65,65,65,66,66,72,78,80,80,80,80,80,80,76,76,76,76,74,71,76,76,76,76],"gold":17,"neow_bonus":"THREE_ENEMY_KILL","is_prod":false,"is_daily":false,"chose_seed":false,"campfire_upgraded":5,"win_rate":0,"timestamp":1550728467,"path_taken":["M","M","?","?","M","?","?","R","T","$","R","?","R","E","R","BOSS","M","?","M","$","?","R","E","?","T","R","?","R","?","?","R","BOSS","M","?","?","M","M","R","?","E","T","R","E","M","R","$","R","BOSS"],"build_version":"2019-01-23","purchased_purges":2,"victory":true,"max_hp_per_floor":[80,80,80,80,80,80,80,80,80,80,80,80,80,80,80,80,80,80,80,80,80,80,80,80,80,80,80,80,80,80,80,80,80,80,80,80,80,80,80,80,76,76,76,76,76,76,76,76,76,76],"card_choices":[{"not_picked":["Seeing Red","Heavy Blade"],"picked":"Uppercut","floor":1},{"not_picked":["Flex","Heavy Blade"],"picked":"Body Slam","floor":2},{"not_picked":["Sever Soul","Perfected Strike"],"picked":"Barricade","floor":5},{"not_picked":["Power Through","Clothesline"],"picked":"Entrench","floor":14},{"not_picked":["Brutality","Reaper"],"picked":"Juggernaut","floor":16},{"not_picked":["Pommel Strike","Sword Boomerang"],"picked":"Shrug It Off","floor":18},{"not_picked":["Shrug It Off","Body Slam"],"picked":"Heavy Blade","floor":20},{"not_picked":["Thunderclap","Heavy Blade"],"picked":"Clothesline","floor":24},{"not_picked":["Sword Boomerang","Uppercut","Fire Breathing"],"picked":"SKIP","floor":25},{"not_picked":["Clothesline","Headbutt+1"],"picked":"Iron Wave","floor":31},{"not_picked":["Double Tap","Brutality"],"picked":"Reaper","floor":33},{"not_picked":["Flex","Inflame"],"picked":"Metallicize+1","floor":35},{"not_picked":["Wild Strike+1","Thunderclap"],"picked":"Metallicize","floor":38},{"not_picked":["Second Wind+1","Clash"],"picked":"Iron Wave+1","floor":39},{"not_picked":["Cleave+1","Anger"],"picked":"True Grit+1","floor":42},{"not_picked":["Battle Trance","Armaments+1"],"picked":"Bludgeon","floor":45},{"not_picked":["Headbutt","Dropkick+1","Havoc+1"],"picked":"SKIP","floor":46}],"player_experience":115473,"relics_obtained":[{"floor":9,"key":"Shuriken"},{"floor":12,"key":"Ornamental Fan"},{"floor":14,"key":"WingedGreaves"},{"floor":24,"key":"Ice Cream"},{"floor":26,"key":"Girya"},{"floor":42,"key":"Mercury Hourglass"},{"floor":43,"key":"Ancient Tea Set"},{"floor":45,"key":"Mummified Hand"}],"event_choices":[{"damage_healed":0,"gold_gain":175,"player_choice":"AGREE","damage_taken":0,"max_hp_gain":0,"max_hp_loss":0,"event_name":"Liars Game","floor":3,"gold_loss":0,"cards_obtained":["Doubt"]},{"damage_healed":0,"gold_gain":0,"player_choice":"Success","damage_taken":7,"relics_obtained":["Darkstone Periapt"],"max_hp_gain":0,"max_hp_loss":0,"event_name":"Scrap Ooze","floor":4,"gold_loss":0},{"damage_healed":0,"gold_gain":0,"player_choice":"Entered Light","damage_taken":16,"max_hp_gain":0,"max_hp_loss":0,"event_name":"Shining Light","floor":7,"gold_loss":0,"cards_upgraded":["Strike_R","Flash of Steel"]},{"damage_healed":0,"gold_gain":0,"player_choice":"Obtained Relic","damage_taken":0,"relics_obtained":["Centennial Puzzle"],"max_hp_gain":0,"max_hp_loss":0,"event_name":"Addict","floor":19,"gold_loss":85},{"damage_healed":0,"gold_gain":0,"player_choice":"Ignored","damage_taken":0,"max_hp_gain":0,"max_hp_loss":0,"event_name":"Ghosts","floor":22,"gold_loss":0},{"damage_healed":0,"gold_gain":0,"player_choice":"Ignored","damage_taken":0,"max_hp_gain":0,"max_hp_loss":0,"event_name":"Beggar","floor":28,"gold_loss":0},{"cards_removed":["Strike_R"],"damage_healed":0,"gold_gain":0,"player_choice":"Purged","damage_taken":0,"max_hp_gain":0,"max_hp_loss":0,"event_name":"Purifier","floor":30,"gold_loss":0},{"damage_healed":0,"gold_gain":0,"cards_transformed":["Strike_R"],"player_choice":"Transformed","damage_taken":0,"max_hp_gain":0,"max_hp_loss":0,"event_name":"Transmorgrifier","floor":36,"gold_loss":0,"cards_obtained":["Sever Soul"]},{"damage_healed":0,"gold_gain":0,"player_choice":"Max HP","damage_taken":0,"max_hp_gain":0,"max_hp_loss":4,"event_name":"Winding Halls","floor":41,"gold_loss":0}],"is_beta":false,"boss_relics":[{"not_picked":["Eternal Feather","Philosopher\u0027s Stone"],"picked":"Snecko Eye"},{"not_picked":["Mark of Pain","Busted Crown"],"picked":"Fusion Hammer"}],"items_purged_floors":[6,21],"is_endless":false,"potions_floor_spawned":[1,16,25,31,33,38,45,46],"ascension_level":7}