{"gold_per_floor":[118,134,134,134,157,201,217,235,305,339,339,339,360,394,394,517,517,505,535,559,559,559,559,245,289,362,362,383,423,448,481,481,610,610,623,623,643,656,731,771,771,809,809,850,850,875,909,909,909,909],"floor_reached":51,"playtime":3442,"items_purged":["Strike_B"],"score":1228,"play_id":"76b99cc5-ac0a-48bc-888b-5bf808c4ea94","local_time":"20190829214303","is_ascension_mode":true,"campfire_choices":[{"data":"Capacitor","floor":11,"key":"SMITH"},{"data":"Streamline","floor":15,"key":"SMITH"},{"data":"Echo Form","floor":23,"key":"SMITH"},{"data":"Hologram","floor":27,"key":"SMITH"},{"data":"Static Discharge","floor":32,"key":"SMITH"},{"data":"Amplify","floor":41,"key":"SMITH"},{"floor":45,"key":"REST"},{"data":"Hologram","floor":49,"key":"SMITH"}],"neow_cost":"NONE","seed_source_timestamp":11385741954373,"circlet_count":0,"master_deck":["Defend_B","Defend_B","Zap","Dualcast","Self Repair+1","Turbo+1","Conserve Battery","Ball Lightning+1","Consume","Chill","Electrodynamics","Streamline+1","Capacitor+1","Glacier","Cold Snap","Echo Form+1","Stack","Writhe","Hologram+1","Hyperbeam","Tempest","Amplify+1","Static Discharge+1","Coolheaded","Glacier","Heatsinks+1","White Noise","All For One","Capacitor+1","Static Discharge+1","Loop+1","Seek","Hologram+1","Hologram+1"],"relics":["Astrolabe","Golden Idol","Strawberry","Sundial","Mango","Blood Vial","Pen Nib","Snecko Eye","Tiny Chest","Question Card","Mercury Hourglass","Frozen Egg 2","Pear","Shovel","Philosopher\u0027s Stone","Bottled Lightning","Mummified Hand","Dream Catcher","The Courier","Calipers","Toxic Egg 2"],"potions_floor_usage":[10,16,28,40,40,40,40,40,50,50],"damage_taken":[{"damage":0,"enemies":"Small Slimes","floor":1,"turns":4},{"damage":8,"enemies":"Jaw Worm","floor":2,"turns":6},{"damage":0,"enemies":"Cultist","floor":5,"turns":3},{"damage":23,"enemies":"Lagavulin","floor":6,"turns":5},{"damage":7,"enemies":"Looter","floor":7,"turns":3},{"damage":13,"enemies":"Exordium Thugs","floor":8,"turns":4},{"damage":3,"enemies":"3 Sentries","floor":10,"turns":5},{"damage":8,"enemies":"3 Louse","floor":13,"turns":3},{"damage":34,"enemies":"Gremlin Nob","floor":14,"turns":5},{"damage":23,"enemies":"The Guardian","floor":16,"turns":11},{"damage":22,"enemies":"2 Thieves","floor":18,"turns":4},{"damage":10,"enemies":"Chosen","floor":20,"turns":4},{"damage":4,"enemies":"Slavers","floor":25,"turns":3},{"damage":16,"enemies":"Snake Plant","floor":28,"turns":5},{"damage":8,"enemies":"Book of Stabbing","floor":29,"turns":5},{"damage":8,"enemies":"Snecko","floor":30,"turns":4},{"damage":0,"enemies":"Slavers","floor":31,"turns":3},{"damage":8,"enemies":"Collector","floor":33,"turns":7},{"damage":12,"enemies":"3 Shapes","floor":35,"turns":4},{"damage":6,"enemies":"3 Darklings","floor":37,"turns":5},{"damage":15,"enemies":"4 Shapes","floor":38,"turns":4},{"damage":49,"enemies":"Reptomancer","floor":40,"turns":4},{"damage":17,"enemies":"Giant Head","floor":42,"turns":6},{"damage":23,"enemies":"Reptomancer","floor":44,"turns":4},{"damage":4,"enemies":"Maw","floor":46,"turns":5},{"damage":0,"enemies":"Giant Head","floor":47,"turns":7},{"damage":10,"enemies":"Donu and Deca","floor":50,"turns":4}],"seed_played":"7594898386150588061","potions_obtained":[{"floor":1,"key":"FearPotion"},{"floor":5,"key":"EssenceOfSteel"},{"floor":10,"key":"Regen Potion"},{"floor":13,"key":"SpeedPotion"},{"floor":18,"key":"Ancient Potion"},{"floor":20,"key":"Weak Potion"},{"floor":25,"key":"EntropicBrew"},{"floor":30,"key":"Block Potion"},{"floor":40,"key":"FocusPotion"},{"floor":44,"key":"SteroidPotion"}],"is_trial":false,"path_per_floor":["M","M","?","?","M","E","M","M","T","E","R","?","M","E","R","B",null,"M","?","M","?","T","R","$","E","T","R","M","E","M","E","R","B",null,"M","T","M","M","?","E","R","E","T","E","R","M","E","?","R","B",null],"character_chosen":"DEFECT","items_purchased":["Amplify","Static Discharge"],"campfire_rested":1,"item_purchase_floors":[24,24],"current_hp_per_floor":[75,75,75,57,67,61,64,61,61,82,82,82,76,54,54,58,87,87,87,89,89,89,89,89,87,87,87,93,106,98,106,106,106,106,104,104,106,101,91,44,44,49,49,38,69,87,99,99,99,106],"gold":909,"neow_bonus":"BOSS_RELIC","is_prod":false,"is_daily":false,"chose_seed":false,"campfire_upgraded":7,"win_rate":0,"timestamp":1567082583,"path_taken":["M","M","?","?","M","E","M","M","T","E","R","?","M","E","R","BOSS","M","?","M","?","?","R","$","E","T","R","M","E","M","E","R","BOSS","M","?","M","M","?","E","R","E","T","E","R","?","E","?","R","BOSS"],"build_version":"2019-07-17","purchased_purges":1,"victory":true,"max_hp_per_floor":[75,75,75,75,75,82,82,82,82,96,96,96,96,96,96,96,96,96,96,96,96,96,96,96,96,96,96,96,106,106,106,106,106,106,106,106,106,106,106,106,106,106,106,106,106,106,106,106,106,106],"card_choices":[{"not_picked":["Storm","Compile Driver"],"picked":"Conserve Battery","floor":1},{"not_picked":["Storm","Hologram"],"picked":"Ball Lightning","floor":2},{"not_picked":["Steam","Compile Driver"],"picked":"Consume","floor":5},{"not_picked":["Leap","Coolheaded"],"picked":"Chill","floor":6},{"not_picked":["Defragment","Melter"],"picked":"Electrodynamics","floor":7},{"not_picked":["BootSequence","Barrage"],"picked":"Streamline","floor":8},{"not_picked":["Scrape","Reinforced Body"],"picked":"Capacitor","floor":10},{"not_picked":["Leap","Genetic Algorithm"],"picked":"Glacier","floor":13},{"not_picked":["Recycle","Redo"],"picked":"Cold Snap","floor":14},{"not_picked":["Reboot","Seek"],"picked":"Echo Form","floor":16},{"not_picked":["Rip and Tear","Leap"],"picked":"Stack","floor":18},{"not_picked":["Auto Shields","Undo"],"picked":"Hologram","floor":20},{"not_picked":["Ball Lightning","Streamline","Chill"],"picked":"Coolheaded","floor":25},{"not_picked":["Streamline","Stack","Redo"],"picked":"Glacier","floor":28},{"not_picked":["Turbo","Glacier+1","Hologram"],"picked":"Heatsinks+1","floor":29},{"not_picked":["Compile Driver","Gash+1","Coolheaded"],"picked":"White Noise","floor":30},{"not_picked":["Beam Cell","Melter","Blizzard","Leap"],"picked":"SKIP","floor":31},{"not_picked":["Seek","Biased Cognition+1","Creative AI+1"],"picked":"All For One","floor":33},{"not_picked":["Self Repair+1","Leap","Consume+1"],"picked":"Capacitor+1","floor":35},{"not_picked":["Gash","Cold Snap","Reprogram+1","Self Repair+1"],"picked":"SKIP","floor":37},{"not_picked":["Scrape+1","Steam+1","Conserve Battery+1"],"picked":"Static Discharge+1","floor":38},{"not_picked":["Sweeping Beam","Cold Snap","Redo+1","Steam+1"],"picked":"SKIP","floor":40},{"not_picked":["Self Repair+1","Turbo","Chaos+1"],"picked":"Loop+1","floor":42},{"not_picked":["Rebound","Scrape+1","Genetic Algorithm"],"picked":"Seek","floor":44},{"not_picked":["Streamline","White Noise","Scrape"],"picked":"Hologram","floor":46},{"not_picked":["Steam","Melter","Storm+1"],"picked":"Hologram+1","floor":47}],"player_experience":263137,"relics_obtained":[{"floor":6,"key":"Strawberry"},{"floor":9,"key":"Sundial"},{"floor":10,"key":"Mango"},{"floor":14,"key":"Pen Nib"},{"floor":22,"key":"Question Card"},{"floor":25,"key":"Mercury Hourglass"},{"floor":26,"key":"Frozen Egg 2"},{"floor":29,"key":"Pear"},{"floor":31,"key":"Shovel"},{"floor":36,"key":"Bottled Lightning"},{"floor":40,"key":"Mummified Hand"},{"floor":42,"key":"Dream Catcher"},{"floor":43,"key":"The Courier"},{"floor":44,"key":"Calipers"},{"floor":47,"key":"Toxic Egg 2"}],"event_choices":[{"damage_healed":0,"gold_gain":0,"player_choice":"Grow","damage_taken":0,"max_hp_gain":0,"max_hp_loss":0,"event_name":"Living Wall","floor":3,"gold_loss":0,"cards_upgraded":["Ball Lightning"]},{"damage_healed":0,"gold_gain":0,"player_choice":"Take Damage","damage_taken":18,"relics_obtained":["Golden Idol"],"max_hp_gain":0,"max_hp_loss":0,"event_name":"Golden Idol","floor":4,"gold_loss":0},{"damage_healed":0,"gold_gain":0,"player_choice":"Gave Potion","damage_taken":0,"relics_obtained":["Blood Vial"],"max_hp_gain":0,"max_hp_loss":0,"event_name":"WeMeetAgain","floor":12,"gold_loss":0},{"damage_healed":0,"gold_gain":0,"player_choice":"Opened","damage_taken":0,"relics_obtained":["Tiny Chest"],"max_hp_gain":0,"max_hp_loss":0,"event_name":"The Mausoleum","floor":19,"gold_loss":0,"cards_obtained":["Writhe"]},{"damage_healed":0,"gold_gain":0,"cards_transformed":["Strike_B","Defend_B"],"player_choice":"Became Test Subject","damage_taken":0,"max_hp_gain":0,"max_hp_loss":0,"event_name":"Drug Dealer","floor":21,"gold_loss":0,"cards_obtained":["Hyperbeam","Tempest"]},{"damage_healed":0,"gold_gain":75,"player_choice":"Touch","damage_taken":10,"max_hp_gain":0,"max_hp_loss":0,"event_name":"FaceTrader","floor":39,"gold_loss":0},{"cards_removed":["Redo"],"damage_healed":0,"gold_gain":0,"player_choice":"Removed Skill","damage_taken":0,"max_hp_gain":0,"max_hp_loss":0,"event_name":"Falling","floor":48,"gold_loss":0}],"is_beta":false,"boss_relics":[{"not_picked":["Tiny House","White Beast Statue"],"picked":"Snecko Eye"},{"not_picked":["Runic Dome","Nuclear Battery"],"picked":"Philosopher\u0027s Stone"}],"items_purged_floors":[24],"is_endless":false,"potions_floor_spawned":[1,5,10,13,18,20,25,30,38,40,44,47],"ascension_level":6}