{"gold_per_floor":[109,123,123,135,105,105,138,158,185,185,197,33,58,69,69,168,168,187,187,199,73,90,90,90],"floor_reached":24,"playtime":754,"items_purged":[],"score":239,"play_id":"70495123-61a7-49b1-8726-c009dcede447","local_time":"20190207234330","is_ascension_mode":true,"campfire_choices":[{"data":"Zap","floor":6,"key":"SMITH"},{"data":"Coolheaded","floor":10,"key":"SMITH"},{"data":"Blizzard","floor":15,"key":"SMITH"},{"floor":23,"key":"REST"}],"neow_cost":"NONE","seed_source_timestamp":117209792766116,"circlet_count":0,"master_deck":["Strike_B","Strike_B","Strike_B","Strike_B","Defend_B","Defend_B","Defend_B","Defend_B","Zap+1","Dualcast","Ball Lightning","White Noise+1","Coolheaded+1","Coolheaded","Seek","Blizzard+1","White Noise","Echo Form","Gash","Echo Form","BootSequence","Self Repair","Discovery","Cold Snap"],"relics":["Cracked Core","NeowsBlessing","Happy Flower","Potion Belt","Anchor","Inserter"],"potions_floor_usage":[13,13,16,24,24,24],"damage_taken":[{"damage":0,"enemies":"Small Slimes","floor":1,"turns":1},{"damage":0,"enemies":"Cultist","floor":2,"turns":1},{"damage":0,"enemies":"2 Louse","floor":4,"turns":1},{"damage":9,"enemies":"Lagavulin","floor":7,"turns":6},{"damage":4,"enemies":"Red Slaver","floor":8,"turns":3},{"damage":11,"enemies":"2 Fungi Beasts","floor":11,"turns":3},{"damage":10,"enemies":"Gremlin Nob","floor":13,"turns":3},{"damage":0,"enemies":"Looter","floor":14,"turns":3},{"damage":28,"enemies":"Hexaghost","floor":16,"turns":10},{"damage":5,"enemies":"Shell Parasite","floor":18,"turns":5},{"damage":49,"enemies":"3 Byrds","floor":20,"turns":5},{"damage":13,"enemies":"Centurion and Healer","floor":22,"turns":8},{"damage":39,"enemies":"Book of Stabbing","floor":24,"turns":5}],"seed_played":"6547606501916638976","potions_obtained":[{"floor":1,"key":"EssenceOfSteel"},{"floor":5,"key":"GamblersBrew"},{"floor":5,"key":"SteroidPotion"},{"floor":13,"key":"SpeedPotion"},{"floor":18,"key":"Dexterity Potion"},{"floor":22,"key":"Swift Potion"}],"is_trial":false,"path_per_floor":["M","M","?","M","?","R","E","M","T","R","M","$","E","M","R","B",null,"M","?","M","$","M","R","E"],"character_chosen":"DEFECT","items_purchased":["Seek","Self Repair","Discovery"],"campfire_rested":1,"item_purchase_floors":[12,21,21],"current_hp_per_floor":[75,75,75,75,75,75,66,62,62,62,51,51,41,41,41,13,75,70,70,21,21,15,37,0],"gold":90,"neow_bonus":"THREE_ENEMY_KILL","is_prod":false,"is_daily":false,"chose_seed":false,"campfire_upgraded":3,"win_rate":0,"timestamp":1549601010,"path_taken":["M","M","?","?","?","R","E","M","T","R","M","$","E","M","R","BOSS","M","?","?","$","M","R","E"],"build_version":"2019-01-23","purchased_purges":0,"victory":false,"max_hp_per_floor":[75,75,75,75,75,75,75,75,75,75,75,75,75,75,75,75,75,75,75,75,75,75,75,75],"card_choices":[{"not_picked":["Melter","Turbo"],"picked":"Ball Lightning","floor":1},{"not_picked":["Beam Cell","Redo"],"picked":"White Noise","floor":2},{"not_picked":["Consume","Cold Snap"],"picked":"Coolheaded","floor":4},{"not_picked":["Stack","Beam Cell"],"picked":"Coolheaded","floor":7},{"not_picked":["Turbo","Double Energy","Auto Shields"],"picked":"SKIP","floor":8},{"not_picked":["Chaos","Reinforced Body","Barrage"],"picked":"SKIP","floor":11},{"not_picked":["Conserve Battery","Doom and Gloom"],"picked":"Blizzard","floor":13},{"not_picked":["Compile Driver","Double Energy"],"picked":"White Noise","floor":14},{"not_picked":["Rainbow","Meteor Strike"],"picked":"Echo Form","floor":16},{"not_picked":["Go for the Eyes","Streamline"],"picked":"Gash","floor":18},{"not_picked":["Redo","Reinforced Body"],"picked":"BootSequence","floor":20},{"not_picked":["Compile Driver+1","Hologram"],"picked":"Cold Snap","floor":22}],"player_experience":38690,"relics_obtained":[{"floor":7,"key":"Happy Flower"},{"floor":9,"key":"Potion Belt"},{"floor":13,"key":"Anchor"}],"event_choices":[{"damage_healed":0,"gold_gain":0,"player_choice":"Upgraded","damage_taken":0,"max_hp_gain":0,"max_hp_loss":0,"event_name":"Upgrade Shrine","floor":3,"gold_loss":0,"cards_upgraded":["White Noise"]},{"damage_healed":0,"gold_gain":0,"player_choice":"Bought 2 Potions","damage_taken":0,"max_hp_gain":0,"max_hp_loss":0,"event_name":"The Woman in Blue","floor":5,"gold_loss":0},{"damage_healed":0,"gold_gain":0,"player_choice":"Copied","damage_taken":0,"max_hp_gain":0,"max_hp_loss":0,"event_name":"Duplicator","floor":19,"gold_loss":0,"cards_obtained":["Echo Form"]}],"is_beta":false,"boss_relics":[{"not_picked":["White Beast Statue","Lizard Tail"],"picked":"Inserter"}],"items_purged_floors":[],"is_endless":false,"potions_floor_spawned":[1,8,13,18,22],"killed_by":"Book of Stabbing","ascension_level":3}