{"gold_per_floor":[112,125,141,141,151,182,182,211,211,211,68,83,83,83,83,188,188,198,210,31,31,31,62,62,62,62,94,94,61,73,86,86,183,183,200,200,215,51,51,51,86,98,180,280,280,280,295,312,312,312],"floor_reached":51,"playtime":4407,"items_purged":["Strike_G","Strike_G","Defend_G"],"score":748,"play_id":"9373bf0e-b910-4e1d-8583-c98440a5fbb4","local_time":"20190811145652","is_ascension_mode":false,"campfire_choices":[{"data":"A Thousand Cuts","floor":7,"key":"SMITH"},{"floor":13,"key":"REST"},{"data":"Distraction","floor":15,"key":"SMITH"},{"data":"Neutralize","floor":25,"key":"SMITH"},{"floor":28,"key":"REST"},{"floor":32,"key":"REST"},{"data":"Sucker Punch","floor":40,"key":"SMITH"},{"floor":45,"key":"REST"},{"floor":49,"key":"REST"}],"neow_cost":"NONE","seed_source_timestamp":12880906344380,"circlet_count":0,"master_deck":["Defend_G","Defend_G","Defend_G","Defend_G","Survivor","Neutralize+1","Backstab","A Thousand Cuts+1","Blade Dance+1","Sucker Punch+1","Endless Agony","Distraction+1","Envenom+1","Acrobatics+1","Prepared","Infinite Blades+1","Infinite Blades+1","Slice","Envenom+1","Infinite Blades+1","A Thousand Cuts+1","Backflip+1","Deflect+1","Escape Plan","Tactician+1","Parasite"],"relics":["Ring of the Snake","NeowsBlessing","Paper Crane","Frozen Egg 2","Ninja Scroll","Lizard Tail","Singing Bowl","Dodecahedron","Ice Cream","HoveringKite","Centennial Puzzle","Darkstone Periapt","Dead Branch"],"potions_floor_usage":[5,5,6,8,16,23,27,30,33,33,35,50],"damage_taken":[{"damage":0,"enemies":"Cultist","floor":1,"turns":1},{"damage":0,"enemies":"2 Louse","floor":2,"turns":1},{"damage":0,"enemies":"Jaw Worm","floor":3,"turns":1},{"damage":0,"enemies":"Large Slime","floor":5,"turns":5},{"damage":31,"enemies":"3 Sentries","floor":6,"turns":8},{"damage":0,"enemies":"Lagavulin","floor":8,"turns":7},{"damage":0,"enemies":"Blue Slaver","floor":12,"turns":3},{"damage":19,"enemies":"The Guardian","floor":16,"turns":9},{"damage":6,"enemies":"2 Thieves","floor":18,"turns":4},{"damage":0,"enemies":"Spheric Guardian","floor":19,"turns":1},{"damage":13,"enemies":"Book of Stabbing","floor":23,"turns":4},{"damage":24,"enemies":"Gremlin Leader","floor":27,"turns":4},{"damage":12,"enemies":"3 Cultists","floor":30,"turns":5},{"damage":30,"enemies":"Shelled Parasite and Fungi","floor":31,"turns":5},{"damage":46,"enemies":"Collector","floor":33,"turns":6},{"damage":24,"enemies":"3 Shapes","floor":35,"turns":3},{"damage":4,"enemies":"Orb Walker","floor":37,"turns":4},{"damage":15,"enemies":"Giant Head","floor":41,"turns":7},{"damage":28,"enemies":"Sphere and 2 Shapes","floor":42,"turns":4},{"damage":3,"enemies":"Mind Bloom Boss Battle","floor":44,"turns":6},{"damage":7,"enemies":"Writhing Mass","floor":47,"turns":5},{"damage":0,"enemies":"Spire Growth","floor":48,"turns":3},{"damage":27,"enemies":"Time Eater","floor":50,"turns":9}],"seed_played":"-3582012885955923043","potions_obtained":[{"floor":1,"key":"EntropicBrew"},{"floor":3,"key":"Explosive Potion"},{"floor":6,"key":"PowerPotion"},{"floor":8,"key":"GhostInAJar"},{"floor":23,"key":"SpeedPotion"},{"floor":24,"key":"SteroidPotion"},{"floor":24,"key":"Fruit Juice"},{"floor":24,"key":"Fire Potion"},{"floor":31,"key":"AttackPotion"},{"floor":33,"key":"SkillPotion"},{"floor":42,"key":"FearPotion"},{"floor":47,"key":"GamblersBrew"},{"floor":48,"key":"FairyPotion"}],"is_trial":false,"path_per_floor":["M","M","M","?","M","E","R","E","T","?","$","M","R","?","R","B",null,"M","M","$","?","?","E","?","R","T","E","R","$","M","M","R","B",null,"M","?","M","$","?","R","E","M","T","?","R","?","M","M","R","B",null],"character_chosen":"THE_SILENT","items_purchased":["Endless Agony","Infinite Blades+1","Infinite Blades+1","Escape Plan"],"campfire_rested":5,"item_purchase_floors":[11,20,29,38],"current_hp_per_floor":[70,70,70,70,70,39,39,39,39,32,32,32,53,53,53,34,70,64,64,64,64,64,51,51,51,51,34,57,57,47,19,43,40,81,57,57,53,53,73,73,60,32,32,31,56,56,57,59,87,60],"gold":312,"neow_bonus":"THREE_ENEMY_KILL","is_prod":false,"is_daily":false,"chose_seed":false,"campfire_upgraded":4,"win_rate":0.0,"timestamp":1565503012,"path_taken":["M","?","M","?","?","E","R","E","T","?","$","M","R","?","R","BOSS","M","M","$","?","?","E","?","R","T","E","R","$","M","?","R","BOSS","M","?","M","?","?","R","E","M","T","?","R","?","M","M","R","BOSS"],"build_version":"2019-07-17","purchased_purges":3,"victory":true,"max_hp_per_floor":[70,70,70,70,70,70,70,70,70,70,70,70,70,70,70,70,70,70,70,70,70,70,70,70,70,70,77,77,77,79,81,81,81,81,81,81,81,81,81,81,83,83,83,85,85,85,93,95,95,95],"card_choices":[{"not_picked":["Dodge and Roll","Dagger Spray"],"picked":"Bouncing Flask","floor":1},{"not_picked":["Deflect","Sucker Punch"],"picked":"Backstab","floor":2},{"not_picked":["Outmaneuver","Dagger Spray"],"picked":"Masterful Stab","floor":3},{"not_picked":["Deadly Poison","Skewer"],"picked":"A Thousand Cuts","floor":5},{"not_picked":["Flechettes","Dagger Throw"],"picked":"Blade Dance","floor":6},{"not_picked":["Blur","Terror"],"picked":"Sucker Punch","floor":8},{"not_picked":["Underhanded Strike","Sucker Punch"],"picked":"Distraction","floor":12},{"not_picked":["Glass Knife","A Thousand Cuts+1"],"picked":"Envenom+1","floor":16},{"not_picked":["PiercingWail","Quick Slash"],"picked":"Acrobatics+1","floor":18},{"not_picked":["Poisoned Stab","Slice"],"picked":"Prepared","floor":19},{"not_picked":["Infinite Blades+1","Wraith Form v2+1"],"picked":"Envenom+1","floor":23},{"not_picked":["Doppelganger","Backflip","Dash"],"picked":"Singing Bowl","floor":27},{"not_picked":["Heel Hook","Sucker Punch","Blade Dance"],"picked":"Singing Bowl","floor":30},{"not_picked":["Deadly Poison","Dagger Throw","Slice+1"],"picked":"Singing Bowl","floor":31},{"not_picked":["Doppelganger","Phantasmal Killer"],"picked":"A Thousand Cuts+1","floor":33},{"not_picked":["Masterful Stab","Sucker Punch+1"],"picked":"Backflip+1","floor":35},{"not_picked":["Prepared","Expertise"],"picked":"Deflect+1","floor":37},{"not_picked":["Poisoned Stab","Underhanded Strike","Flechettes+1"],"picked":"Singing Bowl","floor":41},{"not_picked":["Outmaneuver+1","Blur+1"],"picked":"Tactician+1","floor":42},{"not_picked":["Quick Slash","Footwork+1","Doppelganger"],"picked":"Singing Bowl","floor":44},{"not_picked":["Expertise+1","Dagger Throw+1","Deflect"],"picked":"Singing Bowl","floor":47},{"not_picked":["Backflip+1","All Out Attack+1","Acrobatics"],"picked":"Singing Bowl","floor":48}],"player_experience":55282,"relics_obtained":[{"floor":6,"key":"Paper Crane"},{"floor":8,"key":"Frozen Egg 2"},{"floor":9,"key":"Ninja Scroll"},{"floor":23,"key":"Singing Bowl"},{"floor":26,"key":"Dodecahedron"},{"floor":27,"key":"Ice Cream"},{"floor":41,"key":"Centennial Puzzle"},{"floor":43,"key":"Darkstone Periapt"},{"floor":44,"key":"Dead Branch"}],"event_choices":[{"damage_healed":0,"gold_gain":0,"player_choice":"Upgraded","damage_taken":0,"max_hp_gain":0,"max_hp_loss":0,"event_name":"Upgrade Shrine","floor":4,"gold_loss":0,"cards_upgraded":["Bouncing Flask"]},{"cards_removed":["Strike_G"],"damage_healed":0,"gold_gain":0,"player_choice":"Card Removal","damage_taken":7,"max_hp_gain":0,"max_hp_loss":0,"event_name":"Golden Wing","floor":10,"gold_loss":0},{"damage_healed":0,"gold_gain":0,"player_choice":"Grow","damage_taken":0,"max_hp_gain":0,"max_hp_loss":0,"event_name":"Living Wall","floor":14,"gold_loss":0,"cards_upgraded":["Blade Dance"]},{"cards_removed":["Strike_G"],"damage_healed":0,"gold_gain":0,"player_choice":"Elegance","damage_taken":0,"max_hp_gain":0,"max_hp_loss":0,"event_name":"Back to Basics","floor":21,"gold_loss":0},{"damage_healed":0,"gold_gain":0,"cards_transformed":["Strike_G","Masterful Stab"],"player_choice":"Became Test Subject","damage_taken":0,"max_hp_gain":0,"max_hp_loss":0,"event_name":"Drug Dealer","floor":22,"gold_loss":0,"cards_obtained":["Infinite Blades","Slice"]},{"damage_healed":0,"gold_gain":0,"player_choice":"Got Potions","damage_taken":0,"max_hp_gain":0,"max_hp_loss":0,"event_name":"Lab","floor":24,"gold_loss":0},{"cards_removed":["Bouncing Flask"],"damage_healed":0,"gold_gain":0,"player_choice":"Purged","damage_taken":0,"max_hp_gain":0,"max_hp_loss":0,"event_name":"Purifier","floor":36,"gold_loss":0},{"damage_healed":20,"gold_gain":0,"player_choice":"Writhe","damage_taken":0,"max_hp_gain":0,"max_hp_loss":0,"event_name":"Winding Halls","floor":39,"gold_loss":0,"cards_obtained":["Writhe"]},{"damage_healed":0,"gold_gain":0,"player_choice":"Fight","damage_taken":0,"max_hp_gain":0,"max_hp_loss":0,"event_name":"MindBloom","floor":44,"gold_loss":0},{"cards_removed":["Writhe"],"damage_healed":0,"gold_gain":0,"player_choice":"Removed Curses","damage_taken":0,"max_hp_gain":0,"max_hp_loss":0,"event_name":"Fountain of Cleansing","floor":46,"gold_loss":0}],"is_beta":false,"boss_relics":[{"not_picked":["Fusion Hammer","Cursed Key"],"picked":"Lizard Tail"},{"not_picked":["Philosopher\u0027s Stone","Velvet Choker"],"picked":"HoveringKite"}],"items_purged_floors":[11,20,38],"is_endless":false,"potions_floor_spawned":[1,3,6,8,23,31,33,42,47,48],"ascension_level":0}