{"gold_per_floor":[118,118,74,88,88,120,120,149,149,64,64,77,48,74,74,151,151,171,171,171,190,190,190],"floor_reached":23,"playtime":545,"items_purged":[],"score":460,"play_id":"9d998ce2-8b11-477a-996b-20a86f589712","local_time":"20190714005635","is_ascension_mode":true,"campfire_choices":[{"data":"Bludgeon","floor":7.0,"key":"SMITH"},{"data":"Bash","floor":11.0,"key":"SMITH"},{"data":"Sword Boomerang","floor":15.0,"key":"SMITH"}],"neow_cost":"NONE","seed_source_timestamp":25805252233601,"circlet_count":0,"master_deck":["AscendersBane","Defend_R","Defend_R","Defend_R","Defend_R","Bash+1","Sword Boomerang+1","Exhume","Battle Trance","Thunderclap","Bludgeon+1","Demon Form+1","Metallicize+1","Shrug It Off","Anger","Feed","Burning Pact+1","Demon Form+1","Body Slam+1","Whirlwind","Heavy Blade"],"special_seed":0,"relics":["Burning Blood","NeowsBlessing","Ginger","Frozen Egg 2","Thread and Needle","Orichalcum","Astrolabe","Nilry\u0027s Codex","MutagenicStrength"],"potions_floor_usage":[23,23],"damage_taken":[{"damage":0.0,"enemies":"Cultist","floor":1.0,"turns":1.0},{"damage":0.0,"enemies":"Small Slimes","floor":4.0,"turns":2.0},{"damage":0.0,"enemies":"Lagavulin","floor":6.0,"turns":1.0},{"damage":8.0,"enemies":"Gremlin Nob","floor":8.0,"turns":3.0},{"damage":8.0,"enemies":"Jaw Worm","floor":12.0,"turns":5.0},{"damage":13.0,"enemies":"3 Sentries","floor":14.0,"turns":6.0},{"damage":24.0,"enemies":"Slime Boss","floor":16.0,"turns":7.0},{"damage":9.0,"enemies":"Spheric Guardian","floor":18.0,"turns":5.0},{"damage":19.0,"enemies":"3 Byrds","floor":21.0,"turns":7.0},{"damage":48,"enemies":"Gremlin Leader","floor":23,"turns":4}],"seed_played":"-1537832081965488368","potions_obtained":[{"floor":4.0,"key":"Swift Potion"},{"floor":6.0,"key":"Ancient Potion"},{"floor":12.0,"key":"Regen Potion"}],"is_trial":false,"path_per_floor":["M","?","$","M","?","E","R","E","T","$","R","M","$","E","R","B",null,"M","$","?","M","?","E"],"character_chosen":"IRONCLAD","items_purchased":["Battle Trance","Metallicize+1","Shrug It Off"],"campfire_rested":0,"item_purchase_floors":[3,10,13],"current_hp_per_floor":[74,74,74,75,68,74,74,72,72,72,72,70,70,63,63,45,68,68,68,47,37,37,0],"gold":190,"neow_bonus":"THREE_ENEMY_KILL","is_prod":false,"is_daily":false,"chose_seed":false,"campfire_upgraded":3,"win_rate":0,"timestamp":1563080195,"path_taken":["M","?","$","?","?","E","R","E","T","$","R","M","$","E","R","BOSS","M","$","?","M","?","E"],"build_version":"2019-07-05","purchased_purges":0,"victory":false,"max_hp_per_floor":[75,75,75,75,75,75,75,75,75,75,75,75,75,75,75,75,75,78,78,78,81,81,81],"card_choices":[{"not_picked":["Warcry","Clash"],"picked":"Sword Boomerang","floor":1.0},{"not_picked":["Anger","Perfected Strike"],"picked":"Thunderclap","floor":4.0},{"not_picked":["Rupture","Shockwave"],"picked":"Bludgeon","floor":6.0},{"not_picked":["Armaments","Thunderclap"],"picked":"Demon Form","floor":8.0},{"not_picked":["Heavy Blade","Combust+1","Evolve+1"],"picked":"SKIP","floor":12.0},{"not_picked":["Anger","Thunderclap","Ghostly Armor"],"picked":"SKIP","floor":14.0},{"not_picked":["Thunderclap","Ghostly Armor"],"picked":"Anger","floor":14.0},{"not_picked":["Limit Break","Immolate"],"picked":"Feed","floor":16.0},{"not_picked":["Pommel Strike","Dual Wield"],"picked":"Whirlwind","floor":18.0},{"not_picked":["Clash","Perfected Strike"],"picked":"Heavy Blade","floor":21.0}],"player_experience":518504,"relics_obtained":[{"floor":6.0,"key":"Ginger"},{"floor":8.0,"key":"Frozen Egg 2"},{"floor":9.0,"key":"Thread and Needle"},{"floor":14.0,"key":"Orichalcum"},{"floor":20.0,"key":"Nilry\u0027s Codex"}],"event_choices":[{"damage_healed":0.0,"max_hp_gain":0.0,"max_hp_loss":0.0,"gold_gain":0.0,"cards_transformed":["Strike_R"],"event_name":"Transmorgrifier","player_choice":"Transformed","floor":2.0,"gold_loss":0.0,"damage_taken":0.0,"cards_obtained":["Exhume"]},{"cards_removed":["Strike_R"],"damage_healed":0.0,"max_hp_gain":0.0,"max_hp_loss":0.0,"gold_gain":0.0,"event_name":"Golden Wing","player_choice":"Card Removal","floor":5.0,"gold_loss":0.0,"damage_taken":7.0},{"damage_healed":0.0,"max_hp_gain":0.0,"max_hp_loss":0.0,"gold_gain":0.0,"event_name":"Cursed Tome","player_choice":"Obtained Book","floor":20.0,"gold_loss":0.0,"damage_taken":21.0},{"damage_healed":0.0,"max_hp_gain":0.0,"max_hp_loss":0.0,"gold_gain":0.0,"event_name":"Drug Dealer","player_choice":"Inject Mutagens","floor":22.0,"gold_loss":0.0,"damage_taken":0.0,"relics_obtained":["MutagenicStrength"]}],"is_beta":false,"boss_relics":[{"not_picked":["Empty Cage","Eternal Feather"],"picked":"Astrolabe"}],"items_purged_floors":[],"is_endless":false,"potions_floor_spawned":[4,6,8,12,21],"killed_by":"Gremlin Leader","ascension_level":20}