{"gold_per_floor":[109,109,123,123,123,123,167,167,167,167,207,207,232,250,250,381,381,400,423,442,482,482,513,534,534,558,558,591,591,605,621,621,741,741,766,27,50,50,68,68,111,111,192,210,210,546,546,607,607,607,607,607,88,131,131],"floor_reached":56,"playtime":2891,"items_purged":["Strike_R","Dropkick"],"score":1799,"play_id":"208b944d-17cb-492c-9a6a-1e64b8299b17","local_time":"20190901174414","is_ascension_mode":true,"campfire_choices":[{"data":"Body Slam","floor":6.0,"key":"SMITH"},{"floor":8.0,"key":"REST"},{"data":"Shrug It Off","floor":10.0,"key":"SMITH"},{"floor":15.0,"key":"REST"},{"floor":27.0,"key":"REST"},{"floor":29,"key":"REST"},{"data":"Barricade","floor":32,"key":"SMITH"},{"data":"Body Slam","floor":40,"key":"SMITH"},{"data":"Body Slam","floor":42,"key":"SMITH"},{"data":"Madness","floor":47,"key":"SMITH"},{"floor":49,"key":"RECALL"},{"data":"Impervious","floor":52,"key":"SMITH"}],"neow_cost":"NONE","seed_source_timestamp":495744247374160,"circlet_count":0,"master_deck":["Strike_R+1","Defend_R+1","Defend_R","Defend_R","Defend_R","Bash+1","Armaments","Body Slam+1","Shrug It Off+1","Spot Weakness","Barricade+1","Body Slam+1","Limit Break","Body Slam+1","Entrench+1","Shrug It Off+1","Dropkick+1","Pommel Strike+1","Entrench+1","Impervious+1","Battle Trance+1","Entrench+1","Body Slam+1","Shrug It Off+1","Madness+1"],"special_seed":0,"relics":["Burning Blood","Anchor","Golden Idol","Orichalcum","The Courier","Dream Catcher","Sozu","Red Mask","Strawberry","StoneCalendar","Bag of Preparation","Oddly Smooth Stone","Philosopher\u0027s Stone","Bottled Tornado","Ancient Tea Set","DollysMirror","Shuriken","Kunai","Old Coin","Thread and Needle","Happy Flower","Bottled Lightning","Whetstone","Mummified Hand"],"potions_floor_usage":[],"damage_taken":[{"damage":0.0,"enemies":"2 Louse","floor":1.0,"turns":3.0},{"damage":0.0,"enemies":"Small Slimes","floor":3.0,"turns":3.0},{"damage":35.0,"enemies":"Lagavulin","floor":7.0,"turns":7.0},{"damage":36.0,"enemies":"Gremlin Nob","floor":11.0,"turns":6.0},{"damage":0.0,"enemies":"Jaw Worm","floor":13.0,"turns":4.0},{"damage":8.0,"enemies":"Exordium Thugs","floor":14.0,"turns":4.0},{"damage":6.0,"enemies":"Slime Boss","floor":16.0,"turns":8.0},{"damage":38.0,"enemies":"3 Byrds","floor":18.0,"turns":6.0},{"damage":0.0,"enemies":"2 Thieves","floor":19.0,"turns":4.0},{"damage":2.0,"enemies":"Chosen and Byrds","floor":20.0,"turns":4.0},{"damage":34.0,"enemies":"Masked Bandits","floor":21.0,"turns":6.0},{"damage":31.0,"enemies":"Book of Stabbing","floor":23.0,"turns":6.0},{"damage":9.0,"enemies":"Cultist and Chosen","floor":24.0,"turns":5.0},{"damage":27,"enemies":"Gremlin Leader","floor":28,"turns":4},{"damage":9,"enemies":"Centurion and Healer","floor":30,"turns":3},{"damage":6,"enemies":"Shelled Parasite and Fungi","floor":31,"turns":4},{"damage":0,"enemies":"Champ","floor":33,"turns":5},{"damage":0,"enemies":"3 Darklings","floor":35,"turns":7},{"damage":0,"enemies":"Orb Walker","floor":37,"turns":6},{"damage":0,"enemies":"Jaw Worm Horde","floor":39,"turns":4},{"damage":0,"enemies":"Reptomancer","floor":41,"turns":2},{"damage":0,"enemies":"4 Shapes","floor":44,"turns":3},{"damage":0,"enemies":"Nemesis","floor":46,"turns":3},{"damage":0,"enemies":"2 Orb Walkers","floor":48,"turns":1},{"damage":0,"enemies":"Donu and Deca","floor":50,"turns":3},{"damage":0,"enemies":"Shield and Spear","floor":54,"turns":3},{"damage":0,"enemies":"The Heart","floor":55,"turns":5}],"seed_played":"-8778948024708153964","potions_obtained":[{"floor":1.0,"key":"Poison Potion"},{"floor":11.0,"key":"Block Potion"},{"floor":16.0,"key":"Regen Potion"}],"is_trial":false,"path_per_floor":["M","?","M","?","?","R","E","R","T","R","E","?","M","M","R","B",null,"M","M","M","?","?","E","M","T","T","R","E","R","M","M","R","B",null,"M","$","M","?","M","R","E","R","T","M","?","E","R","?","R","B",null,"R","$","E","B",null],"character_chosen":"IRONCLAD","items_purchased":["Bottled Tornado","Ancient Tea Set","DollysMirror","Shuriken","Happy Flower","Bottled Lightning","Whetstone"],"campfire_rested":4,"item_purchase_floors":[36,36,36,36,53,53,53],"current_hp_per_floor":[80,80,80,60,44,44,15,39,39,39,9,9,15,13,37,37,80,48,54,58,30,30,17,14,14,14,40,19,45,42,42,42,48,87,87,87,87,87,87,87,87,87,87,87,82,87,87,87,87,87,87,87,87,87,87],"gold":131,"neow_bonus":"RANDOM_COMMON_RELIC","is_prod":false,"is_daily":false,"chose_seed":false,"campfire_upgraded":7,"win_rate":0,"timestamp":1567352654,"path_taken":["M","?","M","?","?","R","E","R","T","R","E","?","M","M","R","BOSS","M","M","M","?","?","E","M","?","T","R","E","R","?","M","R","BOSS","M","$","M","?","M","R","E","R","T","M","?","E","R","?","R","BOSS","R","$","E","BOSS"],"build_version":"2019-07-17","purchased_purges":2,"victory":true,"max_hp_per_floor":[80,80,80,80,80,80,80,80,80,80,80,80,80,80,80,80,80,80,80,80,80,80,87,87,87,87,87,87,87,87,87,87,87,87,87,87,87,87,87,87,87,87,87,87,87,87,87,87,87,87,87,87,87,87,87],"card_choices":[{"not_picked":["Reckless Charge","Perfected Strike"],"picked":"Armaments","floor":1.0},{"not_picked":["Wild Strike","Armaments"],"picked":"Shrug It Off","floor":3.0},{"not_picked":["Warcry","Havoc"],"picked":"Spot Weakness","floor":7.0},{"not_picked":["Bloodletting","Headbutt"],"picked":"Barricade","floor":11.0},{"not_picked":["Sword Boomerang","Twin Strike"],"picked":"Inflame","floor":13.0},{"not_picked":["Flex","Dropkick","Bloodletting"],"picked":"SKIP","floor":14.0},{"not_picked":["Wild Strike","Heavy Blade"],"picked":"Body Slam","floor":15.0},{"not_picked":["Feed","Dark Embrace"],"picked":"Limit Break","floor":16.0},{"not_picked":["Thunderclap+1","Uppercut"],"picked":"Body Slam+1","floor":18.0},{"not_picked":["Headbutt","Iron Wave+1","Hemokinesis"],"picked":"SKIP","floor":19.0},{"not_picked":["Thunderclap+1","Perfected Strike+1"],"picked":"Entrench+1","floor":20.0},{"not_picked":["Seeing Red","Wild Strike"],"picked":"Shrug It Off+1","floor":21.0},{"not_picked":["Dropkick+1","Intimidate+1"],"picked":"Pommel Strike+1","floor":23.0},{"not_picked":["Rampage+1","Thunderclap","Perfected Strike+1"],"picked":"SKIP","floor":24.0},{"not_picked":["Heavy Blade+1","Barricade","Havoc"],"picked":"SKIP","floor":28},{"not_picked":["Rampage","Pommel Strike"],"picked":"Entrench+1","floor":29},{"not_picked":["Inflame","Havoc","Wild Strike"],"picked":"SKIP","floor":30},{"not_picked":["Sentinel","Warcry","Havoc"],"picked":"SKIP","floor":31},{"not_picked":["Fiend Fire","Barricade"],"picked":"Impervious","floor":33},{"not_picked":["Sword Boomerang","Pommel Strike"],"picked":"Battle Trance+1","floor":35},{"not_picked":["Feel No Pain","Sword Boomerang+1","Iron Wave+1"],"picked":"SKIP","floor":37},{"not_picked":["Cleave+1","Clothesline"],"picked":"Body Slam","floor":39},{"not_picked":["Sword Boomerang+1","Havoc","Perfected Strike+1"],"picked":"SKIP","floor":41},{"not_picked":["Exhume","Sword Boomerang+1"],"picked":"Shrug It Off+1","floor":44},{"not_picked":["Jack Of All Trades","Blind"],"picked":"Madness","floor":45},{"not_picked":["Power Through","Rupture+1","Headbutt+1"],"picked":"SKIP","floor":46},{"not_picked":["Pommel Strike+1","Hemokinesis+1","Carnage"],"picked":"SKIP","floor":54}],"player_experience":131952,"relics_obtained":[{"floor":7.0,"key":"Orichalcum"},{"floor":9.0,"key":"The Courier"},{"floor":11.0,"key":"Dream Catcher"},{"floor":21.0,"key":"Red Mask"},{"floor":23.0,"key":"Strawberry"},{"floor":25.0,"key":"StoneCalendar"},{"floor":26.0,"key":"Bag of Preparation"},{"floor":28,"key":"Oddly Smooth Stone"},{"floor":41,"key":"Kunai"},{"floor":46,"key":"Old Coin"},{"floor":48,"key":"Thread and Needle"},{"floor":54,"key":"Mummified Hand"}],"event_choices":[{"damage_healed":0.0,"max_hp_gain":0.0,"max_hp_loss":0.0,"gold_gain":0.0,"cards_transformed":["Strike_R"],"event_name":"Living Wall","player_choice":"Change","floor":2.0,"gold_loss":0.0,"damage_taken":0.0,"cards_obtained":["Body Slam"]},{"damage_healed":0.0,"max_hp_gain":0.0,"max_hp_loss":0.0,"gold_gain":0.0,"event_name":"Golden Idol","player_choice":"Take Damage","floor":4.0,"gold_loss":0.0,"damage_taken":20.0,"relics_obtained":["Golden Idol"]},{"damage_healed":0.0,"max_hp_gain":0.0,"max_hp_loss":0.0,"gold_gain":0.0,"event_name":"Shining Light","player_choice":"Entered Light","floor":5.0,"gold_loss":0.0,"damage_taken":16.0,"cards_upgraded":["Strike_R","Defend_R"]},{"damage_healed":0.0,"max_hp_gain":0.0,"max_hp_loss":0.0,"gold_gain":0.0,"event_name":"Liars Game","player_choice":"Ignored","floor":12.0,"gold_loss":0.0,"damage_taken":0.0},{"damage_healed":0.0,"max_hp_gain":0.0,"max_hp_loss":0.0,"gold_gain":0.0,"event_name":"Masked Bandits","player_choice":"Fought Bandits","floor":21.0,"gold_loss":0.0,"damage_taken":0.0},{"damage_healed":0.0,"max_hp_gain":0.0,"max_hp_loss":0.0,"gold_gain":0.0,"cards_transformed":["Strike_R","Strike_R"],"event_name":"Drug Dealer","player_choice":"Became Test Subject","floor":22.0,"gold_loss":0.0,"damage_taken":0.0,"cards_obtained":["Dropkick","Dropkick"]},{"cards_removed":["Inflame"],"damage_healed":0,"gold_gain":0,"player_choice":"Removed Power","damage_taken":0,"max_hp_gain":0,"max_hp_loss":0,"event_name":"Falling","floor":38,"gold_loss":0},{"damage_healed":0,"gold_gain":0,"player_choice":"Memory 2","damage_taken":5,"max_hp_gain":0,"max_hp_loss":0,"event_name":"SensoryStone","floor":45,"gold_loss":0},{"damage_healed":0,"gold_gain":0,"player_choice":"Fight","damage_taken":0,"max_hp_gain":0,"max_hp_loss":0,"event_name":"Mysterious Sphere","floor":48,"gold_loss":0}],"is_beta":false,"boss_relics":[{"not_picked":["Busted Crown","Fusion Hammer"],"picked":"Sozu"},{"not_picked":["Coffee Dripper","Mark of Pain"],"picked":"Philosopher\u0027s Stone"}],"items_purged_floors":[36,53],"is_endless":false,"potions_floor_spawned":[1,11,16,19,23,24,28,37,44,46],"ascension_level":4}