{"gold_per_floor":[118,133,133,133,133,133,133,163,187,187,212,164,177,193,193,264,264,281,295,295,309,322,322,351,351,398,414,77,102,116,173,173,244,244,261,275,275,1,12,12,31,31,31,56,56,156,168,186,186,186],"floor_reached":51,"playtime":1783,"items_purged":["Writhe"],"score":1420,"play_id":"fb13b551-fc4f-49c4-8b06-3b979736fd32","local_time":"20190426012112","is_ascension_mode":true,"campfire_choices":[{"data":"Disarm","floor":6.0,"key":"SMITH"},{"data":"Twin Strike","floor":10.0,"key":"SMITH"},{"data":"Whirlwind","floor":15,"key":"SMITH"},{"data":"Demon Form","floor":23,"key":"SMITH"},{"floor":25,"key":"REST"},{"data":"Flame Barrier","floor":32,"key":"SMITH"},{"floor":40,"key":"REST"},{"data":"Metallicize","floor":42,"key":"SMITH"},{"floor":49,"key":"REST"}],"neow_cost":"NONE","seed_source_timestamp":0,"circlet_count":0,"master_deck":["AscendersBane","Strike_R+1","Strike_R","Strike_R+1","Defend_R","Defend_R+1","Defend_R+1","Defend_R","Bash+1","Twin Strike+1","Disarm+1","Dropkick","Whirlwind+1","Thunderclap","Demon Form+1","Flame Barrier+1","Iron Wave+1","Shrug It Off","Exhume+1","Shame","Warcry+1","Disarm+1","Shockwave+1","Flex+1","Headbutt+1","Exhume+1","Metallicize+1","Armaments+1","Shockwave+1","Havoc+1","Metallicize","Battle Trance+1","Normality","Heavy Blade+1","Shrug It Off+1","Havoc+1"],"special_seed":0,"relics":["Burning Blood","Juzu Bracelet","Anchor","War Paint","Whetstone","Lantern","Regal Pillow","Cursed Key","Centennial Puzzle","Toxic Egg 2","Art of War","DollysMirror","Oddly Smooth Stone","Tiny Chest","Runic Pyramid","ClockworkSouvenir","Kunai","Blue Candle","Gambling Chip"],"potions_floor_usage":[22,33,33,50,50],"damage_taken":[{"damage":7.0,"enemies":"2 Louse","floor":1.0,"turns":4.0},{"damage":1.0,"enemies":"Cultist","floor":2.0,"turns":3.0},{"damage":37.0,"enemies":"Gremlin Nob","floor":8.0,"turns":5.0},{"damage":6,"enemies":"3 Sentries","floor":11,"turns":8},{"damage":0,"enemies":"Jaw Worm","floor":13,"turns":2},{"damage":4,"enemies":"Exordium Wildlife","floor":14,"turns":4},{"damage":19,"enemies":"Slime Boss","floor":16,"turns":8},{"damage":3,"enemies":"Chosen","floor":18,"turns":4},{"damage":0,"enemies":"Shell Parasite","floor":19,"turns":4},{"damage":12,"enemies":"Shelled Parasite and Fungi","floor":21,"turns":4},{"damage":18,"enemies":"3 Cultists","floor":22,"turns":3},{"damage":32,"enemies":"Slavers","floor":24,"turns":5},{"damage":11,"enemies":"Snake Plant","floor":27,"turns":4},{"damage":0,"enemies":"Book of Stabbing","floor":29,"turns":6},{"damage":2,"enemies":"Centurion and Healer","floor":30,"turns":6},{"damage":15,"enemies":"Slavers","floor":31,"turns":5},{"damage":62,"enemies":"Automaton","floor":33,"turns":7},{"damage":5,"enemies":"3 Darklings","floor":35,"turns":3},{"damage":0,"enemies":"Orb Walker","floor":36,"turns":3},{"damage":35,"enemies":"Spire Growth","floor":39,"turns":6},{"damage":21,"enemies":"3 Darklings","floor":41,"turns":6},{"damage":20,"enemies":"Reptomancer","floor":44,"turns":12},{"damage":10,"enemies":"Mind Bloom Boss Battle","floor":46,"turns":6},{"damage":13,"enemies":"Maw","floor":47,"turns":7},{"damage":36,"enemies":"4 Shapes","floor":48,"turns":9},{"damage":29,"enemies":"Awakened One","floor":50,"turns":10}],"seed_played":"2061057369004746743","potions_obtained":[{"floor":8.0,"key":"Ancient Potion"},{"floor":11,"key":"Weak Potion"},{"floor":13,"key":"Dexterity Potion"},{"floor":21,"key":"Explosive Potion"},{"floor":22,"key":"Fruit Juice"},{"floor":27,"key":"Regen Potion"},{"floor":39,"key":"Strength Potion"},{"floor":47,"key":"Ancient Potion"},{"floor":48,"key":"Dexterity Potion"}],"is_trial":false,"path_per_floor":["M","M","?","?","?","R","T","E","T","R","E","?","M","M","R","B",null,"M","M","?","M","M","R","E","R","T","M","$","E","M","E","R","B",null,"M","M","?","$","M","R","M","R","T","E","$","?","M","M","R","B",null],"character_chosen":"IRONCLAD","items_purchased":["DollysMirror","Shockwave+1","ClockworkSouvenir","Havoc+1"],"campfire_rested":3,"item_purchase_floors":[28,28,38,38],"current_hp_per_floor":[67,72,72,72,67,67,67,36,36,36,36,36,42,44,44,31,64,67,73,73,67,60,60,34,73,73,68,68,74,78,69,69,28,67,68,74,74,74,45,80,65,65,65,51,51,47,40,10,49,26],"gold":186,"neow_bonus":"RANDOM_COMMON_RELIC","is_prod":false,"is_daily":false,"chose_seed":false,"campfire_upgraded":6,"win_rate":0,"timestamp":1556256072,"path_taken":["M","M","?","?","?","R","?","E","T","R","E","?","M","M","R","BOSS","M","M","?","M","M","R","E","R","T","M","$","E","M","E","R","BOSS","M","M","?","$","M","R","M","R","T","E","?","?","M","M","R","BOSS"],"build_version":"2019-01-23","purchased_purges":1,"victory":true,"max_hp_per_floor":[75,75,75,75,75,75,75,75,75,75,75,75,75,75,75,75,75,75,75,75,75,80,80,80,80,80,80,80,80,80,80,80,80,80,80,80,80,80,80,80,80,80,80,80,80,80,80,80,80,80],"card_choices":[{"not_picked":["Hemokinesis","Flex"],"picked":"Twin Strike","floor":1.0},{"not_picked":["Heavy Blade","Power Through"],"picked":"Disarm","floor":2.0},{"not_picked":["Anger","Iron Wave","Perfected Strike"],"picked":"SKIP","floor":8.0},{"not_picked":["True Grit","Iron Wave"],"picked":"Dropkick","floor":11},{"not_picked":["Heavy Blade","Barricade"],"picked":"Whirlwind","floor":13},{"not_picked":["Clash","Evolve"],"picked":"Thunderclap","floor":14},{"not_picked":["Feed","Barricade"],"picked":"Demon Form","floor":16},{"not_picked":["Heavy Blade","Wild Strike"],"picked":"Flame Barrier","floor":18},{"not_picked":["Thunderclap","Wild Strike","Anger"],"picked":"SKIP","floor":19},{"not_picked":["Cleave","Headbutt"],"picked":"Iron Wave+1","floor":21},{"not_picked":["Carnage","Clothesline"],"picked":"Shrug It Off","floor":22},{"not_picked":["Cleave","Headbutt"],"picked":"Exhume","floor":24},{"not_picked":["Blood for Blood+1","Perfected Strike"],"picked":"Warcry+1","floor":27},{"not_picked":["Sentinel+1","Thunderclap"],"picked":"Flex+1","floor":29},{"not_picked":["Reckless Charge","Searing Blow"],"picked":"Headbutt+1","floor":30},{"not_picked":["Pommel Strike","Iron Wave+1","Evolve"],"picked":"SKIP","floor":31},{"not_picked":["Juggernaut","Double Tap+1"],"picked":"Exhume+1","floor":33},{"not_picked":["Headbutt+1","Bloodletting+1"],"picked":"Metallicize","floor":35},{"not_picked":["Anger","True Grit+1"],"picked":"Armaments+1","floor":36},{"not_picked":["Wild Strike","Armaments+1"],"picked":"Metallicize","floor":39},{"not_picked":["Warcry+1","Sever Soul"],"picked":"Battle Trance+1","floor":41},{"not_picked":["Ghostly Armor+1","Intimidate+1"],"picked":"Heavy Blade+1","floor":44},{"not_picked":["Evolve+1","Thunderclap"],"picked":"Shrug It Off+1","floor":47},{"not_picked":["Iron Wave","Searing Blow"],"picked":"Havoc+1","floor":48}],"player_experience":305040,"relics_obtained":[{"floor":7.0,"key":"War Paint"},{"floor":8.0,"key":"Whetstone"},{"floor":9.0,"key":"Lantern"},{"floor":11,"key":"Regal Pillow"},{"floor":24,"key":"Toxic Egg 2"},{"floor":26,"key":"Art of War"},{"floor":29,"key":"Oddly Smooth Stone"},{"floor":31,"key":"Tiny Chest"},{"floor":43,"key":"Kunai"},{"floor":44,"key":"Blue Candle"},{"floor":46,"key":"Gambling Chip"}],"event_choices":[{"cards_removed":["Strike_R"],"damage_healed":0.0,"max_hp_gain":0.0,"max_hp_loss":0.0,"gold_gain":0.0,"event_name":"Bonfire Elementals","player_choice":"Offered Basic","floor":3.0,"gold_loss":0.0,"damage_taken":0.0},{"damage_healed":0.0,"max_hp_gain":0.0,"max_hp_loss":0.0,"gold_gain":0.0,"event_name":"Living Wall","player_choice":"Grow","floor":4.0,"gold_loss":0.0,"damage_taken":0.0,"cards_upgraded":["Bash"]},{"damage_healed":0.0,"max_hp_gain":0.0,"max_hp_loss":0.0,"gold_gain":0.0,"event_name":"Scrap Ooze","player_choice":"Success","floor":5.0,"gold_loss":0.0,"damage_taken":5.0,"relics_obtained":["Anchor"]},{"damage_healed":0,"gold_gain":0,"player_choice":"Left Gold","damage_taken":0,"max_hp_gain":0,"max_hp_loss":0,"event_name":"World of Goop","floor":12,"gold_loss":48},{"damage_healed":0,"gold_gain":0,"player_choice":"Opened","damage_taken":0,"relics_obtained":["Centennial Puzzle"],"max_hp_gain":0,"max_hp_loss":0,"event_name":"The Mausoleum","floor":20,"gold_loss":0,"cards_obtained":["Writhe"]},{"damage_healed":0,"gold_gain":0,"cards_transformed":["Strike_R"],"player_choice":"Transformed","damage_taken":0,"max_hp_gain":0,"max_hp_loss":0,"event_name":"Transmorgrifier","floor":37,"gold_loss":0,"cards_obtained":["Shockwave"]},{"damage_healed":0,"gold_gain":0,"player_choice":"Fight","damage_taken":0,"max_hp_gain":0,"max_hp_loss":0,"event_name":"MindBloom","floor":46,"gold_loss":0}],"is_beta":false,"boss_relics":[{"not_picked":["White Beast Statue","Pandora\u0027s Box"],"picked":"Cursed Key"},{"not_picked":["Lizard Tail","Empty Cage"],"picked":"Runic Pyramid"}],"items_purged_floors":[28],"is_endless":false,"potions_floor_spawned":[8,11,13,16,21,22,27,30,31,39,47,48],"ascension_level":16}