{"gold_per_floor":[110,260,260,280,280,280,298,314,314,314,81,91,91,91,91,167,167,181,60,72,72,85,85,116,129,129,142,156,156,173,189,189,266,266,278,288,302,302,322,322,355,371,446,446,446,461,461,13,13,13],"floor_reached":50,"playtime":3292,"items_purged":["Doubt","Strike_B"],"score":1276,"play_id":"4a299d96-ff22-4291-95a1-7a14e8a19f54","local_time":"20181015201731","is_ascension_mode":true,"campfire_choices":[{"data":"Defragment","floor":6.0,"key":"SMITH"},{"data":"Zap","floor":10.0,"key":"SMITH"},{"data":"Electrodynamics","floor":13.0,"key":"SMITH"},{"data":"Conserve Battery","floor":15.0,"key":"SMITH"},{"data":"Buffer","floor":23.0,"key":"SMITH"},{"floor":29.0,"key":"REST"},{"floor":32.0,"key":"REST"},{"floor":40.0,"key":"REST"},{"floor":44,"key":"REST"},{"floor":47,"key":"REST"},{"floor":49,"key":"REST"}],"neow_cost":"NONE","seed_source_timestamp":442690306978959,"circlet_count":0,"master_deck":["Strike_B","Defend_B","Defend_B","Defend_B","Defend_B","Zap+1","Dualcast","AscendersBane","Amplify","Leap","Defragment+1","Compile Driver","Conserve Battery+1","Electrodynamics+1","Coolheaded","Buffer+1","Capacitor","Storm","Coolheaded","Cold Snap+1","Hello World","Amplify","Ball Lightning","White Noise","Glacier","Echo Form","Apotheosis"],"special_seed":0,"relics":["Cracked Core","Singing Bowl","Letter Opener","Nuclear Battery","Smiling Mask","Thread and Needle","Lizard Tail","Strawberry","Mercury Hourglass","Bronze Scales"],"potions_floor_usage":[],"damage_taken":[{"damage":0.0,"enemies":"Small Slimes","floor":1.0,"turns":2.0},{"damage":3.0,"enemies":"2 Louse","floor":4.0,"turns":2.0},{"damage":9.0,"enemies":"Jaw Worm","floor":7.0,"turns":4.0},{"damage":32.0,"enemies":"Lots of Slimes","floor":8.0,"turns":6.0},{"damage":2.0,"enemies":"Looter","floor":12.0,"turns":3.0},{"damage":0.0,"enemies":"Slime Boss","floor":16.0,"turns":7.0},{"damage":0.0,"enemies":"Spheric Guardian","floor":18.0,"turns":3.0},{"damage":8.0,"enemies":"2 Thieves","floor":20.0,"turns":4.0},{"damage":5.0,"enemies":"Snecko","floor":22.0,"turns":4.0},{"damage":0.0,"enemies":"Gremlin Leader","floor":24.0,"turns":5.0},{"damage":0.0,"enemies":"3 Cultists","floor":25.0,"turns":4.0},{"damage":8.0,"enemies":"Snake Plant","floor":27.0,"turns":4.0},{"damage":36.0,"enemies":"Shelled Parasite and Fungi","floor":28.0,"turns":4.0},{"damage":9.0,"enemies":"Centurion and Healer","floor":30.0,"turns":2.0},{"damage":0.0,"enemies":"Sentry and Sphere","floor":31.0,"turns":3.0},{"damage":0.0,"enemies":"Collector","floor":33.0,"turns":8.0},{"damage":2.0,"enemies":"Orb Walker","floor":35.0,"turns":4.0},{"damage":14.0,"enemies":"3 Darklings","floor":36.0,"turns":4.0},{"damage":32.0,"enemies":"4 Shapes","floor":37.0,"turns":5.0},{"damage":1.0,"enemies":"Maw","floor":39.0,"turns":5.0},{"damage":8.0,"enemies":"Giant Head","floor":41.0,"turns":10.0},{"damage":58,"enemies":"Reptomancer","floor":42,"turns":5},{"damage":3,"enemies":"4 Shapes","floor":46,"turns":2},{"damage":158,"enemies":"Awakened One","floor":50,"turns":6}],"seed_played":"-2432772028915791480","potions_obtained":[{"floor":7.0,"key":"Swift Potion"},{"floor":8.0,"key":"Explosive Potion"},{"floor":22.0,"key":"Poison Potion"},{"floor":28.0,"key":"AttackPotion"},{"floor":30.0,"key":"GamblersBrew"},{"floor":33.0,"key":"Explosive Potion"},{"floor":41.0,"key":"Dexterity Potion"},{"floor":42,"key":"Dexterity Potion"}],"is_trial":false,"path_per_floor":["M","?","?","M","T","R","M","M","T","R","$","M","R","?","R","B",null,"M","$","M","?","M","R","E","M","T","M","M","R","M","M","R","B",null,"M","M","M","?","M","R","E","M","T","R","?","M","R","$","R"],"character_chosen":"DEFECT","items_purchased":["Electrodynamics","Storm","Coolheaded","Apotheosis","Bronze Scales"],"campfire_rested":6,"item_purchase_floors":[11,19,19,48,48],"current_hp_per_floor":[64,64,71,68,68,68,59,27,27,27,27,25,25,30,30,30,65,65,65,57,57,54,54,56,56,56,50,14,38,31,31,56,56,77,77,65,35,35,36,63,64,8,8,38,38,37,68,68,99,0],"gold":13,"neow_bonus":"ONE_RANDOM_RARE_CARD","is_prod":false,"is_daily":false,"chose_seed":false,"campfire_upgraded":5,"win_rate":0,"timestamp":1539659851,"path_taken":["M","?","?","M","?","R","?","M","T","R","$","M","R","?","R","BOSS","M","$","M","?","M","R","E","M","T","M","M","R","?","M","R","BOSS","M","M","M","?","M","R","E","M","T","R","?","M","R","$","R","BOSS"],"build_version":"2018-10-11","purchased_purges":2,"victory":false,"max_hp_per_floor":[71,71,71,71,71,71,71,71,71,71,71,71,71,76,76,76,76,76,76,76,76,78,78,80,80,80,82,82,82,84,84,84,84,84,86,88,90,90,92,92,101,103,103,103,103,105,105,105,105,105],"card_choices":[{"not_picked":["Redo","Recycle"],"picked":"Leap","floor":1.0},{"not_picked":["Compile Driver","Turbo"],"picked":"Defragment","floor":4.0},{"not_picked":["Static Discharge","Redo"],"picked":"Compile Driver","floor":7.0},{"not_picked":["Rip and Tear","Stack"],"picked":"Conserve Battery","floor":8.0},{"not_picked":["Melter","Streamline"],"picked":"Coolheaded","floor":12.0},{"not_picked":["Core Surge","Creative AI"],"picked":"Buffer","floor":16.0},{"not_picked":["Redo+1","Barrage+1"],"picked":"Capacitor","floor":18.0},{"not_picked":["Melter","Steam"],"picked":"Cold Snap+1","floor":20.0},{"not_picked":["Gash","Beam Cell","Rebound"],"picked":"Singing Bowl","floor":22.0},{"not_picked":["Steam Power","Undo","Sweeping Beam"],"picked":"Singing Bowl","floor":24.0},{"not_picked":["Steam","Conserve Battery"],"picked":"Ball Lightning","floor":25.0},{"not_picked":["Streamline","Rebound","Meteor Strike"],"picked":"Singing Bowl","floor":27.0},{"not_picked":["Streamline","Consume"],"picked":"White Noise","floor":28.0},{"not_picked":["Aggregate","Turbo","Heatsinks"],"picked":"Singing Bowl","floor":30.0},{"not_picked":["Heatsinks","Cold Snap"],"picked":"Glacier","floor":31.0},{"not_picked":["Creative AI","Thunder Strike"],"picked":"Echo Form","floor":33.0},{"not_picked":["Self Repair+1","Hello World","Skim"],"picked":"Singing Bowl","floor":35.0},{"not_picked":["BootSequence","Skim","Conserve Battery"],"picked":"Singing Bowl","floor":36.0},{"not_picked":["Barrage","Beam Cell","Conserve Battery"],"picked":"Singing Bowl","floor":37.0},{"not_picked":["Ball Lightning","Tempest+1","Static Discharge+1"],"picked":"Singing Bowl","floor":39.0},{"not_picked":["Compile Driver","Redo","Meteor Strike"],"picked":"Singing Bowl","floor":41.0},{"not_picked":["Doom and Gloom+1","FTL+1","Steam"],"picked":"Singing Bowl","floor":42},{"not_picked":["Heatsinks+1","Turbo","Rip and Tear+1"],"picked":"Singing Bowl","floor":46}],"player_experience":2551668,"relics_obtained":[{"floor":5.0,"key":"Singing Bowl"},{"floor":9.0,"key":"Letter Opener"},{"floor":24.0,"key":"Smiling Mask"},{"floor":26.0,"key":"Thread and Needle"},{"floor":41.0,"key":"Strawberry"},{"floor":43,"key":"Mercury Hourglass"}],"event_choices":[{"event_name":"Liars Game","player_choice":"agreed","floor":2.0,"damage_taken":0.0},{"event_name":"Wheel of Change","player_choice":"Full Heal","floor":3.0,"damage_taken":0.0},{"event_name":"Big Fish","player_choice":"Donut","floor":14.0,"damage_taken":0.0},{"event_name":"Drug Dealer","player_choice":"Became Test Subject","floor":21.0,"damage_taken":0.0},{"event_name":"The Moai Head","player_choice":"Ignored","floor":38.0,"damage_taken":0.0},{"event_name":"Tomb of Lord Red Mask","player_choice":"Ignored","floor":45,"damage_taken":0}],"is_beta":true,"boss_relics":[{"not_picked":["White Beast Statue","Velvet Choker"],"picked":"Nuclear Battery"},{"not_picked":["Calling Bell","Runic Dome"],"picked":"Lizard Tail"}],"items_purged_floors":[11,48],"is_endless":false,"potions_floor_spawned":[7,8,22,28,30,33,36,41,42],"killed_by":"Awakened One","ascension_level":20}