{"gold_per_floor":[112,37,49,49,49,49,87,103,185,210,228,246,26,46,46,145,145,170,7,7,7,22,22,22,22,48,68,94,9,9,9,9,85,85,102,62,112,126,20,52,52,62,89,89,105,123,141,57,57,57],"floor_reached":50,"playtime":1413,"items_purged":["Strike_G","Strike_G+1"],"score":1057,"play_id":"a6302c41-fe4c-4d5e-8e6e-1493068ec096","local_time":"20190521130738","is_ascension_mode":true,"campfire_choices":[{"data":"Cloak And Dagger","floor":6.0,"key":"SMITH"},{"floor":15.0,"key":"REST"},{"floor":23.0,"key":"REST"},{"data":"Footwork","floor":25.0,"key":"SMITH"},{"floor":30,"key":"REST"},{"floor":32,"key":"REST"},{"floor":41,"key":"REST"},{"data":"Catalyst","floor":44,"key":"SMITH"},{"floor":49,"key":"REST"}],"neow_cost":"NONE","seed_source_timestamp":922671641908439,"circlet_count":0,"master_deck":["AscendersBane","Defend_G+1","Defend_G+1","Defend_G+1","Defend_G+1","Defend_G+1","Strike_G+1","Strike_G+1","Survivor","Neutralize","Cloak And Dagger+1","Bouncing Flask","Endless Agony","Calculated Gamble","Blur","Corpse Explosion","PiercingWail+1","Footwork+1","Deadly Poison+1","Footwork","Dodge and Roll","Dagger Spray","Wraith Form v2","Sucker Punch","Catalyst+1","Noxious Fumes","Deflect","Sucker Punch+1","PiercingWail+1","Backflip","Footwork","Deflect"],"special_seed":0,"relics":["Ring of the Serpent","NeowsBlessing","Pen Nib","Bloody Idol","Snake Skull","Matryoshka","ClockworkSouvenir","Sozu","Enchiridion","The Courier","Ancient Tea Set","Bottled Lightning","Mango","Dream Catcher","Smiling Mask"],"potions_floor_usage":[28],"damage_taken":[{"damage":0.0,"enemies":"Cultist","floor":1.0,"turns":1.0},{"damage":0.0,"enemies":"Jaw Worm","floor":3.0,"turns":1.0},{"damage":0.0,"enemies":"Lagavulin","floor":7.0,"turns":1.0},{"damage":0.0,"enemies":"Small Slimes","floor":8.0,"turns":3.0},{"damage":2.0,"enemies":"Exordium Wildlife","floor":10.0,"turns":3.0},{"damage":0.0,"enemies":"Gremlin Gang","floor":11.0,"turns":3.0},{"damage":5.0,"enemies":"Red Slaver","floor":12.0,"turns":4.0},{"damage":0.0,"enemies":"2 Fungi Beasts","floor":14.0,"turns":3.0},{"damage":22.0,"enemies":"The Guardian","floor":16.0,"turns":12.0},{"damage":4.0,"enemies":"Spheric Guardian","floor":18.0,"turns":5.0},{"damage":7.0,"enemies":"2 Thieves","floor":22.0,"turns":3.0},{"damage":0.0,"enemies":"Centurion and Healer","floor":27.0,"turns":4.0},{"damage":45,"enemies":"Gremlin Leader","floor":28,"turns":9},{"damage":21,"enemies":"Automaton","floor":33,"turns":10},{"damage":5,"enemies":"3 Shapes","floor":35,"turns":7},{"damage":18,"enemies":"3 Darklings","floor":38,"turns":4},{"damage":30,"enemies":"Nemesis","floor":40,"turns":9},{"damage":8,"enemies":"Maw","floor":42,"turns":7},{"damage":30,"enemies":"4 Shapes","floor":45,"turns":5},{"damage":16,"enemies":"3 Darklings","floor":46,"turns":4},{"damage":13,"enemies":"Jaw Worm Horde","floor":47,"turns":4},{"damage":49,"enemies":"Donu and Deca","floor":50,"turns":6}],"seed_played":"-1976258373423823898","potions_obtained":[{"floor":1.0,"key":"AttackPotion"},{"floor":8.0,"key":"Explosive Potion"},{"floor":14.0,"key":"LiquidBronze"},{"floor":16.0,"key":"Block Potion"}],"is_trial":false,"path_per_floor":["M","?","M","?","?","R","E","M","T","M","M","M","$","M","R","B",null,"M","$","?","?","M","R","?","R","T","M","E","$","R","?","R","B",null,"M","$","?","M","$","E","R","M","T","R","M","M","M","$","R","B"],"character_chosen":"THE_SILENT","items_purchased":["ClockworkSouvenir","Footwork","Dodge and Roll","Dagger Spray","Sucker Punch","Noxious Fumes","Deflect","Footwork"],"campfire_rested":6,"item_purchase_floors":[13,19,29,29,36,39,39,48],"current_hp_per_floor":[59,59,59,41,18,18,18,18,18,16,16,11,11,11,30,8,52,48,48,27,27,20,39,39,39,44,49,9,9,28,28,47,31,57,57,57,62,49,49,38,62,59,64,64,39,28,20,20,44,0],"gold":57,"neow_bonus":"THREE_ENEMY_KILL","is_prod":false,"is_daily":false,"chose_seed":false,"campfire_upgraded":3,"win_rate":0,"timestamp":1558458458,"path_taken":["M","?","M","?","?","R","E","?","T","M","?","M","$","M","R","BOSS","M","$","?","?","M","R","?","R","T","M","E","?","R","?","R","BOSS","M","$","?","M","?","E","R","?","T","R","M","M","M","$","R","BOSS"],"build_version":"2019-01-23","purchased_purges":2,"victory":false,"max_hp_per_floor":[66,66,66,66,66,66,66,66,66,66,66,66,66,66,66,66,66,66,66,66,66,66,66,66,66,66,66,66,66,66,66,66,66,66,66,66,66,66,66,80,80,80,80,80,80,80,80,80,80,80],"card_choices":[{"not_picked":["Escape Plan","Backflip"],"picked":"Cloak And Dagger","floor":1.0},{"not_picked":["Acrobatics","Catalyst","Accuracy"],"picked":"SKIP","floor":3.0},{"not_picked":["Expertise","Sucker Punch","Escape Plan"],"picked":"SKIP","floor":7.0},{"not_picked":["Bane","Setup","Finisher"],"picked":"SKIP","floor":8.0},{"not_picked":["Sucker Punch","Eviscerate"],"picked":"Bouncing Flask","floor":10.0},{"not_picked":["Flying Knee","Accuracy"],"picked":"Endless Agony","floor":11.0},{"not_picked":["Underhanded Strike","Sucker Punch"],"picked":"Calculated Gamble","floor":12.0},{"not_picked":["Dagger Throw","Tactician"],"picked":"Blur","floor":14.0},{"not_picked":["Storm of Steel","Grand Finale"],"picked":"Corpse Explosion","floor":16.0},{"not_picked":["Dodge and Roll","Bane"],"picked":"PiercingWail+1","floor":18.0},{"not_picked":["Cloak And Dagger","Deadly Poison","Flying Knee"],"picked":"SKIP","floor":22.0},{"not_picked":["Dagger Throw","Slice"],"picked":"Deadly Poison+1","floor":27.0},{"not_picked":["Sucker Punch+1","Terror"],"picked":"Footwork","floor":28},{"not_picked":["Doppelganger","Phantasmal Killer"],"picked":"Wraith Form v2","floor":33},{"not_picked":["Flechettes","Quick Slash","Cloak And Dagger"],"picked":"SKIP","floor":35},{"not_picked":["Acrobatics","Underhanded Strike+1"],"picked":"Catalyst","floor":38},{"not_picked":["Cloak And Dagger","Heel Hook"],"picked":"Sucker Punch+1","floor":40},{"not_picked":["Choke","Deadly Poison+1"],"picked":"PiercingWail+1","floor":42},{"not_picked":["Dodge and Roll","Dagger Spray"],"picked":"Backflip","floor":45},{"not_picked":["Expertise","Poisoned Stab","Outmaneuver"],"picked":"SKIP","floor":46},{"not_picked":["Riddle With Holes","Acrobatics+1","Deadly Poison"],"picked":"SKIP","floor":47},{"not_picked":["Sucker Punch","Terror"],"picked":"Deflect","floor":49}],"player_experience":391763,"relics_obtained":[{"floor":7.0,"key":"Snake Skull"},{"floor":9.0,"key":"Matryoshka"},{"floor":20.0,"key":"Enchiridion"},{"floor":26.0,"key":"The Courier"},{"floor":26.0,"key":"Ancient Tea Set"},{"floor":28,"key":"Bottled Lightning"},{"floor":40,"key":"Mango"},{"floor":43,"key":"Dream Catcher"},{"floor":43,"key":"Smiling Mask"}],"event_choices":[{"cards_removed":["Strike_G"],"damage_healed":0.0,"max_hp_gain":0.0,"max_hp_loss":0.0,"gold_gain":0.0,"event_name":"The Cleric","player_choice":"Card Removal","floor":2.0,"gold_loss":75.0,"damage_taken":0.0},{"damage_healed":0.0,"max_hp_gain":0.0,"max_hp_loss":0.0,"gold_gain":0.0,"event_name":"Scrap Ooze","player_choice":"Success","floor":4.0,"gold_loss":0.0,"damage_taken":18.0,"relics_obtained":["Pen Nib"]},{"damage_healed":0.0,"max_hp_gain":0.0,"max_hp_loss":0.0,"gold_gain":0.0,"event_name":"Golden Idol","player_choice":"Take Damage","floor":5.0,"gold_loss":0.0,"damage_taken":23.0,"relics_obtained":["Golden Idol"]},{"damage_healed":0.0,"max_hp_gain":0.0,"max_hp_loss":0.0,"gold_gain":0.0,"event_name":"Cursed Tome","player_choice":"Obtained Book","floor":20.0,"gold_loss":0.0,"damage_taken":21.0},{"damage_healed":0.0,"max_hp_gain":0.0,"max_hp_loss":0.0,"gold_gain":0.0,"event_name":"Back to Basics","player_choice":"Simplicity","floor":21.0,"gold_loss":0.0,"damage_taken":0.0,"cards_upgraded":["Defend_G","Defend_G","Defend_G","Defend_G","Defend_G","Strike_G","Strike_G","Strike_G"]},{"damage_healed":0.0,"max_hp_gain":0.0,"max_hp_loss":0.0,"gold_gain":0.0,"event_name":"Forgotten Altar","player_choice":"Gave Idol","floor":24.0,"relics_lost":["Golden Idol"],"gold_loss":0.0,"damage_taken":0.0,"relics_obtained":["Bloody Idol"]},{"damage_healed":0,"gold_gain":0,"player_choice":"Ignored","damage_taken":0,"max_hp_gain":0,"max_hp_loss":0,"event_name":"Beggar","floor":31,"gold_loss":0},{"damage_healed":0,"gold_gain":50,"player_choice":"Pray","damage_taken":0,"max_hp_gain":0,"max_hp_loss":0,"event_name":"Golden Shrine","floor":37,"gold_loss":0}],"is_beta":false,"boss_relics":[{"not_picked":["Orrery","Black Star"],"picked":"Sozu"},{"not_picked":["Busted Crown","Snecko Eye"],"picked":"Ring of the Serpent"}],"items_purged_floors":[19,48],"is_endless":false,"potions_floor_spawned":[1,8,14,16,22,38,42,46,47],"killed_by":"Donu and Deca","ascension_level":19}