{"gold_per_floor":[113,126,39,39,39,75,103,115,127,139,195,207,237,273,285,428,440,476,503,440,440,440],"floor_reached":22,"playtime":1027,"items_purged":["Defend_R"],"score":202,"play_id":"6d21e40e-6cc4-4683-96fb-c716997595d0","local_time":"20190901214237","is_ascension_mode":true,"campfire_choices":[{"data":"Flash of Steel","floor":8,"key":"SMITH"},{"data":"Bash","floor":15,"key":"SMITH"}],"neow_cost":"NONE","seed_source_timestamp":255039901156000,"circlet_count":0,"master_deck":["Strike_R","Strike_R","Strike_R","Strike_R","Defend_R","Defend_R","Defend_R","Defend_R","Bash+1","Rampage","Headbutt","Whirlwind"],"special_seed":0,"relics":["Burning Blood","Bag of Marbles","Golden Idol","MawBank","Blue Candle","Champion Belt","Lantern","Velvet Choker","NlothsMask"],"potions_floor_usage":[11,19],"damage_taken":[{"damage":9,"enemies":"2 Louse","floor":1,"turns":2},{"damage":0,"enemies":"Small Slimes","floor":2,"turns":3},{"damage":14,"enemies":"Gremlin Nob","floor":6,"turns":3},{"damage":6,"enemies":"Cultist","floor":7,"turns":3},{"damage":17,"enemies":"3 Sentries","floor":11,"turns":5},{"damage":0,"enemies":"Exordium Wildlife","floor":13,"turns":3},{"damage":51,"enemies":"The Guardian","floor":16,"turns":9},{"damage":35,"enemies":"Spheric Guardian","floor":18,"turns":6},{"damage":5,"enemies":"3 Byrds","floor":19,"turns":5},{"damage":0,"enemies":"Snecko","floor":22,"turns":2}],"seed_played":"4758402361567827782","potions_obtained":[{"floor":1,"key":"Explosive Potion"},{"floor":7,"key":"BloodPotion"},{"floor":16,"key":"GamblersBrew"}],"is_trial":false,"path_per_floor":["M","M","$","?","?","E","M","R","T","?","E","?","M","T","R","B",null,"M","M","$","?","M"],"character_chosen":"IRONCLAD","items_purchased":["Flash of Steel"],"campfire_rested":0,"item_purchase_floors":[3],"current_hp_per_floor":[77,80,80,68,68,60,60,60,60,65,54,54,60,60,60,15,79,50,51,51,51,51],"gold":440,"neow_bonus":"REMOVE_CARD","is_prod":false,"is_daily":false,"chose_seed":false,"campfire_upgraded":2,"win_rate":0,"timestamp":1567399357,"path_taken":["M","M","$","?","?","E","M","R","T","?","E","?","?","?","R","BOSS","M","?","?","?","?"],"build_version":"2019-07-17","purchased_purges":1,"victory":false,"max_hp_per_floor":[80,80,80,80,74,74,74,74,74,79,79,79,79,79,79,79,79,79,79,79,79,79],"card_choices":[{"not_picked":["Spot Weakness","Wild Strike"],"picked":"Rampage","floor":1},{"not_picked":["Clash","Shrug It Off"],"picked":"Headbutt","floor":2},{"not_picked":["Demon Form","Armaments","Carnage"],"picked":"SKIP","floor":6},{"not_picked":["Cleave","Sentinel","Shrug It Off"],"picked":"SKIP","floor":7},{"not_picked":["Shockwave","Carnage","Twin Strike"],"picked":"SKIP","floor":11},{"not_picked":["Carnage","Corruption","Perfected Strike"],"picked":"SKIP","floor":13},{"not_picked":["Burning Pact+1","Havoc","Headbutt"],"picked":"SKIP","floor":18},{"not_picked":["Rupture","Havoc"],"picked":"Whirlwind","floor":19}],"player_experience":747698,"relics_obtained":[{"floor":6,"key":"MawBank"},{"floor":9,"key":"Blue Candle"},{"floor":11,"key":"Champion Belt"},{"floor":14,"key":"Lantern"}],"event_choices":[{"damage_healed":0,"gold_gain":0,"player_choice":"Success","damage_taken":12,"relics_obtained":["Bag of Marbles"],"max_hp_gain":0,"max_hp_loss":0,"event_name":"Scrap Ooze","floor":4,"gold_loss":0},{"damage_healed":0,"gold_gain":0,"player_choice":"Lose Max HP","damage_taken":0,"relics_obtained":["Golden Idol"],"max_hp_gain":0,"max_hp_loss":6,"event_name":"Golden Idol","floor":5,"gold_loss":0},{"damage_healed":0,"gold_gain":0,"player_choice":"Donut","damage_taken":0,"max_hp_gain":5,"max_hp_loss":0,"event_name":"Big Fish","floor":10,"gold_loss":0},{"cards_removed":["Flash of Steel"],"damage_healed":0,"gold_gain":0,"player_choice":"Took Card","damage_taken":0,"max_hp_gain":0,"max_hp_loss":0,"event_name":"NoteForYourself","floor":12,"gold_loss":0,"cards_obtained":["Defend_R"]},{"damage_healed":0,"gold_gain":0,"player_choice":"Trade","damage_taken":0,"relics_obtained":["NlothsMask"],"max_hp_gain":0,"max_hp_loss":0,"event_name":"FaceTrader","floor":21,"gold_loss":0}],"is_beta":false,"boss_relics":[{"not_picked":["Runic Cube","White Beast Statue"],"picked":"Velvet Choker"}],"items_purged_floors":[20],"is_endless":false,"potions_floor_spawned":[1,7,16],"killed_by":"Snecko","ascension_level":1}