{"gold_per_floor":[112,122,72,91,105,105,139,139,164,164,177,189,216,216,216,291,291,301,311,311,328,347,378,378,378,456,381,381,398,417,433,433,510,510,529,529],"floor_reached":36,"playtime":1420,"items_purged":[],"score":677,"play_id":"4a05ebec-e1f9-484d-b619-f6c43136f49a","local_time":"20190403184937","is_ascension_mode":true,"campfire_choices":[{"data":"Streamline","floor":6,"key":"SMITH"},{"data":"Defragment","floor":8,"key":"SMITH"},{"floor":10,"key":"REST"},{"data":"Coolheaded","floor":15,"key":"SMITH"},{"data":"Seek","floor":24,"key":"SMITH"},{"floor":28,"key":"REST"},{"data":"Coolheaded","floor":32,"key":"SMITH"}],"neow_cost":"TEN_PERCENT_HP_LOSS","seed_source_timestamp":1809469340350571,"circlet_count":0,"master_deck":["AscendersBane","Strike_B","Defend_B","Defend_B","Defend_B","Zap+1","Dualcast","Streamline+1","Coolheaded+1","Glacier","Defragment+1","Coolheaded+1","FTL","Seek+1","Coolheaded+1","Defragment+1","Glacier","Ball Lightning","Doom and Gloom","Cold Snap","Biased Cognition","Machine Learning","Capacitor"],"relics":["Cracked Core","Anchor","Orichalcum","Omamori","Philosopher\u0027s Stone","Dodecahedron","Nilry\u0027s Codex","Bottled Tornado","Fusion Hammer"],"potions_floor_usage":[7],"damage_taken":[{"damage":1,"enemies":"Cultist","floor":1,"turns":4},{"damage":0,"enemies":"Small Slimes","floor":2,"turns":2},{"damage":7,"enemies":"Jaw Worm","floor":4,"turns":3},{"damage":12,"enemies":"Red Slaver","floor":5,"turns":3},{"damage":34,"enemies":"3 Sentries","floor":7,"turns":11},{"damage":1,"enemies":"2 Fungi Beasts","floor":11,"turns":4},{"damage":0,"enemies":"Blue Slaver","floor":12,"turns":4},{"damage":9,"enemies":"Gremlin Nob","floor":13,"turns":6},{"damage":9,"enemies":"Slime Boss","floor":16,"turns":15},{"damage":2,"enemies":"Spheric Guardian","floor":18,"turns":3},{"damage":0,"enemies":"Shell Parasite","floor":19,"turns":6},{"damage":3,"enemies":"Snake Plant","floor":21,"turns":5},{"damage":0,"enemies":"Centurion and Healer","floor":22,"turns":9},{"damage":1,"enemies":"Book of Stabbing","floor":23,"turns":7},{"damage":0,"enemies":"Cultist and Chosen","floor":29,"turns":4},{"damage":0,"enemies":"Snake Plant","floor":30,"turns":4},{"damage":0,"enemies":"Snecko","floor":31,"turns":4},{"damage":43,"enemies":"Champ","floor":33,"turns":15},{"damage":11,"enemies":"3 Darklings","floor":35,"turns":3},{"damage":62,"enemies":"2 Orb Walkers","floor":36,"turns":6}],"seed_played":"-2322087381180490716","potions_obtained":[{"floor":4,"key":"Regen Potion"},{"floor":13,"key":"Energy Potion"},{"floor":21,"key":"SneckoOil"},{"floor":23,"key":"Strength Potion"},{"floor":35,"key":"FocusPotion"}],"is_trial":false,"path_per_floor":["M","M","?","M","M","R","E","R","T","R","M","M","E","?","R","B",null,"M","M","?","M","M","E","R","?","T","?","R","M","M","M","R","B",null,"M","?"],"character_chosen":"DEFECT","items_purchased":[],"campfire_rested":2,"item_purchase_floors":[],"current_hp_per_floor":[63,63,63,56,44,44,25,25,25,44,43,43,34,34,34,25,54,52,52,52,49,49,48,48,32,32,32,51,51,51,51,51,8,50,39,0],"gold":529,"neow_bonus":"REMOVE_TWO","is_prod":false,"is_daily":false,"chose_seed":false,"campfire_upgraded":5,"win_rate":0,"timestamp":1554331777,"path_taken":["M","M","?","M","M","R","E","R","T","R","M","M","E","?","R","BOSS","M","?","?","M","?","E","R","?","T","?","R","M","M","M","R","BOSS","M","?"],"build_version":"2019-01-23","purchased_purges":0,"victory":false,"max_hp_per_floor":[64,64,64,64,64,64,64,64,64,64,64,64,64,64,64,64,64,64,64,64,64,64,64,64,64,64,64,64,64,64,64,64,64,64,64,64],"card_choices":[{"not_picked":["Rebound","Conserve Battery"],"picked":"Streamline","floor":1},{"not_picked":["Sweeping Beam","Go for the Eyes"],"picked":"Coolheaded","floor":2},{"not_picked":["Go for the Eyes","Sweeping Beam","Streamline"],"picked":"SKIP","floor":4},{"not_picked":["Gash","Storm"],"picked":"Glacier","floor":5},{"not_picked":["Lockon","Barrage"],"picked":"Defragment","floor":7},{"not_picked":["Static Discharge","Redo"],"picked":"Coolheaded","floor":11},{"not_picked":["Hologram","Beam Cell"],"picked":"FTL","floor":12},{"not_picked":["Rainbow","Multi-Cast","Turbo"],"picked":"SKIP","floor":13},{"not_picked":["Thunder Strike","Hyperbeam"],"picked":"Seek","floor":16},{"not_picked":["Auto Shields","Steam Power"],"picked":"Coolheaded+1","floor":18},{"not_picked":["Sweeping Beam+1","Scrape"],"picked":"Defragment+1","floor":19},{"not_picked":["Coolheaded","Fusion","Rebound+1"],"picked":"SKIP","floor":21},{"not_picked":["Go for the Eyes","Turbo"],"picked":"Ball Lightning","floor":22},{"not_picked":["Compile Driver","Conserve Battery"],"picked":"Doom and Gloom","floor":23},{"not_picked":["Sweeping Beam","Gash","Go for the Eyes"],"picked":"SKIP","floor":29},{"not_picked":["Cold Snap","Steam Power","Barrage+1"],"picked":"SKIP","floor":30},{"not_picked":["Steam Power","Barrage+1"],"picked":"Cold Snap","floor":30},{"not_picked":["Chaos","Leap"],"picked":"Biased Cognition","floor":31},{"not_picked":["Fission","Seek"],"picked":"Machine Learning","floor":33},{"not_picked":["Turbo+1","Scrape"],"picked":"Capacitor","floor":35}],"player_experience":230752,"relics_obtained":[{"floor":7,"key":"Anchor"},{"floor":9,"key":"Orichalcum"},{"floor":13,"key":"Omamori"},{"floor":23,"key":"Dodecahedron"},{"floor":25,"key":"Nilry\u0027s Codex"},{"floor":26,"key":"Bottled Tornado"}],"event_choices":[{"cards_removed":["Strike_B"],"damage_healed":0,"gold_gain":0,"player_choice":"Card Removal","damage_taken":0,"max_hp_gain":0,"max_hp_loss":0,"event_name":"The Cleric","floor":3,"gold_loss":50},{"damage_healed":0,"gold_gain":0,"player_choice":"Forge","damage_taken":0,"max_hp_gain":0,"max_hp_loss":0,"event_name":"Accursed Blacksmith","floor":14,"gold_loss":0,"cards_upgraded":["Zap"]},{"damage_healed":0,"gold_gain":0,"player_choice":"Copied","damage_taken":0,"max_hp_gain":0,"max_hp_loss":0,"event_name":"Duplicator","floor":20,"gold_loss":0,"cards_obtained":["Glacier"]},{"damage_healed":0,"gold_gain":0,"player_choice":"Obtained Book","damage_taken":16,"max_hp_gain":0,"max_hp_loss":0,"event_name":"Cursed Tome","floor":25,"gold_loss":0},{"cards_removed":["Strike_B"],"damage_healed":0,"gold_gain":0,"player_choice":"Gave Gold","damage_taken":0,"max_hp_gain":0,"max_hp_loss":0,"event_name":"Beggar","floor":27,"gold_loss":75},{"damage_healed":0,"gold_gain":0,"player_choice":"Fight","damage_taken":0,"max_hp_gain":0,"max_hp_loss":0,"event_name":"Mysterious Sphere","floor":36,"gold_loss":0}],"is_beta":false,"boss_relics":[{"not_picked":["Empty Cage","Sozu"],"picked":"Philosopher\u0027s Stone"},{"not_picked":["Calling Bell","Lizard Tail"],"picked":"Fusion Hammer"}],"items_purged_floors":[],"is_endless":false,"potions_floor_spawned":[4,13,21,23,31,33,35],"killed_by":"2 Orb Walkers","ascension_level":14}