{"gold_per_floor":[11,86,102,102,118,148,148,3,27,27,57,77,95,114,114,215,215,205,58,58,0,14,14,32,32,78,78,178,188,220,69,69,172,172,191,291,291,309,320,381,381,416,468,468,468,500,500,176,176,176],"floor_reached":51,"playtime":2433,"items_purged":["Parasite"],"score":1333,"play_id":"cbc8c76b-5fc1-4a16-b145-86a7bd01396f","local_time":"20190327130430","is_ascension_mode":true,"campfire_choices":[{"data":"Bash","floor":7.0,"key":"SMITH"},{"data":"Demon Form","floor":10.0,"key":"SMITH"},{"data":"Disarm","floor":15.0,"key":"SMITH"},{"data":"Limit Break","floor":23.0,"key":"SMITH"},{"floor":25.0,"key":"REST"},{"data":"Disarm","floor":27.0,"key":"SMITH"},{"data":"Whirlwind","floor":32.0,"key":"SMITH"},{"data":"Double Tap","floor":41,"key":"SMITH"},{"data":"Juggernaut","floor":44,"key":"SMITH"},{"data":"Disarm","floor":47,"key":"SMITH"},{"data":"Heavy Blade","floor":49,"key":"SMITH"}],"neow_cost":"NO_GOLD","seed_source_timestamp":1190363551707973,"circlet_count":0,"master_deck":["AscendersBane","Bash+1","Shrug It Off","Cleave","Disarm+1","Demon Form+1","Disarm+1","Flame Barrier","Ghostly Armor","Limit Break+1","Evolve","Spot Weakness","Whirlwind+1","Reaper","Reaper","Sentinel","Wild Strike","Seeing Red","Wild Strike","Heavy Blade+1","Rupture","Double Tap+1","Clothesline","Shrug It Off+1","Juggernaut+1","Disarm+1"],"special_seed":0,"relics":["Burning Blood","Happy Flower","Pen Nib","Oddly Smooth Stone","Snecko Eye","Bag of Preparation","Strawberry","Gambling Chip","Pandora\u0027s Box","Champion Belt","Tiny Chest","Gremlin Horn","Ancient Tea Set","Centennial Puzzle","Strange Spoon"],"potions_floor_usage":[33,50,50],"damage_taken":[{"damage":3.0,"enemies":"Jaw Worm","floor":1.0,"turns":5.0},{"damage":5.0,"enemies":"Small Slimes","floor":3.0,"turns":4.0},{"damage":0.0,"enemies":"Cultist","floor":5.0,"turns":3.0},{"damage":12.0,"enemies":"3 Sentries","floor":6.0,"turns":6.0},{"damage":20.0,"enemies":"Lagavulin","floor":11.0,"turns":5.0},{"damage":19.0,"enemies":"Exordium Wildlife","floor":12.0,"turns":5.0},{"damage":5.0,"enemies":"Looter","floor":13.0,"turns":4.0},{"damage":6.0,"enemies":"Exordium Thugs","floor":14.0,"turns":6.0},{"damage":18.0,"enemies":"The Guardian","floor":16.0,"turns":8.0},{"damage":14.0,"enemies":"2 Thieves","floor":18.0,"turns":4.0},{"damage":27.0,"enemies":"Spheric Guardian","floor":22.0,"turns":5.0},{"damage":7.0,"enemies":"Snecko","floor":24.0,"turns":5.0},{"damage":13.0,"enemies":"Cultist and Chosen","floor":29.0,"turns":5.0},{"damage":19.0,"enemies":"Gremlin Leader","floor":30.0,"turns":5.0},{"damage":0,"enemies":"Champ","floor":33,"turns":7},{"damage":27,"enemies":"3 Shapes","floor":35,"turns":5},{"damage":15,"enemies":"Mind Bloom Boss Battle","floor":36,"turns":4},{"damage":14,"enemies":"Orb Walker","floor":38,"turns":4},{"damage":0,"enemies":"Writhing Mass","floor":39,"turns":7},{"damage":81,"enemies":"Nemesis","floor":40,"turns":11},{"damage":40,"enemies":"Giant Head","floor":42,"turns":6},{"damage":76,"enemies":"Nemesis","floor":46,"turns":5},{"damage":26,"enemies":"Time Eater","floor":50,"turns":7}],"seed_played":"-4634274112993857093","potions_obtained":[{"floor":3.0,"key":"SteroidPotion"},{"floor":5.0,"key":"AttackPotion"},{"floor":11.0,"key":"GamblersBrew"},{"floor":16.0,"key":"Energy Potion"},{"floor":22.0,"key":"PowerPotion"},{"floor":29.0,"key":"Dexterity Potion"},{"floor":33,"key":"Ancient Potion"}],"is_trial":false,"path_per_floor":["M","?","M","?","M","E","R","$","T","R","E","M","M","M","R","B",null,"M","$","?","?","M","R","M","R","T","R","?","M","E","$","R","B",null,"M","?","?","M","M","E","R","E","T","R","$","E","R","$","R","B",null],"character_chosen":"IRONCLAD","items_purchased":["Demon Form","Bag of Preparation","Reaper","Strange Spoon","PowerPotion"],"campfire_rested":1,"item_purchase_floors":[8,19,31,48,48],"current_hp_per_floor":[75,64,65,70,76,70,70,70,70,70,56,43,44,44,44,32,72,64,64,64,64,43,43,42,67,74,74,74,67,54,54,54,60,84,91,82,82,84,92,78,78,92,92,92,92,92,92,89,89,69],"gold":176,"neow_bonus":"REMOVE_TWO","is_prod":false,"is_daily":false,"chose_seed":false,"campfire_upgraded":10,"win_rate":0,"timestamp":1553706270,"path_taken":["M","?","M","?","M","E","R","?","T","R","E","M","M","M","R","BOSS","M","$","?","?","M","R","M","R","T","R","?","M","E","$","R","BOSS","M","?","?","?","M","E","R","E","T","R","$","E","R","$","R","BOSS"],"build_version":"2019-01-23","purchased_purges":1,"victory":true,"max_hp_per_floor":[80,80,80,85,85,85,85,85,85,85,85,85,85,85,85,85,85,85,85,85,85,85,85,85,85,92,92,92,92,92,92,92,92,92,92,92,92,92,92,92,92,92,92,92,92,92,92,89,89,89],"card_choices":[{"not_picked":["Body Slam","Spot Weakness"],"picked":"Shrug It Off","floor":1.0},{"not_picked":["Warcry","Sever Soul","Clash"],"picked":"SKIP","floor":3.0},{"not_picked":["Sword Boomerang","Wild Strike"],"picked":"Cleave","floor":5.0},{"not_picked":["Entrench","Clothesline"],"picked":"Disarm","floor":6.0},{"not_picked":["Carnage","Inflame"],"picked":"Disarm","floor":11.0},{"not_picked":["Shrug It Off","Clothesline"],"picked":"Flame Barrier","floor":12.0},{"not_picked":["Fire Breathing","Carnage"],"picked":"Ghostly Armor","floor":13.0},{"not_picked":["Reckless Charge","Iron Wave","Pommel Strike"],"picked":"SKIP","floor":14.0},{"not_picked":["Impervious","Juggernaut"],"picked":"Limit Break","floor":16.0},{"not_picked":["Flex","Bloodletting+1"],"picked":"Evolve","floor":18.0},{"not_picked":["Flex","Second Wind","Twin Strike"],"picked":"SKIP","floor":22.0},{"not_picked":["Flex","Pommel Strike","Anger"],"picked":"SKIP","floor":24.0},{"not_picked":["Iron Wave","Exhume"],"picked":"Spot Weakness","floor":29.0},{"not_picked":["True Grit","Cleave"],"picked":"Whirlwind","floor":30.0},{"not_picked":["Immolate","Fiend Fire"],"picked":"Reaper","floor":33},{"not_picked":["Clash+1","Seeing Red"],"picked":"Clothesline","floor":35},{"not_picked":["Perfected Strike","Thunderclap","Combust+1"],"picked":"SKIP","floor":38},{"not_picked":["Perfected Strike","Thunderclap","Combust+1"],"picked":"SKIP","floor":38},{"not_picked":["Flex+1","Thunderclap"],"picked":"Shrug It Off+1","floor":39},{"not_picked":["Burning Pact","Heavy Blade"],"picked":"Juggernaut","floor":40},{"not_picked":["Reckless Charge","Pommel Strike","Whirlwind"],"picked":"SKIP","floor":42},{"not_picked":["Bloodletting+1","Dual Wield"],"picked":"Disarm","floor":46}],"player_experience":216191,"relics_obtained":[{"floor":6.0,"key":"Happy Flower"},{"floor":9.0,"key":"Pen Nib"},{"floor":11.0,"key":"Oddly Smooth Stone"},{"floor":26.0,"key":"Strawberry"},{"floor":30.0,"key":"Gambling Chip"},{"floor":36,"key":"Champion Belt"},{"floor":40,"key":"Tiny Chest"},{"floor":42,"key":"Gremlin Horn"},{"floor":43,"key":"Ancient Tea Set"},{"floor":46,"key":"Centennial Puzzle"}],"event_choices":[{"damage_healed":0.0,"max_hp_gain":0.0,"max_hp_loss":0.0,"gold_gain":75.0,"event_name":"World of Goop","player_choice":"Gather Gold","floor":2.0,"gold_loss":0.0,"damage_taken":11.0},{"damage_healed":0.0,"max_hp_gain":5.0,"max_hp_loss":0.0,"gold_gain":0.0,"event_name":"Big Fish","player_choice":"Donut","floor":4.0,"gold_loss":0.0,"damage_taken":0.0},{"damage_healed":0.0,"max_hp_gain":0.0,"max_hp_loss":0.0,"gold_gain":0.0,"event_name":"Vampires","player_choice":"Ignored","floor":20.0,"gold_loss":0.0,"damage_taken":0.0},{"damage_healed":0.0,"max_hp_gain":0.0,"max_hp_loss":0.0,"gold_gain":0.0,"event_name":"Masked Bandits","player_choice":"Paid Fearfully","floor":21.0,"gold_loss":58.0,"damage_taken":0.0},{"damage_healed":0.0,"max_hp_gain":0.0,"max_hp_loss":0.0,"gold_gain":100.0,"event_name":"Golden Shrine","player_choice":"Pray","floor":28.0,"gold_loss":0.0,"damage_taken":0.0},{"damage_healed":0,"gold_gain":0,"player_choice":"Fight","damage_taken":0,"max_hp_gain":0,"max_hp_loss":0,"event_name":"MindBloom","floor":36,"gold_loss":0},{"damage_healed":0,"gold_gain":0,"player_choice":"0 cards matched","damage_taken":0,"max_hp_gain":0,"max_hp_loss":0,"event_name":"Match and Keep!","floor":37,"gold_loss":0,"cards_obtained":[]}],"is_beta":false,"boss_relics":[{"not_picked":["Lizard Tail","Velvet Choker"],"picked":"Snecko Eye"},{"not_picked":["Runic Cube","Black Blood"],"picked":"Pandora\u0027s Box"}],"items_purged_floors":[48],"is_endless":false,"potions_floor_spawned":[3,5,11,16,22,29,30,33,36,38,39,46],"ascension_level":12}