{"gold_per_floor":[362,362,373,47,222,222,254,254,254,283,300,300,319,329,329,329],"floor_reached":16,"playtime":711,"items_purged":["Regret"],"score":176,"play_id":"720c5514-fd03-4826-9984-ec6cdf9e504a","local_time":"20190319125816","is_ascension_mode":true,"campfire_choices":[{"data":"Neutralize","floor":6,"key":"SMITH"},{"floor":8,"key":"REST"},{"floor":12,"key":"REST"},{"data":"Predator","floor":15,"key":"SMITH"}],"neow_cost":"TEN_PERCENT_HP_LOSS","seed_source_timestamp":500550112729219,"circlet_count":0,"master_deck":["AscendersBane","Defend_G","Defend_G","Defend_G","Defend_G","Defend_G","Strike_G","Strike_G","Strike_G","Strike_G","Strike_G","Survivor","Neutralize+1","Deflect","Predator+1","Flash of Steel","Doubt","Leg Sweep+1","PiercingWail+1","Leg Sweep+1","Bullet Time+1"],"relics":["Ring of the Snake","Letter Opener","Membership Card","Boot","Toxic Egg 2","Happy Flower"],"potions_floor_usage":[10],"damage_taken":[{"damage":4,"enemies":"Jaw Worm","floor":1,"turns":5},{"damage":8,"enemies":"2 Louse","floor":3,"turns":4},{"damage":31,"enemies":"3 Sentries","floor":7,"turns":12},{"damage":27,"enemies":"Lagavulin","floor":10,"turns":9},{"damage":0,"enemies":"Cultist","floor":11,"turns":3},{"damage":4,"enemies":"Exordium Wildlife","floor":13,"turns":6},{"damage":0,"enemies":"Blue Slaver","floor":14,"turns":6},{"damage":0,"enemies":"Hexaghost","floor":16,"turns":6}],"seed_played":"-2349885545818738946","potions_obtained":[{"floor":10,"key":"Block Potion"},{"floor":13,"key":"Explosive Potion"}],"is_trial":false,"path_per_floor":["M","?","M","$","?","R","E","R","T","E","M","R","M","M","R","B"],"character_chosen":"THE_SILENT","items_purchased":["Membership Card","Flash of Steel","Regen Potion"],"campfire_rested":2,"item_purchase_floors":[4,4,4],"current_hp_per_floor":[59,59,51,51,51,51,20,38,38,26,26,44,40,40,40,40],"gold":329,"neow_bonus":"TWO_FIFTY_GOLD","is_prod":false,"is_daily":false,"chose_seed":false,"campfire_upgraded":2,"win_rate":0,"timestamp":1553014696,"path_taken":["M","?","M","$","?","R","E","R","T","E","M","R","M","M","R","BOSS"],"build_version":"2019-01-23","purchased_purges":1,"victory":false,"max_hp_per_floor":[63,63,63,63,63,63,63,63,63,63,63,63,63,63,63,63],"card_choices":[{"not_picked":["Prepared","Acrobatics"],"picked":"Deflect","floor":1},{"not_picked":["Dagger Throw","Poisoned Stab"],"picked":"Predator","floor":3},{"not_picked":["Doppelganger","Poisoned Stab","Acrobatics"],"picked":"SKIP","floor":7},{"not_picked":["Sucker Punch","Flying Knee"],"picked":"Leg Sweep+1","floor":10},{"not_picked":["Bane","Flying Knee"],"picked":"PiercingWail+1","floor":11},{"not_picked":["Sucker Punch","Deflect+1"],"picked":"Leg Sweep+1","floor":13},{"not_picked":["Sucker Punch","Endless Agony"],"picked":"Bullet Time+1","floor":14}],"player_experience":194966,"relics_obtained":[{"floor":7,"key":"Boot"},{"floor":9,"key":"Toxic Egg 2"},{"floor":10,"key":"Happy Flower"}],"event_choices":[{"damage_healed":0,"gold_gain":0,"player_choice":"Box","damage_taken":0,"relics_obtained":["Letter Opener"],"max_hp_gain":0,"max_hp_loss":0,"event_name":"Big Fish","floor":2,"gold_loss":0,"cards_obtained":["Regret"]},{"damage_healed":0,"gold_gain":175,"player_choice":"AGREE","damage_taken":0,"max_hp_gain":0,"max_hp_loss":0,"event_name":"Liars Game","floor":5,"gold_loss":0,"cards_obtained":["Doubt"]}],"is_beta":false,"boss_relics":[],"items_purged_floors":[4],"is_endless":false,"potions_floor_spawned":[10,13],"killed_by":"Hexaghost","ascension_level":12}