{"gold_per_floor":[109,125,125,7,182,107,107,123,123,123,133,153,172,203,203,301,301,311,22,22,30,30,60,60,77,77,77,94,94,119,132,132,228,228,243,49,66,166,42,70,97,97,121,40,55,72,72,0,0,0,0,0,0,29,29],"floor_reached":55,"playtime":4530,"items_purged":["Strike_R"],"score":790,"play_id":"fdfabed5-1cc2-42d1-bb1b-fde72639a132","local_time":"20190827191504","is_ascension_mode":false,"campfire_choices":[{"data":"Corruption","floor":7,"key":"SMITH"},{"data":"Evolve","floor":10,"key":"SMITH"},{"data":"Feel No Pain","floor":15,"key":"SMITH"},{"floor":27,"key":"REST"},{"data":"Disarm","floor":29,"key":"SMITH"},{"data":"Feel No Pain","floor":32,"key":"SMITH"},{"floor":42,"key":"REST"},{"floor":47,"key":"REST"},{"floor":49,"key":"RECALL"},{"data":"Demon Form","floor":52,"key":"SMITH"}],"neow_cost":"NONE","seed_source_timestamp":337433091838320,"circlet_count":0,"master_deck":["Strike_R","Strike_R","Strike_R","Defend_R","Defend_R","Defend_R","Defend_R","Bash","Warcry","True Grit","Impervious","Corruption+1","Iron Wave","Evolve+1","Reckless Charge","Sentinel","Feel No Pain+1","Clothesline","Impervious","Juggernaut","Thunderclap+1","The Bomb","Feel No Pain+1","True Grit","Disarm+1","Pommel Strike+1","Spot Weakness+1","Shrug It Off+1","Parasite","Limit Break","Spot Weakness","Shrug It Off","Demon Form+1","Heavy Blade","Fire Breathing","Sentinel","Double Tap","Second Wind","Cleave+1","Inflame","Pommel Strike","Whirlwind","Sentinel","Battle Trance","True Grit","Dark Embrace","Pommel Strike+1","Regret","Inflame","Shrug It Off","Warcry+1","Intimidate+1","True Grit+1"],"relics":["Burning Blood","Bag of Preparation","Peace Pipe","Cursed Key","Boot","Sundial","WingedGreaves","Orrery","Charon\u0027s Ashes","Strawberry","Regal Pillow","Anchor","Red Mask","Pantograph"],"potions_floor_usage":[11,14,28,35,35,35,38,41,50,55],"damage_taken":[{"damage":1,"enemies":"Jaw Worm","floor":1,"turns":5},{"damage":4,"enemies":"2 Louse","floor":2,"turns":3},{"damage":0,"enemies":"Cultist","floor":8,"turns":4},{"damage":1,"enemies":"3 Louse","floor":11,"turns":5},{"damage":14,"enemies":"Blue Slaver","floor":12,"turns":5},{"damage":4,"enemies":"Large Slime","floor":13,"turns":9},{"damage":15,"enemies":"Gremlin Nob","floor":14,"turns":6},{"damage":59,"enemies":"The Guardian","floor":16,"turns":14},{"damage":0,"enemies":"Chosen","floor":18,"turns":4},{"damage":4,"enemies":"2 Thieves","floor":21,"turns":5},{"damage":52,"enemies":"Gremlin Leader","floor":23,"turns":9},{"damage":3,"enemies":"Cultist and Chosen","floor":25,"turns":7},{"damage":0,"enemies":"Snake Plant","floor":28,"turns":4},{"damage":20,"enemies":"Slavers","floor":30,"turns":4},{"damage":5,"enemies":"Shelled Parasite and Fungi","floor":31,"turns":6},{"damage":20,"enemies":"Collector","floor":33,"turns":9},{"damage":16,"enemies":"Orb Walker","floor":35,"turns":5},{"damage":13,"enemies":"3 Shapes","floor":37,"turns":3},{"damage":9,"enemies":"Mind Bloom Boss Battle","floor":38,"turns":7},{"damage":20,"enemies":"Reptomancer","floor":40,"turns":8},{"damage":26,"enemies":"Giant Head","floor":41,"turns":5},{"damage":35,"enemies":"Sphere and 2 Shapes","floor":45,"turns":4},{"damage":28,"enemies":"Maw","floor":46,"turns":9},{"damage":28,"enemies":"Time Eater","floor":50,"turns":9},{"damage":39,"enemies":"Shield and Spear","floor":54,"turns":5},{"damage":100,"enemies":"The Heart","floor":55,"turns":5}],"seed_played":"1913441410500159952","potions_obtained":[{"floor":8,"key":"Fire Potion"},{"floor":12,"key":"Dexterity Potion"},{"floor":16,"key":"SmokeBomb"},{"floor":23,"key":"LiquidBronze"},{"floor":30,"key":"Energy Potion"},{"floor":31,"key":"Energy Potion"},{"floor":33,"key":"Ancient Potion"},{"floor":35,"key":"Fruit Juice"},{"floor":40,"key":"PowerPotion"},{"floor":46,"key":"Swift Potion"},{"floor":54,"key":"Dexterity Potion"}],"is_trial":false,"path_per_floor":["M","M","?","$","?","$","R","M","T","R","M","M","M","E","R","B",null,"M","$","?","M","$","E","?","M","T","R","M","R","E","M","R","B",null,"M","$","M","?","$","E","E","R","T","$","M","M","R","?","R","B",null,"R","$","E","B"],"character_chosen":"IRONCLAD","items_purchased":["Corruption","Iron Wave","Evolve","The Bomb","Feel No Pain","True Grit","Inflame","Pommel Strike","Battle Trance","True Grit","Inflame","Shrug It Off"],"campfire_rested":3,"item_purchase_floors":[4,4,6,19,19,19,36,36,39,39,44,44],"current_hp_per_floor":[80,80,77,77,77,77,77,80,80,80,80,72,74,65,65,12,80,80,80,80,80,80,34,34,37,37,61,67,67,53,54,54,40,80,75,75,68,65,65,58,38,80,80,80,51,29,71,71,71,49,92,92,92,59,0],"gold":29,"neow_bonus":"TRANSFORM_CARD","is_prod":false,"is_daily":false,"chose_seed":false,"campfire_upgraded":6,"win_rate":0,"timestamp":1566926104,"path_taken":["M","M","?","$","?","$","R","M","T","R","M","M","M","E","R","BOSS","M","$","?","M","$","E","?","M","T","R","?","R","E","M","R","BOSS","M","$","M","?","$","E","E","R","T","$","M","M","R","?","R","BOSS","R","$","E","BOSS"],"build_version":"2019-06-28","purchased_purges":1,"victory":false,"max_hp_per_floor":[80,80,80,80,80,80,80,80,80,80,80,80,80,80,80,80,80,80,80,80,80,80,80,80,80,80,80,80,80,80,80,80,80,80,85,85,85,85,85,92,92,92,92,92,92,92,92,92,92,92,92,92,92,92,92],"card_choices":[{"not_picked":["Armaments","Thunderclap"],"picked":"True Grit","floor":1},{"not_picked":["Seeing Red","Headbutt"],"picked":"Impervious","floor":2},{"not_picked":["Twin Strike","Clash"],"picked":"Reckless Charge","floor":8},{"not_picked":["Dropkick","Armaments"],"picked":"Sentinel","floor":11},{"not_picked":["Havoc","Battle Trance"],"picked":"Feel No Pain","floor":12},{"not_picked":["Iron Wave","Armaments"],"picked":"Clothesline","floor":13},{"not_picked":["Entrench","Ghostly Armor"],"picked":"Impervious","floor":14},{"not_picked":["Bludgeon","Berserk"],"picked":"Juggernaut","floor":16},{"not_picked":["Heavy Blade","Hemokinesis"],"picked":"Thunderclap+1","floor":18},{"not_picked":["Sword Boomerang","Cleave"],"picked":"Pommel Strike+1","floor":21},{"not_picked":["Heavy Blade","Intimidate"],"picked":"Spot Weakness+1","floor":23},{"not_picked":["Battle Trance","Iron Wave"],"picked":"Shrug It Off+1","floor":25},{"not_picked":["Clash","Thunderclap"],"picked":"Limit Break","floor":28},{"not_picked":["Disarm","True Grit+1"],"picked":"Spot Weakness","floor":30},{"not_picked":["Anger","Flex+1"],"picked":"Shrug It Off","floor":31},{"not_picked":["Limit Break","Fiend Fire"],"picked":"Demon Form","floor":33},{"not_picked":["Body Slam","Warcry"],"picked":"Heavy Blade","floor":34},{"not_picked":["Perfected Strike","Second Wind"],"picked":"Fire Breathing","floor":34},{"not_picked":["Havoc","Flex"],"picked":"Sentinel","floor":34},{"not_picked":["True Grit","Second Wind"],"picked":"Double Tap","floor":34},{"not_picked":["Battle Trance","Blood for Blood"],"picked":"Second Wind","floor":34},{"not_picked":["Sword Boomerang","Entrench"],"picked":"Cleave+1","floor":35},{"not_picked":["Warcry+1","Fire Breathing+1"],"picked":"Whirlwind","floor":37},{"not_picked":["Evolve","Clash"],"picked":"Sentinel","floor":38},{"not_picked":["Wild Strike","Metallicize+1"],"picked":"Dark Embrace","floor":40},{"not_picked":["Warcry","Dual Wield"],"picked":"Pommel Strike+1","floor":41},{"not_picked":["Metallicize+1","Hemokinesis+1"],"picked":"Warcry+1","floor":45},{"not_picked":["Spot Weakness","Clash"],"picked":"Intimidate+1","floor":46},{"not_picked":["Evolve+1","Brutality"],"picked":"True Grit+1","floor":54}],"player_experience":107854,"relics_obtained":[{"floor":14,"key":"Peace Pipe"},{"floor":23,"key":"Boot"},{"floor":26,"key":"Sundial"},{"floor":30,"key":"WingedGreaves"},{"floor":38,"key":"Charon\u0027s Ashes"},{"floor":40,"key":"Strawberry"},{"floor":41,"key":"Regal Pillow"},{"floor":43,"key":"Anchor"},{"floor":54,"key":"Pantograph"}],"event_choices":[{"damage_healed":0,"gold_gain":0,"player_choice":"Success","damage_taken":3,"relics_obtained":["Bag of Preparation"],"max_hp_gain":0,"max_hp_loss":0,"event_name":"Scrap Ooze","floor":3,"gold_loss":0},{"damage_healed":0,"gold_gain":175,"player_choice":"AGREE","damage_taken":0,"max_hp_gain":0,"max_hp_loss":0,"event_name":"Liars Game","floor":5,"gold_loss":0,"cards_obtained":["Doubt"]},{"damage_healed":0,"gold_gain":0,"player_choice":"Read","damage_taken":0,"max_hp_gain":0,"max_hp_loss":0,"event_name":"The Library","floor":20,"gold_loss":0,"cards_obtained":["Disarm"]},{"cards_removed":["Doubt"],"damage_healed":0,"gold_gain":0,"player_choice":"Removed Curses","damage_taken":0,"max_hp_gain":0,"max_hp_loss":0,"event_name":"Fountain of Cleansing","floor":24,"gold_loss":0},{"damage_healed":0,"gold_gain":0,"player_choice":"Fight","damage_taken":0,"max_hp_gain":0,"max_hp_loss":0,"event_name":"MindBloom","floor":38,"gold_loss":0},{"damage_healed":0,"gold_gain":0,"player_choice":"Paid","damage_taken":0,"relics_obtained":["Red Mask"],"max_hp_gain":0,"max_hp_loss":0,"event_name":"Tomb of Lord Red Mask","floor":48,"gold_loss":72}],"is_beta":true,"boss_relics":[{"not_picked":["Runic Cube","Busted Crown"],"picked":"Cursed Key"},{"not_picked":["Fusion Hammer","Velvet Choker"],"picked":"Orrery"}],"items_purged_floors":[36],"is_endless":false,"potions_floor_spawned":[8,12,16,23,30,31,33,35,40,46,54],"killed_by":"The Heart","ascension_level":0}