{"gold_per_floor":[112,112,33,33,33,64,64,64,64,64,64,392,403,403,403,482,482,482,482,482,482,482,482,482,482,482,482,482,482,482,407,407,407,407,407,407,407,407,407,407,407,407,407,407,407,407,407,407,407,407],"floor_reached":50,"playtime":5756,"items_purged":["Decay"],"score":1086,"play_id":"0a676a7f-9b8e-4bfe-b7fc-66feb2fd76de","local_time":"20190315043214","is_ascension_mode":true,"campfire_choices":[{"data":"Hologram","floor":8.0,"key":"SMITH"},{"floor":10.0,"key":"RECALL"},{"data":"Glacier","floor":15.0,"key":"SMITH"},{"data":"Doom and Gloom","floor":23.0,"key":"SMITH"},{"floor":27.0,"key":"REST"},{"data":"Blizzard","floor":32,"key":"SMITH"},{"data":"Force Field","floor":40,"key":"SMITH"},{"floor":42,"key":"REST"},{"data":"Coolheaded","floor":44,"key":"SMITH"},{"floor":49,"key":"REST"}],"neow_cost":"NONE","seed_source_timestamp":127138237531376,"circlet_count":0,"master_deck":["AscendersBane","Strike_B","Strike_B","Defend_B","Defend_B","Defend_B","Defend_B+1","Zap+1","Dualcast","Coolheaded+1","Glacier+1","Hologram+1","Echo Form","Gash","Doom and Gloom+1","Reboot+1","Sunder+1","Gash","Steam+1","Force Field+1","Cold Snap","Blizzard+1","Echo Form","Gash","Double Energy+1","Stack+1"],"special_seed":0,"relics":["Cracked Core","NeowsBlessing","Blood Vial","Ginger","Old Coin","Ectoplasm","Art of War","Darkstone Periapt","Busted Crown"],"potions_floor_usage":[33,50],"damage_taken":[{"damage":0.0,"enemies":"Small Slimes","floor":1.0,"turns":1.0},{"damage":0.0,"enemies":"Gremlin Nob","floor":6.0,"turns":1.0},{"damage":0.0,"enemies":"Lagavulin","floor":12.0,"turns":2.0},{"damage":7.0,"enemies":"Jaw Worm","floor":13.0,"turns":4.0},{"damage":34.0,"enemies":"The Guardian","floor":16.0,"turns":12.0},{"damage":13.0,"enemies":"Chosen","floor":18.0,"turns":7.0},{"damage":6.0,"enemies":"Spheric Guardian","floor":19.0,"turns":3.0},{"damage":17.0,"enemies":"Cultist and Chosen","floor":21.0,"turns":7.0},{"damage":1.0,"enemies":"Shelled Parasite and Fungi","floor":22.0,"turns":6.0},{"damage":0.0,"enemies":"3 Cultists","floor":25.0,"turns":4.0},{"damage":0.0,"enemies":"Gremlin Leader","floor":28.0,"turns":6.0},{"damage":2,"enemies":"Snecko","floor":29,"turns":5},{"damage":26,"enemies":"Automaton","floor":33,"turns":9},{"damage":4,"enemies":"3 Shapes","floor":35,"turns":3},{"damage":6,"enemies":"Orb Walker","floor":38,"turns":3},{"damage":32,"enemies":"3 Darklings","floor":41,"turns":5},{"damage":10,"enemies":"4 Shapes","floor":45,"turns":6},{"damage":35,"enemies":"Transient","floor":46,"turns":6},{"damage":3,"enemies":"Spire Growth","floor":48,"turns":5},{"damage":53,"enemies":"Awakened One","floor":50,"turns":3}],"seed_played":"-5855478622987718926","potions_obtained":[{"floor":1.0,"key":"SneckoOil"},{"floor":12.0,"key":"Dexterity Potion"},{"floor":16.0,"key":"Energy Potion"},{"floor":22.0,"key":"Strength Potion"},{"floor":28.0,"key":"FocusPotion"},{"floor":38,"key":"FearPotion"},{"floor":41,"key":"Dexterity Potion"},{"floor":45,"key":"LiquidBronze"}],"is_trial":false,"path_per_floor":["M","?","$","?","$","E","$","R","T","R","?","E","M","?","R","B",null,"M","M","$","M","M","R","?","M","T","R","E","M","?","$","R","B",null,"M","?","?","M","$","R","M","R","T","R","M","M","?","M","R","B"],"character_chosen":"DEFECT","items_purchased":["Glacier"],"campfire_rested":3,"item_purchase_floors":[3],"current_hp_per_floor":[64,69,69,46,46,46,46,46,46,46,46,48,43,43,43,11,60,49,45,45,30,31,31,31,33,33,55,57,57,63,63,63,39,71,69,69,69,65,65,65,35,59,59,59,51,18,18,17,41,0],"gold":407,"neow_bonus":"THREE_ENEMY_KILL","is_prod":false,"is_daily":false,"chose_seed":false,"campfire_upgraded":6,"win_rate":0,"timestamp":1552649534,"path_taken":["M","?","$","?","?","E","$","R","T","R","?","E","?","?","R","BOSS","M","M","$","M","M","R","?","?","T","R","E","M","?","$","R","BOSS","M","?","?","M","?","R","M","R","T","R","M","?","?","M","R","BOSS"],"build_version":"2019-02-06","purchased_purges":1,"victory":false,"max_hp_per_floor":[71,76,76,76,76,76,76,76,76,76,76,76,76,76,76,76,76,76,76,76,76,76,76,76,76,76,76,76,76,82,82,82,82,82,82,82,82,82,82,82,82,82,82,82,82,82,82,82,82,82],"card_choices":[{"not_picked":["Heatsinks","Hologram"],"picked":"Coolheaded","floor":1.0},{"not_picked":["Melter","Compile Driver"],"picked":"Hologram","floor":6.0},{"not_picked":["Static Discharge","Double Energy"],"picked":"Echo Form","floor":12.0},{"not_picked":["Go for the Eyes","Hologram"],"picked":"Gash","floor":13.0},{"not_picked":["Multi-Cast","Fission"],"picked":"Reboot","floor":16.0},{"not_picked":["Beam Cell","Consume"],"picked":"Sunder+1","floor":18.0},{"not_picked":["Compile Driver","Consume"],"picked":"Hello World","floor":19.0},{"not_picked":["Compile Driver","Hyperbeam"],"picked":"Gash","floor":21.0},{"not_picked":["Heatsinks","Turbo"],"picked":"Steam+1","floor":22.0},{"not_picked":["Double Energy","Streamline"],"picked":"Force Field","floor":25.0},{"not_picked":["Sweeping Beam","Barrage"],"picked":"Cold Snap","floor":28.0},{"not_picked":["Glacier","Chill"],"picked":"Blizzard","floor":29},{"not_picked":["Hyperbeam","Biased Cognition"],"picked":"Echo Form","floor":33},{"not_picked":[],"picked":"Gash","floor":35},{"not_picked":["Turbo"],"picked":"SKIP","floor":38},{"not_picked":["Storm"],"picked":"SKIP","floor":41},{"not_picked":[],"picked":"Double Energy+1","floor":45},{"not_picked":[],"picked":"Stack+1","floor":46},{"not_picked":["Rip and Tear"],"picked":"SKIP","floor":48}],"player_experience":2785880,"relics_obtained":[{"floor":6.0,"key":"Blood Vial"},{"floor":9.0,"key":"Ginger"},{"floor":12.0,"key":"Old Coin"},{"floor":26.0,"key":"Art of War"},{"floor":28.0,"key":"Darkstone Periapt"}],"event_choices":[{"damage_healed":0.0,"max_hp_gain":5.0,"max_hp_loss":0.0,"gold_gain":0.0,"event_name":"Big Fish","player_choice":"Donut","floor":2.0,"gold_loss":0.0,"damage_taken":0.0},{"damage_healed":0.0,"max_hp_gain":0.0,"max_hp_loss":0.0,"gold_gain":0.0,"event_name":"Shining Light","player_choice":"Entered Light","floor":4.0,"gold_loss":0.0,"damage_taken":23.0,"cards_upgraded":["Defend_B","Zap"]},{"cards_removed":["Strike_B"],"damage_healed":0.0,"max_hp_gain":0.0,"max_hp_loss":0.0,"gold_gain":0.0,"event_name":"Bonfire Elementals","player_choice":"Offered Basic","floor":11.0,"gold_loss":0.0,"damage_taken":0.0},{"damage_healed":0.0,"max_hp_gain":0.0,"max_hp_loss":0.0,"gold_gain":0.0,"cards_transformed":["Strike_B"],"event_name":"Living Wall","player_choice":"Change","floor":14.0,"gold_loss":0.0,"damage_taken":0.0,"cards_obtained":["Doom and Gloom"]},{"damage_healed":0.0,"max_hp_gain":0.0,"max_hp_loss":0.0,"gold_gain":0.0,"event_name":"Accursed Blacksmith","player_choice":"Forge","floor":24.0,"gold_loss":0.0,"damage_taken":0.0,"cards_upgraded":["Reboot"]},{"damage_healed":0,"gold_gain":0,"player_choice":"Smashed Altar","damage_taken":0,"max_hp_gain":0,"max_hp_loss":0,"event_name":"Forgotten Altar","floor":30,"gold_loss":0,"cards_obtained":["Decay"]},{"cards_removed":["Hello World"],"damage_healed":0,"gold_gain":0,"player_choice":"Removed Power","damage_taken":0,"max_hp_gain":0,"max_hp_loss":0,"event_name":"Falling","floor":36,"gold_loss":0},{"damage_healed":0,"gold_gain":0,"player_choice":"Ignored","damage_taken":0,"max_hp_gain":0,"max_hp_loss":0,"event_name":"Tomb of Lord Red Mask","floor":37,"gold_loss":0},{"damage_healed":0,"gold_gain":0,"player_choice":"Ignored","damage_taken":0,"max_hp_gain":0,"max_hp_loss":0,"event_name":"Mysterious Sphere","floor":47,"gold_loss":0}],"is_beta":true,"boss_relics":[{"not_picked":["Calling Bell","Lizard Tail"],"picked":"Ectoplasm"},{"not_picked":["Black Star","Orrery"],"picked":"Busted Crown"}],"items_purged_floors":[31],"is_endless":false,"potions_floor_spawned":[1,12,16,22,28,29,38,41,45],"killed_by":"Awakened One","ascension_level":20}