{"gold_per_floor":[111,111,126,76,76,76,41,60,140,153,153,180,193,220,220,324,324,337,367,367,382,125,151,151,151,174,209,209,271,321,338,338,338],"floor_reached":33,"playtime":1421,"items_purged":["Shame"],"score":479,"play_id":"12172515-4629-4eed-a765-f8066e99c43a","local_time":"20190303224656","is_ascension_mode":true,"campfire_choices":[{"data":"True Grit","floor":6,"key":"SMITH"},{"data":"Disarm","floor":11,"key":"SMITH"},{"data":"Shockwave","floor":15,"key":"SMITH"},{"data":"Apotheosis","floor":25,"key":"SMITH"},{"data":"Inflame","floor":28,"key":"SMITH"},{"floor":32,"key":"REST"}],"neow_cost":"TEN_PERCENT_HP_LOSS","seed_source_timestamp":1102861307540895,"circlet_count":0,"master_deck":["AscendersBane","Bash","True Grit+1","Disarm+1","Rampage","Pommel Strike","Feed","Shockwave+1","Dual Wield","Feed","Warcry","Heavy Blade","Dropkick","Wild Strike","Body Slam","Clothesline","Carnage","Infernal Blade","True Grit","Apotheosis+1","Disarm","Inflame+1","Pummel","Iron Wave+1"],"relics":["Burning Blood","Champion Belt","Pantograph","Darkstone Periapt","Meat on the Bone","Oddly Smooth Stone","Pandora\u0027s Box","Tiny Chest","Regal Pillow","SsserpentHead","Orichalcum","Blood Vial"],"potions_floor_usage":[10,12,18,23,27,31],"damage_taken":[{"damage":6,"enemies":"Cultist","floor":1,"turns":4},{"damage":3,"enemies":"2 Louse","floor":3,"turns":4},{"damage":4,"enemies":"Small Slimes","floor":8,"turns":5},{"damage":1,"enemies":"Exordium Wildlife","floor":10,"turns":4},{"damage":28,"enemies":"Gremlin Nob","floor":12,"turns":4},{"damage":27,"enemies":"Large Slime","floor":13,"turns":6},{"damage":28,"enemies":"Lagavulin","floor":14,"turns":9},{"damage":42,"enemies":"The Guardian","floor":16,"turns":15},{"damage":21,"enemies":"Shell Parasite","floor":18,"turns":4},{"damage":2,"enemies":"Chosen","floor":21,"turns":4},{"damage":51,"enemies":"Gremlin Leader","floor":23,"turns":6},{"damage":22,"enemies":"Slavers","floor":27,"turns":4},{"damage":24,"enemies":"Snecko","floor":29,"turns":5},{"damage":9,"enemies":"Snake Plant","floor":31,"turns":6},{"damage":111,"enemies":"Automaton","floor":33,"turns":10}],"seed_played":"-6879408308802611848","potions_obtained":[{"floor":3,"key":"AttackPotion"},{"floor":8,"key":"Poison Potion"},{"floor":13,"key":"Weak Potion"},{"floor":16,"key":"Energy Potion"},{"floor":18,"key":"Swift Potion"},{"floor":23,"key":"Explosive Potion"}],"is_trial":false,"path_per_floor":["M","$","M","?","?","R","$","M","T","M","R","E","M","E","R","B",null,"M","?","$","M","$","E","?","R","T","E","R","M","?","M","R","B"],"character_chosen":"IRONCLAD","items_purchased":["Disarm","Apotheosis"],"campfire_rested":1,"item_purchase_floors":[7,22],"current_hp_per_floor":[72,72,72,72,69,69,69,71,71,72,72,50,41,34,34,38,68,56,62,62,69,69,36,36,36,36,40,40,36,16,27,72,0],"gold":338,"neow_bonus":"ONE_RARE_RELIC","is_prod":false,"is_daily":false,"chose_seed":false,"campfire_upgraded":5,"win_rate":0,"timestamp":1551671216,"path_taken":["M","$","?","?","?","R","?","M","T","M","R","E","M","E","R","BOSS","M","?","$","M","$","E","?","R","T","E","R","?","?","M","R","BOSS"],"build_version":"2019-01-23","purchased_purges":1,"victory":false,"max_hp_per_floor":[72,72,72,72,72,72,72,72,72,72,72,72,72,75,75,78,78,81,87,87,90,90,90,90,90,90,98,98,98,103,103,103,103],"card_choices":[{"not_picked":["Flex","Heavy Blade","Second Wind"],"picked":"SKIP","floor":1},{"not_picked":["Searing Blow","Sentinel"],"picked":"True Grit","floor":3},{"not_picked":["Rupture","Perfected Strike"],"picked":"Rampage","floor":8},{"not_picked":["Fire Breathing","Intimidate"],"picked":"Pommel Strike","floor":10},{"not_picked":["Havoc","Anger"],"picked":"Feed","floor":12},{"not_picked":["Twin Strike","Hemokinesis"],"picked":"Shockwave","floor":13},{"not_picked":["Sword Boomerang","Cleave"],"picked":"Dual Wield","floor":14},{"not_picked":["Fiend Fire","Dark Embrace"],"picked":"Feed","floor":16},{"not_picked":["Power Through","Perfected Strike","Havoc"],"picked":"SKIP","floor":18},{"not_picked":["Heavy Blade","Sentinel"],"picked":"True Grit","floor":21},{"not_picked":["Armaments","Spot Weakness"],"picked":"Disarm","floor":23},{"not_picked":["Headbutt","Sever Soul"],"picked":"Inflame","floor":27},{"not_picked":["True Grit","Infernal Blade+1"],"picked":"Pummel","floor":29},{"not_picked":["Carnage","Clash"],"picked":"Iron Wave+1","floor":31}],"player_experience":167566,"relics_obtained":[{"floor":9,"key":"Darkstone Periapt"},{"floor":12,"key":"Meat on the Bone"},{"floor":14,"key":"Oddly Smooth Stone"},{"floor":23,"key":"Regal Pillow"},{"floor":26,"key":"Orichalcum"},{"floor":27,"key":"Blood Vial"}],"event_choices":[{"cards_removed":["Strike_R"],"damage_healed":0,"gold_gain":0,"player_choice":"Card Removal","damage_taken":0,"max_hp_gain":0,"max_hp_loss":0,"event_name":"The Cleric","floor":4,"gold_loss":50},{"damage_healed":0,"gold_gain":0,"player_choice":"Success","damage_taken":3,"relics_obtained":["Pantograph"],"max_hp_gain":0,"max_hp_loss":0,"event_name":"Scrap Ooze","floor":5,"gold_loss":0},{"damage_healed":0,"gold_gain":0,"player_choice":"Stole Relic","damage_taken":0,"relics_obtained":["Tiny Chest"],"max_hp_gain":0,"max_hp_loss":0,"event_name":"Addict","floor":19,"gold_loss":0,"cards_obtained":["Shame"]},{"damage_healed":0,"gold_gain":0,"player_choice":"Trade","damage_taken":0,"relics_obtained":["SsserpentHead"],"max_hp_gain":0,"max_hp_loss":0,"event_name":"FaceTrader","floor":24,"gold_loss":0},{"damage_healed":0,"gold_gain":0,"player_choice":"Shed Blood","damage_taken":25,"max_hp_gain":5,"max_hp_loss":0,"event_name":"Forgotten Altar","floor":30,"gold_loss":0}],"is_beta":false,"boss_relics":[{"not_picked":["Sozu","Black Blood"],"picked":"Pandora\u0027s Box"}],"items_purged_floors":[22],"is_endless":false,"potions_floor_spawned":[3,8,13,16,18,21,23],"killed_by":"Automaton","ascension_level":11}