{"gold_per_floor":[114,189,189,204,219,249,249,158],"floor_reached":8,"playtime":472,"items_purged":[],"score":81,"play_id":"02f1c923-13f9-4786-879b-9ada1580174e","local_time":"20190819192530","daily_mods":["Draft","Colorless Cards","Lethality"],"is_ascension_mode":false,"campfire_choices":[{"data":"Blade Dance","floor":7,"key":"SMITH"}],"neow_cost":"","seed_source_timestamp":0,"circlet_count":0,"master_deck":["Expertise","Sucker Punch","Expertise","Deflect","Backflip","PiercingWail","Flying Knee","Blur","Deflect","Quick Slash","Bane","Escape Plan","Slice","Underhanded Strike","Deep Breath","Blade Dance+1","Slice","Prepared","Accuracy","Blade Dance"],"special_seed":18127,"relics":["Ring of the Snake","Snake Skull"],"potions_floor_usage":[],"damage_taken":[{"damage":0,"enemies":"Small Slimes","floor":1,"turns":2},{"damage":0,"enemies":"Cultist","floor":4,"turns":2},{"damage":0,"enemies":"Jaw Worm","floor":5,"turns":2},{"damage":0,"enemies":"Gremlin Nob","floor":6,"turns":2}],"seed_played":"-1712421257355705167","potions_obtained":[{"floor":4,"key":"Ancient Potion"},{"floor":5,"key":"Block Potion"}],"is_trial":false,"path_per_floor":["M","?","?","M","M","E","R","$"],"character_chosen":"THE_SILENT","items_purchased":["Accuracy","Blade Dance"],"campfire_rested":0,"item_purchase_floors":[8,8],"current_hp_per_floor":[70,59,52,52,52,52,52,52],"gold":158,"neow_bonus":"","is_prod":false,"is_daily":true,"chose_seed":false,"campfire_upgraded":1,"win_rate":0,"timestamp":1566210330,"path_taken":["M","?","?","M","?","E","R","$"],"build_version":"2019-07-17","purchased_purges":0,"victory":false,"max_hp_per_floor":[70,70,70,70,70,70,70,70],"card_choices":[{"not_picked":["Slice","Flying Knee"],"picked":"Expertise","floor":0},{"not_picked":["Quick Slash","All Out Attack"],"picked":"Sucker Punch","floor":0},{"not_picked":["Distraction","Outmaneuver"],"picked":"Expertise","floor":0},{"not_picked":["Poisoned Stab","Leg Sweep"],"picked":"Deflect","floor":0},{"not_picked":["Outmaneuver","Deflect"],"picked":"Backflip","floor":0},{"not_picked":["Masterful Stab","Poisoned Stab"],"picked":"PiercingWail","floor":0},{"not_picked":["PiercingWail","Deflect"],"picked":"Flying Knee","floor":0},{"not_picked":["Quick Slash","Catalyst"],"picked":"Blur","floor":0},{"not_picked":["Cloak And Dagger","Dodge and Roll"],"picked":"Deflect","floor":0},{"not_picked":["Dagger Throw","Deflect"],"picked":"Quick Slash","floor":0},{"not_picked":["Quick Slash","Deadly Poison"],"picked":"Bane","floor":0},{"not_picked":["Poisoned Stab","Underhanded Strike"],"picked":"Escape Plan","floor":0},{"not_picked":["PiercingWail","Expertise"],"picked":"Slice","floor":0},{"not_picked":["Bane","Deadly Poison"],"picked":"Underhanded Strike","floor":0},{"not_picked":["Deadly Poison","Expertise"],"picked":"Deep Breath","floor":0},{"not_picked":["Sucker Punch","Backstab"],"picked":"Blade Dance","floor":1},{"not_picked":["Deadly Poison","Underhanded Strike","Sucker Punch"],"picked":"SKIP","floor":4},{"not_picked":["Underhanded Strike","Poisoned Stab"],"picked":"Slice","floor":5},{"not_picked":["Bouncing Flask","Panacea"],"picked":"Prepared","floor":6}],"player_experience":191855,"relics_obtained":[{"floor":6,"key":"Snake Skull"}],"event_choices":[{"damage_healed":0,"gold_gain":75,"player_choice":"Gather Gold","damage_taken":11,"max_hp_gain":0,"max_hp_loss":0,"event_name":"World of Goop","floor":2,"gold_loss":0},{"damage_healed":0,"gold_gain":0,"player_choice":"Damaged","damage_taken":7,"max_hp_gain":0,"max_hp_loss":0,"event_name":"Wheel of Change","floor":3,"gold_loss":0}],"is_beta":false,"boss_relics":[],"items_purged_floors":[],"is_endless":false,"potions_floor_spawned":[4,5],"ascension_level":0}