{"gold_per_floor":[118,137,137,148,148,183,183,258,285,301,328,328,339,357,357,357],"floor_reached":16,"playtime":498,"items_purged":[],"score":184,"play_id":"8bd56db7-2548-4cbf-a00b-5be6607f546f","local_time":"20190209143833","is_ascension_mode":true,"campfire_choices":[{"data":"Clothesline","floor":7,"key":"SMITH"},{"data":"True Grit","floor":12,"key":"SMITH"},{"data":"Armaments","floor":15,"key":"SMITH"}],"neow_cost":"NONE","seed_source_timestamp":257587857599025,"circlet_count":0,"master_deck":["Strike_R","Strike_R","Strike_R","Strike_R","Strike_R","Defend_R","Defend_R","Defend_R+1","Defend_R+1","Bash","Feed+1","Clothesline+1","Spot Weakness+1","Metallicize","Ghostly Armor","True Grit+1","Battle Trance","Armaments+1","Feed"],"relics":["Burning Blood","War Paint","Bag of Marbles","Bronze Scales"],"potions_floor_usage":[10,11,16,16],"damage_taken":[{"damage":7,"enemies":"Jaw Worm","floor":1,"turns":3},{"damage":0,"enemies":"Small Slimes","floor":2,"turns":3},{"damage":7,"enemies":"2 Louse","floor":4,"turns":3},{"damage":35,"enemies":"Lagavulin","floor":6,"turns":9},{"damage":7,"enemies":"Exordium Thugs","floor":10,"turns":4},{"damage":11,"enemies":"3 Sentries","floor":11,"turns":9},{"damage":3,"enemies":"2 Fungi Beasts","floor":13,"turns":3},{"damage":8,"enemies":"Large Slime","floor":14,"turns":7},{"damage":61,"enemies":"Slime Boss","floor":16,"turns":12}],"seed_played":"6232773218941438315","potions_obtained":[{"floor":1,"key":"Dexterity Potion"},{"floor":6,"key":"Explosive Potion"},{"floor":11,"key":"Poison Potion"},{"floor":13,"key":"Weak Potion"}],"is_trial":false,"path_per_floor":["M","M","?","M","?","E","R","?","T","M","E","R","M","M","R","B"],"character_chosen":"IRONCLAD","items_purchased":[],"campfire_rested":0,"item_purchase_floors":[],"current_hp_per_floor":[82,86,91,93,74,45,45,34,34,37,36,36,43,45,45,0],"gold":357,"neow_bonus":"ONE_RANDOM_RARE_CARD","is_prod":false,"is_daily":false,"chose_seed":false,"campfire_upgraded":3,"win_rate":0,"timestamp":1549741113,"path_taken":["M","M","?","M","?","E","R","?","T","M","E","R","?","M","R","BOSS"],"build_version":"2019-01-23","purchased_purges":0,"victory":false,"max_hp_per_floor":[83,86,91,94,94,94,94,94,94,98,102,102,106,110,110,114],"card_choices":[{"not_picked":["Burning Pact","Twin Strike"],"picked":"Clothesline","floor":1},{"not_picked":["Seeing Red","Inflame"],"picked":"Spot Weakness","floor":2},{"not_picked":["Flex","Cleave"],"picked":"Metallicize","floor":4},{"not_picked":["Iron Wave","Warcry"],"picked":"Ghostly Armor","floor":6},{"not_picked":["Bloodletting","Flex"],"picked":"True Grit","floor":10},{"not_picked":["Anger","Rampage"],"picked":"Battle Trance","floor":11},{"not_picked":["Headbutt","Pommel Strike"],"picked":"Armaments","floor":13},{"not_picked":["Fire Breathing","Clothesline"],"picked":"Feed","floor":14}],"player_experience":48470,"relics_obtained":[{"floor":6,"key":"War Paint"},{"floor":9,"key":"Bag of Marbles"},{"floor":11,"key":"Bronze Scales"}],"event_choices":[{"damage_healed":0,"gold_gain":0,"player_choice":"Donut","damage_taken":0,"max_hp_gain":5,"max_hp_loss":0,"event_name":"Big Fish","floor":3,"gold_loss":0},{"damage_healed":0,"gold_gain":0,"player_choice":"Entered Light","damage_taken":19,"max_hp_gain":0,"max_hp_loss":0,"event_name":"Shining Light","floor":5,"gold_loss":0,"cards_upgraded":["Feed","Defend_R"]},{"damage_healed":0,"gold_gain":75,"player_choice":"Gather Gold","damage_taken":11,"max_hp_gain":0,"max_hp_loss":0,"event_name":"World of Goop","floor":8,"gold_loss":0}],"is_beta":false,"boss_relics":[],"items_purged_floors":[],"is_endless":false,"potions_floor_spawned":[1,6,11,13],"killed_by":"Slime Boss","ascension_level":4}