{"gold_per_floor":[113,133,41,57,57,83,101,128,128,162,42,42,42,52,52,52],"floor_reached":16,"playtime":761,"items_purged":["Strike_G"],"score":121,"play_id":"5f14f670-a1b2-4d6f-b0b5-61515d8569f0","local_time":"20190815121849","is_ascension_mode":true,"campfire_choices":[{"floor":12,"key":"REST"},{"data":"Accuracy","floor":15,"key":"SMITH"}],"neow_cost":"NONE","seed_source_timestamp":100586895467614,"circlet_count":0,"master_deck":["Strike_G","Strike_G","Strike_G","Strike_G","Defend_G","Defend_G","Defend_G","Defend_G","Defend_G","Survivor","Neutralize","PiercingWail","Accuracy+1","Blade Dance","Cloak And Dagger","Backflip","Cloak And Dagger","Blade Dance","Blade Dance"],"relics":["Ring of the Snake","NeowsBlessing","Omamori","Strawberry","Happy Flower","Boot"],"potions_floor_usage":[6,6,16,16],"damage_taken":[{"damage":0,"enemies":"Cultist","floor":1,"turns":1},{"damage":0,"enemies":"Jaw Worm","floor":2,"turns":1},{"damage":0,"enemies":"Small Slimes","floor":4,"turns":1},{"damage":36,"enemies":"Lagavulin","floor":6,"turns":13},{"damage":0,"enemies":"3 Louse","floor":7,"turns":4},{"damage":20,"enemies":"3 Sentries","floor":10,"turns":12},{"damage":19,"enemies":"Exordium Wildlife","floor":14,"turns":6},{"damage":25,"enemies":"Hexaghost","floor":16,"turns":9}],"seed_played":"7459255800957252391","potions_obtained":[{"floor":1,"key":"Energy Potion"},{"floor":2,"key":"EssenceOfSteel"},{"floor":10,"key":"LiquidBronze"},{"floor":14,"key":"Weak Potion"}],"is_trial":false,"path_per_floor":["M","M","$","M","?","E","M","T","T","E","$","R","$","M","R","B"],"character_chosen":"THE_SILENT","items_purchased":["Accuracy","Blade Dance","Blade Dance"],"campfire_rested":1,"item_purchase_floors":[3,3,11],"current_hp_per_floor":[70,70,70,70,70,34,34,41,41,21,21,44,44,25,25,0],"gold":52,"neow_bonus":"THREE_ENEMY_KILL","is_prod":false,"is_daily":false,"chose_seed":false,"campfire_upgraded":1,"win_rate":0,"timestamp":1565839129,"path_taken":["M","M","$","?","?","E","M","?","T","E","$","R","?","?","R","BOSS"],"build_version":"2019-07-17","purchased_purges":1,"victory":false,"max_hp_per_floor":[70,70,70,70,70,70,70,77,77,77,77,77,77,77,77,77],"card_choices":[{"not_picked":["Endless Agony","Quick Slash"],"picked":"PiercingWail","floor":1},{"not_picked":["Underhanded Strike","Masterful Stab","Riddle With Holes"],"picked":"SKIP","floor":2},{"not_picked":["Leg Sweep","Outmaneuver"],"picked":"Cloak And Dagger","floor":4},{"not_picked":["Bane","Slice"],"picked":"Backflip","floor":6},{"not_picked":["PiercingWail","Noxious Fumes"],"picked":"Cloak And Dagger","floor":7},{"not_picked":["Bouncing Flask","Dagger Spray","Sucker Punch"],"picked":"SKIP","floor":10},{"not_picked":["Dodge and Roll","Well Laid Plans"],"picked":"Blade Dance","floor":14}],"player_experience":118685,"relics_obtained":[{"floor":6,"key":"Omamori"},{"floor":8,"key":"Strawberry"},{"floor":9,"key":"Happy Flower"},{"floor":10,"key":"Boot"}],"event_choices":[{"damage_healed":0,"gold_gain":0,"player_choice":"Ignored","damage_taken":0,"max_hp_gain":0,"max_hp_loss":0,"event_name":"Liars Game","floor":5,"gold_loss":0}],"is_beta":false,"boss_relics":[],"items_purged_floors":[11],"is_endless":false,"potions_floor_spawned":[1,2,10,14],"killed_by":"Hexaghost","ascension_level":2}