{"gold_per_floor":[109,61,61,136,136,136,45,45,45,45,89,102,102,115,115,238,238,257,257,382,18,37,37,37,37,64,99,18,49,70,114,114,243,243,263,0,100,113,134,167,192,192,242,242,277,277,291,291,291,291],"floor_reached":51,"playtime":1124,"items_purged":[],"score":1053,"play_id":"acb617c8-2b30-4d0b-aa7b-c606cf515f0f","local_time":"20190215125827","is_ascension_mode":true,"campfire_choices":[{"data":"1","floor":6,"key":"LIFT"},{"data":"2","floor":8,"key":"LIFT"},{"data":"3","floor":10,"key":"LIFT"},{"data":"Heavy Blade","floor":13,"key":"SMITH"},{"data":"Bash","floor":15,"key":"SMITH"},{"data":"Double Tap","floor":23,"key":"SMITH"},{"data":"Whirlwind","floor":25,"key":"SMITH"},{"data":"True Grit","floor":32,"key":"SMITH"},{"data":"Heavy Blade","floor":42,"key":"SMITH"},{"data":"Dual Wield","floor":44,"key":"SMITH"},{"data":"Impervious","floor":46,"key":"SMITH"},{"data":"Sword Boomerang","floor":49,"key":"SMITH"}],"neow_cost":"PERCENT_DAMAGE","seed_source_timestamp":0,"circlet_count":0,"master_deck":["Strike_R","Strike_R","Strike_R","Strike_R","Defend_R","Defend_R","Defend_R","Defend_R","Bash+1","Twin Strike","Shrug It Off","Whirlwind+1","Heavy Blade+1","Evolve","Shrug It Off","Shrug It Off","Double Tap+1","Writhe","Demon Form+1","Flame Barrier+1","Metallicize+1","Demon Form+1","Dual Wield+1","True Grit+1","Heavy Blade+1","Impervious+1","Sword Boomerang+1"],"special_seed":0,"relics":["Burning Blood","Girya","Golden Idol","Mercury Hourglass","Bag of Preparation","Busted Crown","Frozen Egg 2","Incense Burner","Mummified Hand","PreservedInsect","Oddly Smooth Stone","Ancient Tea Set","Strawberry","Boot","Snecko Eye","Red Mask","Pear","Dream Catcher","Turnip"],"potions_floor_usage":[20,29,31,33,50],"damage_taken":[{"damage":2.0,"enemies":"2 Louse","floor":1.0,"turns":4.0},{"damage":0,"enemies":"Gremlin Nob","floor":11,"turns":2},{"damage":0,"enemies":"Cultist","floor":12,"turns":2},{"damage":0,"enemies":"Jaw Worm","floor":14,"turns":2},{"damage":38,"enemies":"The Guardian","floor":16,"turns":11},{"damage":0,"enemies":"Chosen","floor":18,"turns":3},{"damage":8,"enemies":"Colosseum Slavers","floor":20,"turns":3},{"damage":7,"enemies":"Colosseum Nobs","floor":20,"turns":3},{"damage":6,"enemies":"Shell Parasite","floor":22,"turns":4},{"damage":7,"enemies":"Slavers","floor":27,"turns":3},{"damage":1,"enemies":"Gremlin Leader","floor":29,"turns":3},{"damage":9,"enemies":"Chosen and Byrds","floor":30,"turns":4},{"damage":20,"enemies":"Book of Stabbing","floor":31,"turns":5},{"damage":22,"enemies":"Automaton","floor":33,"turns":6},{"damage":3,"enemies":"3 Shapes","floor":35,"turns":3},{"damage":0,"enemies":"Orb Walker","floor":38,"turns":3},{"damage":6,"enemies":"3 Darklings","floor":39,"turns":2},{"damage":0,"enemies":"Giant Head","floor":40,"turns":3},{"damage":5,"enemies":"4 Shapes","floor":41,"turns":3},{"damage":3,"enemies":"Nemesis","floor":45,"turns":5},{"damage":25,"enemies":"Spire Growth","floor":47,"turns":4},{"damage":16,"enemies":"Time Eater","floor":50,"turns":7}],"seed_played":"1075938025698692909","potions_obtained":[{"floor":11,"key":"FearPotion"},{"floor":12,"key":"Block Potion"},{"floor":14,"key":"Explosive Potion"},{"floor":18,"key":"Fire Potion"},{"floor":22,"key":"Weak Potion"},{"floor":29,"key":"Regen Potion"},{"floor":31,"key":"Block Potion"},{"floor":33,"key":"Weak Potion"},{"floor":35,"key":"Fire Potion"},{"floor":45,"key":"LiquidBronze"},{"floor":47,"key":"Strength Potion"}],"is_trial":false,"path_per_floor":["M","$","?","?","$","R","$","R","T","R","E","M","R","M","R","B",null,"M","?","?","$","M","R","?","R","T","E","$","E","M","E","R","B",null,"M","?","?","M","M","E","M","R","T","R","E","R","M","?","R","B",null],"character_chosen":"IRONCLAD","items_purchased":["Shrug It Off","Whirlwind","Heavy Blade","Demon Form+1","Flame Barrier","PreservedInsect","Dual Wield","True Grit"],"campfire_rested":0,"item_purchase_floors":[2,7,7,21,21,21,28,28],"current_hp_per_floor":[60,60,60,53,53,53,53,53,53,53,59,65,65,71,71,39,65,71,71,68,68,68,68,68,68,68,67,67,79,76,62,62,60,76,79,79,79,81,81,91,91,91,91,91,91,91,72,72,72,62],"gold":291,"neow_bonus":"ONE_RARE_RELIC","is_prod":false,"is_daily":false,"chose_seed":false,"campfire_upgraded":9,"win_rate":0,"timestamp":1550253507,"path_taken":["M","$","?","?","$","R","$","R","T","R","E","M","R","M","R","BOSS","M","?","?","?","?","R","?","R","T","E","$","E","M","E","R","BOSS","M","?","?","?","M","E","M","R","T","R","E","R","M","?","R","BOSS"],"build_version":"2019-01-23","purchased_purges":0,"victory":true,"max_hp_per_floor":[80,80,74,74,74,74,74,74,74,74,74,74,74,74,74,74,74,74,74,74,74,74,74,74,74,74,74,74,81,81,81,81,81,81,81,81,81,81,81,91,91,91,91,91,91,91,91,91,91,91],"card_choices":[{"not_picked":["Iron Wave","Headbutt"],"picked":"Twin Strike","floor":1.0},{"not_picked":["Searing Blow","Blood for Blood"],"picked":"Evolve","floor":11},{"not_picked":["Clash","Feel No Pain"],"picked":"Shrug It Off","floor":12},{"not_picked":["Clothesline","Seeing Red"],"picked":"Shrug It Off","floor":14},{"not_picked":["Dark Embrace","Impervious"],"picked":"Double Tap","floor":16},{"not_picked":["Pommel Strike"],"picked":"SKIP","floor":18},{"not_picked":[],"picked":"Metallicize+1","floor":22},{"not_picked":[],"picked":"Demon Form+1","floor":27},{"not_picked":["Anger+1"],"picked":"SKIP","floor":29},{"not_picked":["Flex"],"picked":"SKIP","floor":30},{"not_picked":[],"picked":"Heavy Blade","floor":31},{"not_picked":[],"picked":"Impervious","floor":33},{"not_picked":["Havoc+1"],"picked":"SKIP","floor":35},{"not_picked":["True Grit"],"picked":"SKIP","floor":38},{"not_picked":["Warcry"],"picked":"SKIP","floor":39},{"not_picked":["Searing Blow+1"],"picked":"SKIP","floor":40},{"not_picked":["Combust+1"],"picked":"SKIP","floor":41},{"not_picked":["Thunderclap"],"picked":"SKIP","floor":45},{"not_picked":[],"picked":"Sword Boomerang","floor":47}],"player_experience":79445,"relics_obtained":[{"floor":9,"key":"Mercury Hourglass"},{"floor":11,"key":"Bag of Preparation"},{"floor":20,"key":"Incense Burner"},{"floor":20,"key":"Mummified Hand"},{"floor":26,"key":"Oddly Smooth Stone"},{"floor":27,"key":"Ancient Tea Set"},{"floor":29,"key":"Strawberry"},{"floor":31,"key":"Boot"},{"floor":40,"key":"Pear"},{"floor":43,"key":"Dream Catcher"},{"floor":45,"key":"Turnip"}],"event_choices":[{"damage_healed":0.0,"max_hp_gain":0.0,"max_hp_loss":6.0,"gold_gain":0.0,"event_name":"Golden Idol","player_choice":"Lose Max HP","floor":3.0,"gold_loss":0.0,"damage_taken":0.0,"relics_obtained":["Golden Idol"]},{"damage_healed":0.0,"max_hp_gain":0.0,"max_hp_loss":0.0,"gold_gain":75.0,"event_name":"FaceTrader","player_choice":"Touch","floor":4.0,"gold_loss":0.0,"damage_taken":7.0},{"damage_healed":0,"gold_gain":0,"player_choice":"Opened","damage_taken":0,"relics_obtained":["Frozen Egg 2"],"max_hp_gain":0,"max_hp_loss":0,"event_name":"The Mausoleum","floor":19,"gold_loss":0,"cards_obtained":["Writhe"]},{"damage_healed":0,"gold_gain":0,"player_choice":"Fight","damage_taken":0,"max_hp_gain":0,"max_hp_loss":0,"event_name":"Colosseum","floor":20,"gold_loss":0},{"damage_healed":0,"gold_gain":0,"player_choice":"Fought Nobs","damage_taken":0,"max_hp_gain":0,"max_hp_loss":0,"event_name":"Colosseum","floor":20,"gold_loss":0},{"damage_healed":0,"gold_gain":0,"player_choice":"Upgraded","damage_taken":0,"max_hp_gain":0,"max_hp_loss":0,"event_name":"Upgrade Shrine","floor":24,"gold_loss":0,"cards_upgraded":["Flame Barrier"]},{"damage_healed":0,"gold_gain":0,"player_choice":"Paid","damage_taken":0,"relics_obtained":["Red Mask"],"max_hp_gain":0,"max_hp_loss":0,"event_name":"Tomb of Lord Red Mask","floor":36,"gold_loss":263},{"damage_healed":0,"gold_gain":100,"player_choice":"Pray","damage_taken":0,"max_hp_gain":0,"max_hp_loss":0,"event_name":"Golden Shrine","floor":37,"gold_loss":0},{"cards_removed":["Strike_R"],"damage_healed":0,"gold_gain":0,"player_choice":"Removed Attack","damage_taken":0,"max_hp_gain":0,"max_hp_loss":0,"event_name":"Falling","floor":48,"gold_loss":0}],"is_beta":false,"boss_relics":[{"not_picked":["Eternal Feather","Ectoplasm"],"picked":"Busted Crown"},{"not_picked":["Calling Bell","Sozu"],"picked":"Snecko Eye"}],"items_purged_floors":[],"is_endless":false,"potions_floor_spawned":[11,12,14,16,18,20,22,29,31,33,35,45,47],"ascension_level":5}