{"gold_per_floor":[10,10,29,104,123,163,163,199,199,233,233,233,63,88,88,214,214,239,64,89,89,109,109,109,109,109,124,124,138,138,138,138,235,235,252,252,22,122,69,69,69,81,158,158,171,190,202,218,218,218],"floor_reached":50,"playtime":2461,"items_purged":["Defend_B"],"score":473,"play_id":"322dcd92-99f1-4a8d-9aba-8d9353fedf19","local_time":"20190815140707","is_ascension_mode":true,"campfire_choices":[{"data":"Zap","floor":7,"key":"SMITH"},{"floor":11,"key":"REST"},{"floor":15,"key":"REST"},{"floor":23,"key":"REST"},{"data":"Finesse","floor":25,"key":"SMITH"},{"floor":28,"key":"REST"},{"floor":30,"key":"REST"},{"data":"Defragment","floor":32,"key":"SMITH"},{"data":"Redo","floor":40,"key":"SMITH"},{"data":"Good Instincts","floor":41,"key":"SMITH"},{"data":"Go for the Eyes","floor":44,"key":"SMITH"},{"data":"Fission","floor":49,"key":"SMITH"}],"neow_cost":"NO_GOLD","seed_source_timestamp":105383278357720,"circlet_count":0,"master_deck":["Defend_B","Defend_B","Zap+1","Dualcast","Rip and Tear+1","Redo+1","Gash+1","Leap","Beam Cell","FTL","Good Instincts+1","Gash","Electrodynamics","Steam","Finesse+1","Hologram","Go for the Eyes+1","Gash+1","All For One","Streamline+1","Hologram","Injury","Conserve Battery","Fission+1"],"relics":["Cracked Core","Bloody Idol","Bird Faced Urn","Odd Mushroom","Dodecahedron","Incense Burner","Empty Cage","Frozen Egg 2","Cursed Key","Whetstone","WingedGreaves","Shuriken"],"potions_floor_usage":[6,16,27,29,33,45,46,48,50],"damage_taken":[{"damage":3,"enemies":"Small Slimes","floor":1,"turns":3},{"damage":0,"enemies":"2 Louse","floor":3,"turns":2},{"damage":0,"enemies":"Cultist","floor":5,"turns":2},{"damage":6,"enemies":"Gremlin Nob","floor":6,"turns":3},{"damage":13,"enemies":"The Mushroom Lair","floor":8,"turns":4},{"damage":21,"enemies":"3 Sentries","floor":10,"turns":7},{"damage":0,"enemies":"Blue Slaver","floor":14,"turns":3},{"damage":32,"enemies":"The Guardian","floor":16,"turns":11},{"damage":0,"enemies":"Chosen","floor":18,"turns":4},{"damage":15,"enemies":"Shell Parasite","floor":20,"turns":6},{"damage":42,"enemies":"Sentry and Sphere","floor":22,"turns":6},{"damage":47,"enemies":"Snecko","floor":27,"turns":7},{"damage":9,"enemies":"3 Cultists","floor":29,"turns":3},{"damage":34,"enemies":"Collector","floor":33,"turns":8},{"damage":20,"enemies":"Orb Walker","floor":35,"turns":4},{"damage":18,"enemies":"Mind Bloom Boss Battle","floor":38,"turns":7},{"damage":0,"enemies":"3 Shapes","floor":42,"turns":3},{"damage":2,"enemies":"Spire Growth","floor":45,"turns":4},{"damage":16,"enemies":"3 Darklings","floor":46,"turns":4},{"damage":1,"enemies":"Maw","floor":47,"turns":4},{"damage":9,"enemies":"Sphere and 2 Shapes","floor":48,"turns":4},{"damage":74,"enemies":"Donu and Deca","floor":50,"turns":7}],"seed_played":"-6273837477601401252","potions_obtained":[{"floor":1,"key":"SteroidPotion"},{"floor":10,"key":"Explosive Potion"},{"floor":14,"key":"LiquidBronze"},{"floor":18,"key":"Energy Potion"},{"floor":22,"key":"LiquidBronze"},{"floor":29,"key":"GamblersBrew"},{"floor":33,"key":"GamblersBrew"},{"floor":42,"key":"Block Potion"},{"floor":45,"key":"PowerPotion"}],"is_trial":false,"path_per_floor":["M","?","M","?","M","E","R","?","T","E","R","?","$","M","R","B",null,"M","$","M","?","M","R","?","R","T","M","R","M","R","?","R","B",null,"M","?","$","?","$","R","R","M","T","R","M","M","M","M","R","B"],"character_chosen":"DEFECT","items_purchased":["FTL","Good Instincts","Steam","Defragment","Finesse","Whetstone","Hologram"],"campfire_rested":5,"item_purchase_floors":[13,13,19,19,19,37,39],"current_hp_per_floor":[72,54,54,43,43,37,37,24,24,3,25,25,25,25,47,15,75,75,75,62,62,24,46,46,46,46,3,25,20,42,42,42,17,75,62,62,62,49,49,49,49,56,61,61,66,57,63,59,59,0],"gold":218,"neow_bonus":"REMOVE_TWO","is_prod":false,"is_daily":false,"chose_seed":false,"campfire_upgraded":7,"win_rate":0,"timestamp":1565845627,"path_taken":["M","?","M","?","M","E","R","?","T","E","R","?","$","M","R","BOSS","M","?","M","?","M","R","?","R","T","?","R","M","R","?","R","BOSS","M","?","$","?","?","R","R","M","T","R","?","M","M","M","R","BOSS"],"build_version":"2019-07-17","purchased_purges":1,"victory":false,"max_hp_per_floor":[75,75,75,75,75,75,75,75,75,75,75,75,75,75,75,75,75,75,75,75,75,75,75,75,75,75,75,75,75,75,75,75,75,75,75,75,75,75,75,75,75,75,75,75,75,75,75,75,75,75],"card_choices":[{"not_picked":["Go for the Eyes","Rebound"],"picked":"Rip and Tear","floor":1},{"not_picked":["Lockon","Force Field"],"picked":"Redo","floor":3},{"not_picked":["Static Discharge","Steam"],"picked":"Gash","floor":5},{"not_picked":["Stack","Auto Shields","Redo"],"picked":"SKIP","floor":6},{"not_picked":["Thunder Strike","Rebound"],"picked":"Leap","floor":8},{"not_picked":["Consume","Undo"],"picked":"Beam Cell","floor":10},{"not_picked":["Recycle","Ball Lightning"],"picked":"Gash","floor":14},{"not_picked":["Meteor Strike","Thunder Strike"],"picked":"Electrodynamics","floor":16},{"not_picked":["Genetic Algorithm","Rebound+1","Chaos"],"picked":"SKIP","floor":18},{"not_picked":["Compile Driver","Blizzard+1"],"picked":"Hologram","floor":20},{"not_picked":["Gash","Loop","Barrage"],"picked":"SKIP","floor":22},{"not_picked":["Redo","Gash"],"picked":"Go for the Eyes","floor":27},{"not_picked":["Coolheaded","Lockon"],"picked":"Gash+1","floor":29},{"not_picked":["Multi-Cast","Creative AI+1"],"picked":"All For One","floor":33},{"not_picked":["Capacitor+1","Rebound"],"picked":"Streamline+1","floor":35},{"not_picked":["Gash","Streamline","Reinforced Body+1"],"picked":"SKIP","floor":42},{"not_picked":["Sweeping Beam+1","Rebound+1"],"picked":"Conserve Battery","floor":45},{"not_picked":["Rebound+1","Undo+1","Glacier+1"],"picked":"SKIP","floor":46},{"not_picked":["BootSequence","Chill+1","Force Field"],"picked":"SKIP","floor":47},{"not_picked":["Gash","Barrage+1"],"picked":"Fission","floor":48}],"player_experience":123377,"relics_obtained":[{"floor":6,"key":"Bird Faced Urn"},{"floor":8,"key":"Odd Mushroom"},{"floor":9,"key":"Dodecahedron"},{"floor":10,"key":"Incense Burner"},{"floor":26,"key":"Frozen Egg 2"},{"floor":38,"key":"WingedGreaves"},{"floor":43,"key":"Shuriken"}],"event_choices":[{"damage_healed":0,"gold_gain":0,"player_choice":"Take Damage","damage_taken":18,"relics_obtained":["Golden Idol"],"max_hp_gain":0,"max_hp_loss":0,"event_name":"Golden Idol","floor":2,"gold_loss":0},{"damage_healed":0,"gold_gain":75,"player_choice":"Gather Gold","damage_taken":11,"max_hp_gain":0,"max_hp_loss":0,"event_name":"World of Goop","floor":4,"gold_loss":0},{"damage_healed":0,"gold_gain":0,"player_choice":"Fought Mushrooms","damage_taken":0,"max_hp_gain":0,"max_hp_loss":0,"event_name":"Mushrooms","floor":8,"gold_loss":0},{"cards_removed":["Strike_B"],"damage_healed":0,"gold_gain":0,"player_choice":"Offered Basic","damage_taken":0,"max_hp_gain":0,"max_hp_loss":0,"event_name":"Bonfire Elementals","floor":12,"gold_loss":0},{"damage_healed":0,"gold_gain":0,"player_choice":"Ignored","damage_taken":0,"max_hp_gain":0,"max_hp_loss":0,"event_name":"Vampires","floor":21,"gold_loss":0},{"damage_healed":0,"gold_gain":0,"player_choice":"Ignored","damage_taken":0,"max_hp_gain":0,"max_hp_loss":0,"event_name":"The Mausoleum","floor":24,"gold_loss":0},{"damage_healed":0,"gold_gain":0,"player_choice":"Gave Idol","damage_taken":0,"relics_obtained":["Bloody Idol"],"max_hp_gain":0,"max_hp_loss":0,"event_name":"Forgotten Altar","floor":31,"relics_lost":["Golden Idol"],"gold_loss":0},{"cards_removed":["Defragment"],"damage_healed":0,"gold_gain":0,"player_choice":"Removed Power","damage_taken":0,"max_hp_gain":0,"max_hp_loss":0,"event_name":"Falling","floor":36,"gold_loss":0},{"damage_healed":0,"gold_gain":0,"player_choice":"Fight","damage_taken":0,"max_hp_gain":0,"max_hp_loss":0,"event_name":"MindBloom","floor":38,"gold_loss":0}],"is_beta":false,"boss_relics":[{"not_picked":["Velvet Choker","Fusion Hammer"],"picked":"Empty Cage"},{"not_picked":["Runic Dome","Black Star"],"picked":"Cursed Key"}],"items_purged_floors":[37],"is_endless":false,"potions_floor_spawned":[1,10,14,18,22,29,33,42,45],"killed_by":"Donu and Deca","ascension_level":1}