{"gold_per_floor":[119,133,133,149,162,162,182,182,207,234,234,254,254,272,272,272],"floor_reached":16,"playtime":681,"items_purged":[],"score":208,"play_id":"3d7309d6-1885-4901-b351-56708c72d33d","local_time":"20190821225843","is_ascension_mode":true,"campfire_choices":[{"data":"Zap","floor":6.0,"key":"SMITH"},{"data":"Sweeping Beam","floor":8.0,"key":"SMITH"},{"data":"Genetic Algorithm","floor":11.0,"key":"SMITH"},{"data":"Self Repair","floor":13.0,"key":"SMITH"},{"floor":15.0,"key":"RECALL"}],"neow_cost":"NONE","seed_source_timestamp":547804740411211,"circlet_count":0,"master_deck":["AscendersBane","Strike_B","Strike_B","Strike_B","Strike_B","Defend_B","Defend_B","Defend_B","Defend_B","Zap+1","Dualcast","Sweeping Beam+1","BootSequence","Sweeping Beam","Ball Lightning","Core Surge","Genetic Algorithm+1","Self Repair+1","Ball Lightning"],"special_seed":0,"relics":["Cracked Core","NeowsBlessing","CultistMask","Bag of Marbles"],"potions_floor_usage":[16,16,16],"damage_taken":[{"damage":0.0,"enemies":"Small Slimes","floor":1.0,"turns":1.0},{"damage":0.0,"enemies":"Cultist","floor":2.0,"turns":1.0},{"damage":0.0,"enemies":"Jaw Worm","floor":4.0,"turns":1.0},{"damage":6.0,"enemies":"Gremlin Gang","floor":5.0,"turns":3.0},{"damage":0.0,"enemies":"2 Fungi Beasts","floor":7.0,"turns":2.0},{"damage":20.0,"enemies":"Lagavulin","floor":10.0,"turns":5.0},{"damage":10.0,"enemies":"Exordium Thugs","floor":12.0,"turns":3.0},{"damage":0.0,"enemies":"Blue Slaver","floor":14.0,"turns":3.0},{"damage":38,"enemies":"The Guardian","floor":16,"turns":9}],"seed_played":"9047653058543156675","potions_obtained":[{"floor":1.0,"key":"SteroidPotion"},{"floor":4.0,"key":"Strength Potion"},{"floor":10.0,"key":"Poison Potion"},{"floor":14.0,"key":"EntropicBrew"}],"is_trial":false,"path_per_floor":["M","M","?","M","M","R","M","R","T","E","R","M","R","M","R","B"],"character_chosen":"DEFECT","items_purchased":[],"campfire_rested":0,"item_purchase_floors":[],"current_hp_per_floor":[64,64,64,64,58,58,58,58,58,38,38,28,28,38,38,0],"gold":272,"neow_bonus":"THREE_ENEMY_KILL","is_prod":false,"is_daily":false,"chose_seed":false,"campfire_upgraded":4,"win_rate":0,"timestamp":1566453523,"path_taken":["M","M","?","?","M","R","M","R","T","E","R","M","R","M","R","BOSS"],"build_version":"2019-08-15","purchased_purges":0,"victory":false,"max_hp_per_floor":[71,71,71,71,71,71,71,71,71,71,71,71,71,71,71,71],"card_choices":[{"not_picked":["BootSequence","Static Discharge"],"picked":"Sweeping Beam","floor":1.0},{"not_picked":["Sweeping Beam","Hello World"],"picked":"BootSequence","floor":2.0},{"not_picked":["Turbo","Steam"],"picked":"Sweeping Beam","floor":4.0},{"not_picked":["Leap","Conserve Battery"],"picked":"Ball Lightning","floor":5.0},{"not_picked":["FTL","Turbo"],"picked":"Core Surge","floor":7.0},{"not_picked":["Stack","Double Energy"],"picked":"Genetic Algorithm","floor":10.0},{"not_picked":["Force Field","Lockon"],"picked":"Self Repair","floor":12.0},{"not_picked":["Compile Driver","BootSequence"],"picked":"Ball Lightning","floor":14.0}],"player_experience":3033056,"relics_obtained":[{"floor":10.0,"key":"Bag of Marbles"}],"event_choices":[{"damage_healed":0.0,"max_hp_gain":0.0,"max_hp_loss":0.0,"gold_gain":0.0,"event_name":"FaceTrader","player_choice":"Trade","floor":3.0,"gold_loss":0.0,"damage_taken":0.0,"relics_obtained":["CultistMask"]}],"is_beta":true,"boss_relics":[],"items_purged_floors":[],"is_endless":false,"potions_floor_spawned":[1,4,10,14],"killed_by":"The Guardian","ascension_level":20}