{"gold_per_floor":[362,24,24,24,24,24,58,58,58,58,58,133,148,172,172,296,296,317,317,337,355,355,355,380,380,380,394,65,86,126,150,150,279,279,294,308,10,10,34,34,47,47,47,62,80,80,80,113,113,113],"floor_reached":51,"playtime":2781,"items_purged":["Writhe"],"score":747,"play_id":"5d33513a-d012-406a-892a-2693e74bd0b2","local_time":"20190808024500","is_ascension_mode":false,"campfire_choices":[{"data":"Infinite Blades","floor":6.0,"key":"SMITH"},{"data":"Neutralize","floor":8.0,"key":"SMITH"},{"data":"Footwork","floor":10.0,"key":"SMITH"},{"data":"Riddle With Holes","floor":15.0,"key":"SMITH"},{"data":"After Image","floor":23.0,"key":"SMITH"},{"data":"A Thousand Cuts","floor":25.0,"key":"SMITH"},{"data":"Accuracy","floor":32.0,"key":"SMITH"},{"data":"A Thousand Cuts","floor":40.0,"key":"SMITH"},{"data":"Wraith Form v2","floor":42.0,"key":"SMITH"},{"data":"Footwork","floor":46,"key":"SMITH"},{"data":"Caltrops","floor":49,"key":"SMITH"}],"neow_cost":"CURSE","seed_source_timestamp":11867051661260,"circlet_count":0,"master_deck":["Survivor","Neutralize+1","Clumsy","Footwork+1","Infinite Blades+1","Riddle With Holes+1","Dagger Spray","Glass Knife","Bullet Time","Accuracy","After Image+1","A Thousand Cuts+1","Caltrops+1","Dodge and Roll","Slice","Finisher","Wraith Form v2+1","Footwork+1","Cloak And Dagger","Dodge and Roll+1","Riddle With Holes+1","Venomology","Accuracy+1","Riddle With Holes","Acrobatics+1","Caltrops","A Thousand Cuts+1","Accuracy+1","Well Laid Plans","Parasite","Expertise+1","Dodge and Roll+1","Blade Dance+1","Terror+1","Crippling Poison+1"],"special_seed":0,"relics":["Ring of the Serpent","Mummified Hand","Bag of Marbles","Golden Idol","Ninja Scroll","Sundial","Pandora\u0027s Box","Meat on the Bone","Gremlin Horn","Incense Burner","Ornamental Fan","Oddly Smooth Stone","Question Card","War Paint"],"potions_floor_usage":[45,48,50,50,50,50],"damage_taken":[{"damage":0.0,"enemies":"Small Slimes","floor":1.0,"turns":3.0},{"damage":20.0,"enemies":"3 Sentries","floor":7.0,"turns":15.0},{"damage":0.0,"enemies":"2 Louse","floor":13.0,"turns":2.0},{"damage":0.0,"enemies":"Jaw Worm","floor":14.0,"turns":2.0},{"damage":9.0,"enemies":"Slime Boss","floor":16.0,"turns":9.0},{"damage":1.0,"enemies":"3 Byrds","floor":18.0,"turns":3.0},{"damage":0.0,"enemies":"Chosen","floor":20.0,"turns":3.0},{"damage":0.0,"enemies":"Snecko","floor":21.0,"turns":2.0},{"damage":4.0,"enemies":"Cultist and Chosen","floor":24.0,"turns":5.0},{"damage":0.0,"enemies":"3 Cultists","floor":27.0,"turns":2.0},{"damage":19.0,"enemies":"Snake Plant","floor":29.0,"turns":5.0},{"damage":0.0,"enemies":"Gremlin Leader","floor":30.0,"turns":5.0},{"damage":0.0,"enemies":"Shelled Parasite and Fungi","floor":31.0,"turns":2.0},{"damage":21.0,"enemies":"Champ","floor":33.0,"turns":10.0},{"damage":0.0,"enemies":"Orb Walker","floor":35.0,"turns":2.0},{"damage":0.0,"enemies":"3 Shapes","floor":36.0,"turns":2.0},{"damage":0.0,"enemies":"Writhing Mass","floor":39.0,"turns":6.0},{"damage":0.0,"enemies":"Spire Growth","floor":41.0,"turns":4.0},{"damage":0,"enemies":"Transient","floor":44,"turns":5},{"damage":0,"enemies":"Writhing Mass","floor":45,"turns":4},{"damage":0,"enemies":"Nemesis","floor":48,"turns":5},{"damage":28,"enemies":"Awakened One","floor":50,"turns":9}],"seed_played":"-1567529480745521054","potions_obtained":[{"floor":7.0,"key":"GhostInAJar"},{"floor":16.0,"key":"SteroidPotion"},{"floor":20.0,"key":"Block Potion"},{"floor":27.0,"key":"Ancient Potion"},{"floor":30.0,"key":"GamblersBrew"},{"floor":33.0,"key":"Dexterity Potion"},{"floor":45,"key":"PowerPotion"}],"is_trial":false,"path_per_floor":["M","$","?","?","?","R","E","R","T","R","$","?","M","M","R","B",null,"M","?","M","M","?","R","M","R","T","M","$","M","E","M","R","B",null,"M","M","$","?","M","R","M","R","T","M","M","R","?","E","R","B",null],"character_chosen":"THE_SILENT","items_purchased":["Mummified Hand","Infinite Blades","Accuracy","Incense Burner","Well Laid Plans","Oddly Smooth Stone"],"campfire_rested":0,"item_purchase_floors":[2,2,28,28,37,37],"current_hp_per_floor":[70,70,63,45,45,45,25,25,25,25,25,14,14,14,14,5,65,64,64,64,64,64,64,60,60,60,60,60,41,41,41,41,32,65,65,65,65,62,62,62,62,62,62,62,62,62,62,62,62,34],"gold":113,"neow_bonus":"TWO_FIFTY_GOLD","is_prod":false,"is_daily":false,"chose_seed":false,"campfire_upgraded":11,"win_rate":0,"timestamp":1565253900,"path_taken":["M","$","?","?","?","R","E","R","T","R","?","?","?","M","R","BOSS","M","?","M","M","?","R","M","R","T","M","$","M","E","M","R","BOSS","M","M","$","?","M","R","M","R","T","M","M","R","?","E","R","BOSS"],"build_version":"2019-07-17","purchased_purges":1,"victory":true,"max_hp_per_floor":[70,70,70,70,65,65,65,65,65,65,65,65,65,65,65,65,65,65,65,65,65,65,65,65,65,65,65,65,65,65,65,65,65,65,65,65,65,62,62,62,62,62,62,62,62,62,62,62,62,62],"card_choices":[{"not_picked":["Cloak And Dagger","Outmaneuver"],"picked":"Footwork","floor":1.0},{"not_picked":["Expertise","Eviscerate","Setup"],"picked":"SKIP","floor":7.0},{"not_picked":["Underhanded Strike","Finisher"],"picked":"Riddle With Holes","floor":13.0},{"not_picked":["Prepared","Endless Agony"],"picked":"Dagger Spray","floor":14.0},{"not_picked":["Grand Finale","Adrenaline"],"picked":"Glass Knife","floor":16.0},{"not_picked":["Flying Knee","Dagger Spray"],"picked":"Footwork","floor":18.0},{"not_picked":["Acrobatics","Dagger Spray"],"picked":"Cloak And Dagger","floor":20.0},{"not_picked":["Quick Slash+1","Distraction"],"picked":"Dodge and Roll","floor":21.0},{"not_picked":["Dodge and Roll+1","Accuracy+1"],"picked":"Riddle With Holes+1","floor":24.0},{"not_picked":["Blur","Bane+1"],"picked":"Venomology","floor":27.0},{"not_picked":["Poisoned Stab","Dodge and Roll"],"picked":"Riddle With Holes","floor":29.0},{"not_picked":["Slice","Dagger Throw"],"picked":"Acrobatics+1","floor":30.0},{"not_picked":["Underhanded Strike","Reflex+1"],"picked":"Caltrops","floor":31.0},{"not_picked":["Malaise","Adrenaline"],"picked":"A Thousand Cuts","floor":33.0},{"not_picked":["Underhanded Strike+1","Dagger Spray"],"picked":"Accuracy+1","floor":35.0},{"not_picked":["Escape Plan","Blade Dance","Deadly Poison+1"],"picked":"SKIP","floor":36.0},{"not_picked":["Escape Plan","Blade Dance","Deadly Poison+1"],"picked":"SKIP","floor":36.0},{"not_picked":["Masterful Stab","Poisoned Stab"],"picked":"Expertise+1","floor":39.0},{"not_picked":["Deadly Poison","Calculated Gamble+1"],"picked":"Dodge and Roll","floor":41.0},{"not_picked":["Blade Dance+1","Tactician","Dodge and Roll","Heel Hook"],"picked":"SKIP","floor":44},{"not_picked":["Tactician","Dodge and Roll","Heel Hook"],"picked":"Blade Dance+1","floor":44},{"not_picked":["Dash+1","Sucker Punch+1","Backflip+1"],"picked":"Terror+1","floor":45},{"not_picked":["Underhanded Strike+1","Sucker Punch","Deadly Poison+1"],"picked":"Crippling Poison+1","floor":48}],"player_experience":1659617,"relics_obtained":[{"floor":7.0,"key":"Ninja Scroll"},{"floor":9.0,"key":"Sundial"},{"floor":26.0,"key":"Gremlin Horn"},{"floor":30.0,"key":"Ornamental Fan"},{"floor":43.0,"key":"Question Card"},{"floor":48,"key":"War Paint"}],"event_choices":[{"cards_removed":["Strike_G"],"damage_healed":0.0,"max_hp_gain":0.0,"max_hp_loss":0.0,"gold_gain":0.0,"event_name":"Golden Wing","player_choice":"Card Removal","floor":3.0,"gold_loss":0.0,"damage_taken":7.0},{"damage_healed":0.0,"max_hp_gain":0.0,"max_hp_loss":0.0,"gold_gain":0.0,"event_name":"Scrap Ooze","player_choice":"Success","floor":4.0,"gold_loss":0.0,"damage_taken":18.0,"relics_obtained":["Bag of Marbles"]},{"damage_healed":0.0,"max_hp_gain":0.0,"max_hp_loss":5.0,"gold_gain":0.0,"event_name":"Golden Idol","player_choice":"Lose Max HP","floor":5.0,"gold_loss":0.0,"damage_taken":0.0,"relics_obtained":["Golden Idol"]},{"damage_healed":0.0,"max_hp_gain":0.0,"max_hp_loss":0.0,"gold_gain":75.0,"event_name":"World of Goop","player_choice":"Gather Gold","floor":12.0,"gold_loss":0.0,"damage_taken":11.0},{"damage_healed":0.0,"max_hp_gain":0.0,"max_hp_loss":0.0,"gold_gain":0.0,"event_name":"Vampires","player_choice":"Ignored","floor":19.0,"gold_loss":0.0,"damage_taken":0.0},{"damage_healed":0.0,"max_hp_gain":0.0,"max_hp_loss":0.0,"gold_gain":0.0,"event_name":"The Mausoleum","player_choice":"Opened","floor":22.0,"gold_loss":0.0,"damage_taken":0.0,"relics_obtained":["Meat on the Bone"],"cards_obtained":["Writhe"]},{"damage_healed":0.0,"max_hp_gain":0.0,"max_hp_loss":3.0,"gold_gain":0.0,"event_name":"Winding Halls","player_choice":"Max HP","floor":38.0,"gold_loss":0.0,"damage_taken":0.0},{"damage_healed":0,"gold_gain":0,"player_choice":"Ignored","damage_taken":0,"max_hp_gain":0,"max_hp_loss":0,"event_name":"NoteForYourself","floor":47,"gold_loss":0}],"is_beta":false,"boss_relics":[{"not_picked":["HoveringKite","Eternal Feather"],"picked":"Pandora\u0027s Box"},{"not_picked":["Velvet Choker","Astrolabe"],"picked":"Ring of the Serpent"}],"items_purged_floors":[37],"is_endless":false,"potions_floor_spawned":[7,16,20,27,30,33,39,41,45],"ascension_level":0}