{"gold_per_floor":[113,113,74,94,105,140,140,170,222,235,248,248,264,277,277,277],"floor_reached":16,"playtime":586,"items_purged":[],"score":211,"play_id":"894e4cc3-7f10-4152-9711-a364d9eefebf","local_time":"20190503090926","is_ascension_mode":true,"campfire_choices":[{"floor":7,"key":"REST"},{"data":"Pummel","floor":12,"key":"SMITH"},{"floor":15,"key":"REST"}],"neow_cost":"NONE","seed_source_timestamp":1955747231438593,"circlet_count":0,"master_deck":["AscendersBane","Strike_R","Strike_R","Strike_R","Strike_R","Strike_R","Defend_R","Defend_R","Defend_R","Defend_R","Bash","Metallicize","Clothesline","Inflame","Pummel+1","Offering","Spot Weakness","Metallicize","Shrug It Off","Cleave","Impervious"],"relics":["Burning Blood","Paper Frog","Bronze Scales","Oddly Smooth Stone"],"potions_floor_usage":[8,16,16],"damage_taken":[{"damage":11,"enemies":"Jaw Worm","floor":1,"turns":6},{"damage":4,"enemies":"Cultist","floor":4,"turns":4},{"damage":8,"enemies":"Small Slimes","floor":5,"turns":2},{"damage":38,"enemies":"3 Sentries","floor":6,"turns":11},{"damage":20,"enemies":"Lagavulin","floor":8,"turns":7},{"damage":24,"enemies":"Exordium Thugs","floor":10,"turns":6},{"damage":6,"enemies":"Blue Slaver","floor":11,"turns":4},{"damage":15,"enemies":"Large Slime","floor":13,"turns":6},{"damage":1,"enemies":"3 Louse","floor":14,"turns":4},{"damage":42,"enemies":"Slime Boss","floor":16,"turns":13}],"seed_played":"1252461056324188589","potions_obtained":[{"floor":1,"key":"Strength Potion"},{"floor":5,"key":"Dexterity Potion"},{"floor":13,"key":"Block Potion"}],"is_trial":false,"path_per_floor":["M","?","$","M","M","E","R","E","T","M","M","R","M","M","R","B"],"character_chosen":"IRONCLAD","items_purchased":["Inflame"],"campfire_rested":2,"item_purchase_floors":[3],"current_hp_per_floor":[63,63,63,65,63,31,53,39,39,21,21,21,12,17,39,0],"gold":277,"neow_bonus":"THREE_CARDS","is_prod":false,"is_daily":false,"chose_seed":false,"campfire_upgraded":1,"win_rate":0,"timestamp":1556888966,"path_taken":["M","?","$","M","M","E","R","E","T","M","M","R","M","M","R","BOSS"],"build_version":"2019-01-23","purchased_purges":0,"victory":false,"max_hp_per_floor":[75,75,75,75,75,75,75,75,75,75,75,75,75,75,75,75],"card_choices":[{"not_picked":["Havoc","Dropkick"],"picked":"Metallicize","floor":0},{"not_picked":["Dual Wield","Heavy Blade"],"picked":"Clothesline","floor":1},{"not_picked":["Cleave","Shrug It Off"],"picked":"Pummel","floor":4},{"not_picked":["Headbutt","Havoc"],"picked":"Offering","floor":5},{"not_picked":["Flex","Second Wind"],"picked":"Spot Weakness","floor":6},{"not_picked":["True Grit","Cleave"],"picked":"Metallicize","floor":8},{"not_picked":["Thunderclap","Whirlwind"],"picked":"Shrug It Off","floor":10},{"not_picked":["Dropkick","Pommel Strike"],"picked":"Cleave","floor":11},{"not_picked":["Clothesline","Wild Strike"],"picked":"Impervious","floor":13},{"not_picked":["Iron Wave","Body Slam","Hemokinesis"],"picked":"SKIP","floor":14}],"player_experience":323591,"relics_obtained":[{"floor":6,"key":"Paper Frog"},{"floor":8,"key":"Bronze Scales"},{"floor":9,"key":"Oddly Smooth Stone"}],"event_choices":[{"damage_healed":0,"gold_gain":0,"player_choice":"0 cards matched","damage_taken":0,"max_hp_gain":0,"max_hp_loss":0,"event_name":"Match and Keep!","floor":2,"gold_loss":0,"cards_obtained":[]}],"is_beta":false,"boss_relics":[],"items_purged_floors":[],"is_endless":false,"potions_floor_spawned":[1,5,6,13],"killed_by":"Slime Boss","ascension_level":17}