{"gold_per_floor":[219,219,28,28,28,28,61,61,61,74,88,88,100,120,120,219,219,233,233,247,93,93,93,112,112,158,190,206,15,15],"floor_reached":30,"playtime":1840,"items_purged":[],"score":310,"play_id":"95366c92-f2c9-4c43-a85f-5b5321779b14","local_time":"20190821224224","is_ascension_mode":true,"campfire_choices":[{"data":"Neutralize","floor":6,"key":"SMITH"},{"data":"Footwork","floor":8,"key":"SMITH"},{"floor":15,"key":"REST"},{"data":"Forethought","floor":23,"key":"SMITH"},{"data":"Night Terror","floor":25,"key":"SMITH"}],"neow_cost":"NONE","seed_source_timestamp":15866164346383,"circlet_count":0,"master_deck":["Strike_G","Defend_G","Defend_G","Defend_G","Defend_G","Survivor","Neutralize+1","Acrobatics","Terror","Footwork+1","Forethought+1","Dash","Dagger Throw","Deadly Poison","Die Die Die","Night Terror+1","Escape Plan","Blur","Concentrate","Doppelganger","Noxious Fumes","Escape Plan","Well Laid Plans"],"relics":["Ring of the Snake","Torii","Shovel","Busted Crown","Anchor","Kunai"],"potions_floor_usage":[14,16,16,20,24,28],"damage_taken":[{"damage":1,"enemies":"2 Louse","floor":1,"turns":3},{"damage":40,"enemies":"3 Sentries","floor":7,"turns":18},{"damage":10,"enemies":"Small Slimes","floor":10,"turns":5},{"damage":0,"enemies":"Cultist","floor":11,"turns":4},{"damage":0,"enemies":"Blue Slaver","floor":13,"turns":3},{"damage":1,"enemies":"Exordium Thugs","floor":14,"turns":5},{"damage":4,"enemies":"Hexaghost","floor":16,"turns":9},{"damage":16,"enemies":"3 Byrds","floor":18,"turns":7},{"damage":0,"enemies":"Chosen","floor":20,"turns":5},{"damage":16,"enemies":"Shelled Parasite and Fungi","floor":24,"turns":10},{"damage":28,"enemies":"Gremlin Leader","floor":27,"turns":7},{"damage":1,"enemies":"Centurion and Healer","floor":28,"turns":12},{"damage":22,"enemies":"Cultist and Chosen","floor":30,"turns":7}],"seed_played":"-8247972860260439648","potions_obtained":[{"floor":10,"key":"Poison Potion"},{"floor":13,"key":"Block Potion"},{"floor":14,"key":"LiquidBronze"},{"floor":16,"key":"Ancient Potion"},{"floor":20,"key":"Regen Potion"},{"floor":24,"key":"Swift Potion"}],"is_trial":false,"path_per_floor":["M","?","$","?","?","R","E","R","T","M","M","?","M","M","R","B",null,"M","?","M","$","?","R","M","R","T","E","M","$","M"],"character_chosen":"THE_SILENT","items_purchased":["Terror","Footwork","Forethought","Escape Plan","Blur","Escape Plan","Well Laid Plans","Strength Potion"],"campfire_rested":1,"item_purchase_floors":[3,3,3,21,21,29,29,29],"current_hp_per_floor":[69,62,62,62,62,62,22,22,22,12,12,12,12,11,32,28,60,44,44,44,44,44,44,43,43,43,15,14,14,0],"gold":15,"neow_bonus":"HUNDRED_GOLD","is_prod":false,"is_daily":false,"chose_seed":false,"campfire_upgraded":4,"win_rate":0,"timestamp":1566394944,"path_taken":["M","?","$","?","?","R","E","R","T","M","?","?","?","M","R","BOSS","M","?","M","$","?","R","M","R","T","E","?","$","?"],"build_version":"2019-07-17","purchased_purges":0,"victory":false,"max_hp_per_floor":[70,70,70,70,70,70,70,70,70,70,70,70,70,70,70,70,70,70,70,70,70,70,70,70,70,70,70,70,70,70],"card_choices":[{"not_picked":["Slice","Flechettes"],"picked":"Acrobatics","floor":1},{"not_picked":["Flying Knee","Bane"],"picked":"Dash","floor":7},{"not_picked":["Deadly Poison","Choke","Riddle With Holes"],"picked":"SKIP","floor":10},{"not_picked":["Masterful Stab","Prepared"],"picked":"Dagger Throw","floor":11},{"not_picked":["Flechettes","Poisoned Stab","Backstab"],"picked":"SKIP","floor":13},{"not_picked":["Flying Knee","Catalyst"],"picked":"Die Die Die","floor":14},{"not_picked":["Venomology","A Thousand Cuts"],"picked":"Night Terror","floor":16},{"not_picked":["Endless Agony"],"picked":"SKIP","floor":18},{"not_picked":["Slice"],"picked":"SKIP","floor":20},{"not_picked":["Flechettes"],"picked":"SKIP","floor":24},{"not_picked":["Setup"],"picked":"SKIP","floor":27},{"not_picked":[],"picked":"Noxious Fumes","floor":28}],"player_experience":214204,"relics_obtained":[{"floor":7,"key":"Torii"},{"floor":9,"key":"Shovel"},{"floor":26,"key":"Anchor"},{"floor":27,"key":"Kunai"}],"event_choices":[{"cards_removed":["Strike_G"],"damage_healed":0,"gold_gain":0,"player_choice":"Card Removal","damage_taken":7,"max_hp_gain":0,"max_hp_loss":0,"event_name":"Golden Wing","floor":2,"gold_loss":0},{"damage_healed":0,"gold_gain":0,"player_choice":"Ignored","damage_taken":0,"max_hp_gain":0,"max_hp_loss":0,"event_name":"Liars Game","floor":4,"gold_loss":0},{"cards_removed":["Defend_G"],"damage_healed":0,"gold_gain":0,"player_choice":"Purged","damage_taken":0,"max_hp_gain":0,"max_hp_loss":0,"event_name":"Purifier","floor":5,"gold_loss":0},{"damage_healed":0,"gold_gain":0,"cards_transformed":["Strike_G"],"player_choice":"Transformed","damage_taken":0,"max_hp_gain":0,"max_hp_loss":0,"event_name":"Transmorgrifier","floor":12,"gold_loss":0,"cards_obtained":["Deadly Poison"]},{"damage_healed":0,"gold_gain":0,"player_choice":"Ignored","damage_taken":0,"max_hp_gain":0,"max_hp_loss":0,"event_name":"Ghosts","floor":19,"gold_loss":0},{"damage_healed":0,"gold_gain":0,"cards_transformed":["Strike_G","Strike_G"],"player_choice":"Became Test Subject","damage_taken":0,"max_hp_gain":0,"max_hp_loss":0,"event_name":"Drug Dealer","floor":22,"gold_loss":0,"cards_obtained":["Concentrate","Doppelganger"]}],"is_beta":false,"boss_relics":[{"not_picked":["Black Star","Calling Bell"],"picked":"Busted Crown"}],"items_purged_floors":[],"is_endless":false,"potions_floor_spawned":[10,13,14,16,20,24],"killed_by":"Cultist and Chosen","ascension_level":5}