{"gold_per_floor":[109,8,24,35,6,41,58,75,75,87,87,87,97,112,112,208,258,274,288,70,18,117,117,1,27,27,361,373,373,373],"floor_reached":30,"playtime":2510,"items_purged":["Pain"],"score":272,"play_id":"fda2e4a8-f965-494f-ab70-8bd782d55512","local_time":"20190827120233","is_ascension_mode":false,"campfire_choices":[{"data":"Armaments","floor":11,"key":"SMITH"},{"floor":15,"key":"REST"},{"floor":23,"key":"RECALL"}],"neow_cost":"NONE","seed_source_timestamp":313506031564187,"circlet_count":0,"master_deck":["Strike_R","Strike_R","Strike_R","Strike_R","Strike_R","Defend_R","Defend_R","Defend_R","Defend_R","Bash","Rampage","Clothesline","Shrug It Off","Shrug It Off","Heavy Blade","Perfected Strike","Uppercut+1","Armaments+1","Flame Barrier","Inflame","Berserk","Sword Boomerang","Second Wind+1","Barricade","Shrug It Off","Inflame","Pommel Strike","Spot Weakness","Pummel","Disarm+1","Regret","Body Slam","Sword Boomerang+1","Shame"],"relics":["Cursed Key","Orichalcum","Kunai","Self Forming Clay","Tiny House","Toxic Egg 2","Blood Vial","Old Coin","Mummified Hand"],"potions_floor_usage":[6,13,16,18,18,25,27],"damage_taken":[{"damage":5,"enemies":"Small Slimes","floor":1,"turns":3},{"damage":0,"enemies":"2 Louse","floor":3,"turns":3},{"damage":0,"enemies":"Cultist","floor":4,"turns":2},{"damage":13,"enemies":"Gremlin Nob","floor":6,"turns":4},{"damage":0,"enemies":"Exordium Wildlife","floor":7,"turns":3},{"damage":0,"enemies":"2 Fungi Beasts","floor":8,"turns":4},{"damage":14,"enemies":"Large Slime","floor":10,"turns":4},{"damage":0,"enemies":"Gremlin Gang","floor":13,"turns":2},{"damage":9,"enemies":"Exordium Thugs","floor":14,"turns":5},{"damage":15,"enemies":"Slime Boss","floor":16,"turns":6},{"damage":24,"enemies":"2 Thieves","floor":18,"turns":3},{"damage":10,"enemies":"Shell Parasite","floor":19,"turns":5},{"damage":16,"enemies":"Book of Stabbing","floor":25,"turns":4},{"damage":22,"enemies":"Slavers","floor":27,"turns":8},{"damage":21,"enemies":"Shelled Parasite and Fungi","floor":28,"turns":8},{"damage":15,"enemies":"Snake Plant","floor":30,"turns":3}],"seed_played":"4916906574531774067","potions_obtained":[{"floor":1,"key":"Energy Potion"},{"floor":3,"key":"SkillPotion"},{"floor":6,"key":"SkillPotion"},{"floor":7,"key":"Fire Potion"},{"floor":10,"key":"FairyPotion"},{"floor":16,"key":"Regen Potion"},{"floor":17,"key":"Explosive Potion"},{"floor":25,"key":"EssenceOfSteel"},{"floor":28,"key":"FairyPotion"}],"is_trial":false,"path_per_floor":["M","$","M","M","?","E","M","M","T","M","R","?","M","M","R","B",null,"M","M","$","$","?","R","$","E","T","E","M","?","M"],"character_chosen":"IRONCLAD","items_purchased":["Clothesline","Shrug It Off","Shrug It Off","Inflame","Pommel Strike","Strength Potion","Spot Weakness","Pummel"],"campfire_rested":1,"item_purchase_floors":[2,2,20,20,20,21,24,24],"current_hp_per_floor":[75,75,75,75,75,62,62,62,62,48,48,48,48,39,63,48,85,69,59,59,59,59,59,59,43,43,23,4,4,0],"gold":373,"neow_bonus":"BOSS_RELIC","is_prod":false,"is_daily":false,"chose_seed":false,"campfire_upgraded":1,"win_rate":0,"timestamp":1566900153,"path_taken":["M","$","M","M","?","E","M","M","T","M","R","?","M","M","R","BOSS","M","M","?","$","?","R","$","E","T","E","M","?","M"],"build_version":"2019-06-28","purchased_purges":1,"victory":false,"max_hp_per_floor":[80,80,80,80,80,80,80,80,80,80,80,80,80,80,80,80,85,85,85,85,85,85,85,85,85,85,85,85,85,85],"card_choices":[{"not_picked":["Seeing Red","Sword Boomerang"],"picked":"Rampage","floor":1},{"not_picked":["Second Wind","Burning Pact","Clash"],"picked":"SKIP","floor":3},{"not_picked":["Havoc","Dropkick"],"picked":"Shrug It Off","floor":4},{"not_picked":["Sword Boomerang","Immolate"],"picked":"Heavy Blade","floor":6},{"not_picked":["Seeing Red","Thunderclap"],"picked":"Perfected Strike","floor":7},{"not_picked":["Wild Strike","Clash"],"picked":"Uppercut","floor":8},{"not_picked":["Sword Boomerang","Combust"],"picked":"Armaments","floor":10},{"not_picked":["Dropkick","Fiend Fire"],"picked":"Flame Barrier","floor":13},{"not_picked":["Burning Pact","Iron Wave"],"picked":"Inflame","floor":14},{"not_picked":["Reaper","Impervious"],"picked":"Berserk","floor":16},{"not_picked":["Thunderclap","Pommel Strike"],"picked":"Sword Boomerang","floor":17},{"not_picked":["True Grit","Hemokinesis+1"],"picked":"Second Wind+1","floor":18},{"not_picked":["Shockwave","Corruption"],"picked":"Barricade","floor":19},{"not_picked":["Second Wind+1","Sentinel"],"picked":"Disarm+1","floor":25},{"not_picked":["Dropkick+1","Intimidate+1"],"picked":"Body Slam","floor":27},{"not_picked":["Corruption","Cleave"],"picked":"Sword Boomerang+1","floor":28}],"player_experience":94251,"relics_obtained":[{"floor":6,"key":"Orichalcum"},{"floor":9,"key":"Kunai"},{"floor":25,"key":"Toxic Egg 2"},{"floor":26,"key":"Blood Vial"},{"floor":27,"key":"Old Coin"}],"event_choices":[{"damage_healed":0,"gold_gain":0,"player_choice":"Left Gold","damage_taken":0,"max_hp_gain":0,"max_hp_loss":0,"event_name":"World of Goop","floor":5,"gold_loss":29},{"damage_healed":0,"gold_gain":0,"player_choice":"Gave Potion","damage_taken":0,"relics_obtained":["Self Forming Clay"],"max_hp_gain":0,"max_hp_loss":0,"event_name":"WeMeetAgain","floor":12,"gold_loss":0},{"damage_healed":0,"gold_gain":99,"player_choice":"Stole From Cult","damage_taken":0,"max_hp_gain":0,"max_hp_loss":0,"event_name":"Nest","floor":22,"gold_loss":0},{"damage_healed":0,"gold_gain":0,"player_choice":"Stole Relic","damage_taken":0,"relics_obtained":["Mummified Hand"],"max_hp_gain":0,"max_hp_loss":0,"event_name":"Addict","floor":29,"gold_loss":0,"cards_obtained":["Shame"]}],"is_beta":true,"boss_relics":[{"not_picked":["Snecko Eye","Runic Cube"],"picked":"Tiny House"}],"items_purged_floors":[20],"is_endless":false,"potions_floor_spawned":[1,3,6,7,10,16,25,28],"killed_by":"Snake Plant","ascension_level":0}