{"gold_per_floor":[119,294,312,325,340,340,340,340,363,162,174,249,249,269,269,370,370,387,398,497,511,527,527,527,527,579,323,338,338,353,353,353,453,453,464,481,34,34,45,45,62,62,116,116,128,128,143,162,162,162],"floor_reached":51,"playtime":2860,"items_purged":["Doubt","Strike_B","Strike_B"],"score":618,"play_id":"3290a300-41a8-4862-b737-93ec4d5de0a5","local_time":"20181012235907","is_ascension_mode":false,"campfire_choices":[{"data":"Zap","floor":6,"key":"SMITH"},{"data":"Doom and Gloom","floor":8,"key":"SMITH"},{"data":"Discovery","floor":13,"key":"SMITH"},{"data":"Capacitor","floor":15,"key":"SMITH"},{"data":"Darkness","floor":23,"key":"SMITH"},{"data":"Electrodynamics","floor":25,"key":"SMITH"},{"data":"Glacier","floor":29,"key":"SMITH"},{"data":"Cold Snap","floor":32,"key":"SMITH"},{"floor":40,"key":"REST"},{"data":"Deep Breath","floor":42,"key":"SMITH"},{"floor":46,"key":"REST"},{"floor":49,"key":"REST"}],"neow_cost":"","seed_source_timestamp":197645733214905,"circlet_count":0,"master_deck":["Strike_B+1","Strike_B","Defend_B","Defend_B","Defend_B","Defend_B","Zap+1","Dualcast+1","Doom and Gloom+1","Cold Snap+1","Darkness+1","Cold Snap","Discovery+1","Capacitor+1","Glacier+1","Electrodynamics+1","Conserve Battery+1","Streamline+1","Capacitor","Bandage Up","Deep Breath+1","Barrage+1","Glacier+1","Ball Lightning+1"],"relics":["FrozenCore","Bag of Marbles","Busted Crown","Bag of Preparation","Strawberry","Symbiotic Virus","Calipers","Dream Catcher"],"potions_floor_usage":[18,22,22,50,50,50],"damage_taken":[{"damage":5,"enemies":"Small Slimes","floor":1,"turns":3},{"damage":4,"enemies":"Cultist","floor":3,"turns":4},{"damage":0,"enemies":"2 Louse","floor":4,"turns":2},{"damage":11,"enemies":"Large Slime","floor":5,"turns":4},{"damage":0,"enemies":"Gremlin Gang","floor":11,"turns":2},{"damage":5,"enemies":"Looter","floor":14,"turns":3},{"damage":8,"enemies":"Hexaghost","floor":16,"turns":10},{"damage":4,"enemies":"Shell Parasite","floor":18,"turns":5},{"damage":3,"enemies":"Spheric Guardian","floor":19,"turns":3},{"damage":2,"enemies":"Snecko","floor":21,"turns":5},{"damage":7,"enemies":"Centurion and Healer","floor":22,"turns":3},{"damage":0,"enemies":"Snake Plant","floor":28,"turns":2},{"damage":3,"enemies":"Sentry and Sphere","floor":30,"turns":4},{"damage":24,"enemies":"Collector","floor":33,"turns":9},{"damage":5,"enemies":"Orb Walker","floor":35,"turns":3},{"damage":15,"enemies":"3 Darklings","floor":36,"turns":4},{"damage":23,"enemies":"Spire Growth","floor":39,"turns":5},{"damage":2,"enemies":"Jaw Worm Horde","floor":41,"turns":5},{"damage":33,"enemies":"3 Darklings","floor":45,"turns":4},{"damage":0,"enemies":"Transient","floor":47,"turns":5},{"damage":5,"enemies":"Maw","floor":48,"turns":7},{"damage":14,"enemies":"Donu and Deca","floor":50,"turns":10}],"seed_played":"1052029320483730511","potions_obtained":[{"floor":1,"key":"PowerPotion"},{"floor":3,"key":"Energy Potion"},{"floor":14,"key":"SkillPotion"},{"floor":21,"key":"AttackPotion"},{"floor":22,"key":"PowerPotion"},{"floor":41,"key":"Energy Potion"},{"floor":47,"key":"EssenceOfSteel"},{"floor":48,"key":"Regen Potion"}],"is_trial":false,"path_per_floor":["M","?","M","M","M","R","?","R","T","$","M","?","R","M","R","B",null,"M","M","?","M","M","R","?","R","T","$","M","R","M","T","R","B",null,"M","M","$","?","M","R","M","R","T","?","M","R","M","M","R","B"],"character_chosen":"DEFECT","items_purchased":["Discovery","Capacitor","Strawberry","Calipers","Capacitor"],"campfire_rested":3,"item_purchase_floors":[10,10,27,37,37],"current_hp_per_floor":[70,70,66,66,55,55,40,40,40,40,40,29,29,24,24,16,75,71,68,68,66,59,59,59,59,59,66,66,66,63,63,63,39,82,77,62,62,52,33,57,59,59,59,59,30,54,58,57,81,82],"gold":162,"neow_bonus":"","is_prod":false,"is_daily":false,"chose_seed":false,"campfire_upgraded":9,"win_rate":0,"timestamp":1539413947,"path_taken":["M","?","M","M","M","R","?","R","T","$","?","?","R","M","R","BOSS","M","M","?","M","M","R","?","R","T","$","M","R","?","?","R","BOSS","M","M","$","?","M","R","M","R","T","?","M","R","M","M","R","BOSS"],"build_version":"2018-10-11","purchased_purges":3,"victory":true,"max_hp_per_floor":[75,75,75,75,75,75,75,75,75,75,75,75,75,75,75,75,75,75,75,75,75,75,75,75,75,75,82,82,82,82,82,82,82,82,82,82,82,82,82,82,82,82,82,82,82,82,82,82,82,82],"card_choices":[{"not_picked":["Recycle","Blizzard"],"picked":"Doom and Gloom","floor":1},{"not_picked":["Compile Driver","Blizzard"],"picked":"Cold Snap","floor":3},{"not_picked":["Hologram","Consume"],"picked":"Darkness","floor":4},{"not_picked":["Compile Driver","Steam Power"],"picked":"Cold Snap","floor":5},{"not_picked":["Sweeping Beam","Rebound"],"picked":"Glacier","floor":11},{"not_picked":["BootSequence","Reprogram"],"picked":"Ball Lightning","floor":14},{"not_picked":["Amplify","Buffer"],"picked":"Electrodynamics","floor":16},{"not_picked":["Rip and Tear+1"],"picked":"SKIP","floor":18},{"not_picked":["Go for the Eyes"],"picked":"SKIP","floor":19},{"not_picked":[],"picked":"Conserve Battery+1","floor":21},{"not_picked":["Genetic Algorithm"],"picked":"SKIP","floor":22},{"not_picked":["Hello World"],"picked":"SKIP","floor":28},{"not_picked":["Sweeping Beam"],"picked":"SKIP","floor":30},{"not_picked":["Undo"],"picked":"SKIP","floor":35},{"not_picked":[],"picked":"Streamline+1","floor":36},{"not_picked":[],"picked":"Bandage Up","floor":38},{"not_picked":[],"picked":"Deep Breath","floor":38},{"not_picked":[],"picked":"Barrage+1","floor":39},{"not_picked":["Gash"],"picked":"SKIP","floor":41},{"not_picked":[],"picked":"Glacier+1","floor":45},{"not_picked":["Streamline"],"picked":"SKIP","floor":47},{"not_picked":[],"picked":"Ball Lightning+1","floor":48}],"player_experience":2524807,"relics_obtained":[{"floor":9,"key":"Bag of Marbles"},{"floor":26,"key":"Bag of Preparation"},{"floor":31,"key":"Symbiotic Virus"},{"floor":43,"key":"Dream Catcher"}],"event_choices":[{"event_name":"Liars Game","player_choice":"agreed","floor":2,"damage_taken":0},{"event_name":"Shining Light","player_choice":"Entered Light","floor":7,"damage_taken":0},{"event_name":"World of Goop","player_choice":"Gather Gold","floor":12,"damage_taken":0},{"event_name":"Nest","player_choice":"Stole From Cult","floor":20,"damage_taken":0},{"event_name":"Vampires","player_choice":"Ignored","floor":24,"damage_taken":0},{"event_name":"SensoryStone","player_choice":"Memory 3","floor":38,"damage_taken":0},{"event_name":"Falling","player_choice":"Removed Attack","floor":44,"damage_taken":0}],"is_beta":true,"boss_relics":[{"not_picked":["Lizard Tail","Orrery"],"picked":"Busted Crown"},{"not_picked":["Runic Dome","Empty Cage"],"picked":"FrozenCore"}],"items_purged_floors":[10,27,37],"is_endless":false,"potions_floor_spawned":[1,3,14,16,21,22,41,45,47,48],"ascension_level":0}