{"gold_per_floor":[117,36,55,70,145,179,179,207,260,260,285,285,303,37,37,37],"floor_reached":16,"playtime":417,"items_purged":[],"score":212,"play_id":"3742d1d9-a676-49af-83fb-413791ec57ef","local_time":"20190416125605","is_ascension_mode":true,"campfire_choices":[{"data":"Defragment","floor":7,"key":"SMITH"},{"floor":10,"key":"REST"},{"floor":12,"key":"REST"},{"data":"Defragment","floor":15,"key":"SMITH"}],"neow_cost":"CURSE","seed_source_timestamp":500583845064950,"circlet_count":0,"master_deck":["AscendersBane","Strike_B","Strike_B","Strike_B","Strike_B","Defend_B","Defend_B","Defend_B","Defend_B","Zap","Dualcast","Injury","Electrodynamics","Defragment+1","Defragment+1","Coolheaded","Defragment","White Noise","Coolheaded","Coolheaded","Glacier"],"relics":["Cracked Core","Oddly Smooth Stone","Smiling Mask","Tiny Chest","Orichalcum","Meat on the Bone"],"potions_floor_usage":[6,11,16],"damage_taken":[{"damage":0,"enemies":"Cultist","floor":1,"turns":3},{"damage":4,"enemies":"Small Slimes","floor":3,"turns":3},{"damage":9,"enemies":"Jaw Worm","floor":4,"turns":4},{"damage":9,"enemies":"Lagavulin","floor":6,"turns":7},{"damage":23,"enemies":"Gremlin Nob","floor":8,"turns":5},{"damage":26,"enemies":"3 Sentries","floor":11,"turns":7},{"damage":0,"enemies":"Large Slime","floor":13,"turns":3},{"damage":24,"enemies":"The Guardian","floor":16,"turns":13}],"seed_played":"4802160509838891712","potions_obtained":[{"floor":1,"key":"Poison Potion"},{"floor":8,"key":"SkillPotion"},{"floor":11,"key":"Energy Potion"},{"floor":13,"key":"Fire Potion"}],"is_trial":false,"path_per_floor":["M","$","M","M","?","E","R","E","T","R","E","R","M","$","R","B"],"character_chosen":"DEFECT","items_purchased":["Defragment","Meat on the Bone"],"campfire_rested":2,"item_purchase_floors":[2,14],"current_hp_per_floor":[64,64,60,51,40,31,31,8,8,29,3,24,24,24,24,0],"gold":37,"neow_bonus":"THREE_RARE_CARDS","is_prod":false,"is_daily":false,"chose_seed":false,"campfire_upgraded":2,"win_rate":0,"timestamp":1555433765,"path_taken":["M","$","M","?","?","E","R","E","T","R","E","R","M","?","R","BOSS"],"build_version":"2019-01-23","purchased_purges":0,"victory":false,"max_hp_per_floor":[71,71,71,71,71,71,71,71,71,71,71,71,71,71,71,71],"card_choices":[{"not_picked":["All For One","Echo Form"],"picked":"Electrodynamics","floor":0},{"not_picked":["Rip and Tear","Steam"],"picked":"Defragment","floor":1},{"not_picked":["Go for the Eyes","Leap"],"picked":"Coolheaded","floor":3},{"not_picked":["Tempest","Redo"],"picked":"Defragment","floor":4},{"not_picked":["Steam Power","Recycle"],"picked":"White Noise","floor":6},{"not_picked":["Beam Cell","Reinforced Body"],"picked":"Coolheaded","floor":8},{"not_picked":["Rebound","Sweeping Beam"],"picked":"Coolheaded","floor":11},{"not_picked":["Auto Shields","Stack"],"picked":"Glacier","floor":13}],"player_experience":298964,"relics_obtained":[{"floor":6,"key":"Oddly Smooth Stone"},{"floor":8,"key":"Smiling Mask"},{"floor":9,"key":"Tiny Chest"},{"floor":11,"key":"Orichalcum"}],"event_choices":[{"damage_healed":0,"gold_gain":75,"player_choice":"Gather Gold","damage_taken":11,"max_hp_gain":0,"max_hp_loss":0,"event_name":"World of Goop","floor":5,"gold_loss":0}],"is_beta":false,"boss_relics":[],"items_purged_floors":[],"is_endless":false,"potions_floor_spawned":[1,8,11,13],"killed_by":"The Guardian","ascension_level":16}