{"gold_per_floor":[113,125,141,141,141,172,185,185,185,212,291,302,302,315,315,417,417,435,5,17,17,17,17,27,27,27,27,37,37,65,78,78,182,182,193,193,206,176,191,222,222,239,266,301,301,328,64,0,0,0],"floor_reached":50,"playtime":1651,"items_purged":["Strike_G"],"score":924,"play_id":"6ce17668-f0a0-4aad-87c0-6f8d3ad79b2e","local_time":"20190302113859","is_ascension_mode":true,"campfire_choices":[{"floor":8,"key":"REST"},{"floor":13,"key":"REST"},{"data":"Catalyst","floor":15,"key":"SMITH"},{"floor":23,"key":"REST"},{"data":"Footwork","floor":25,"key":"SMITH"},{"data":"Backstab","floor":29,"key":"SMITH"},{"floor":32,"key":"REST"},{"data":"Noxious Fumes","floor":41,"key":"SMITH"},{"data":"Burst","floor":45,"key":"SMITH"},{"data":"Malaise","floor":49,"key":"SMITH"}],"neow_cost":"NONE","seed_source_timestamp":0,"circlet_count":0,"master_deck":["AscendersBane","Defend_G+1","Defend_G+1","Defend_G+1","Defend_G+1","Defend_G+1","Strike_G+1","Strike_G+1","Strike_G+1","Strike_G+1","Survivor","Neutralize+1","Caltrops","Sucker Punch","Deadly Poison","Catalyst+1","Escape Plan","Backstab+1","Dagger Spray+1","Footwork+1","Corpse Explosion","Backstab+1","Deflect+1","Endless Agony+1","Burst+1","Leg Sweep+1","Malaise+1","Backflip+1","Deadly Poison+1","PiercingWail+1","Noxious Fumes+1","Footwork+1","Cloak And Dagger","Calculated Gamble"],"special_seed":0,"relics":["Ring of the Snake","Vajra","Question Card","Pear","Bottled Flame","Sozu","Medical Kit","Omamori","Dead Branch","MutagenicStrength","Whetstone","Black Star","Matryoshka","PreservedInsect","Strawberry","Dream Catcher","Gremlin Horn","Boot","Oddly Smooth Stone","MawBank","Lantern","Red Mask"],"potions_floor_usage":[6,6,10,16,16,20],"damage_taken":[{"damage":0.0,"enemies":"Cultist","floor":1.0,"turns":5.0},{"damage":7.0,"enemies":"Jaw Worm","floor":2.0,"turns":4.0},{"damage":0,"enemies":"Small Slimes","floor":3,"turns":3},{"damage":48,"enemies":"Lagavulin","floor":6,"turns":8},{"damage":18,"enemies":"Exordium Thugs","floor":7,"turns":7},{"damage":40,"enemies":"Gremlin Nob","floor":10,"turns":6},{"damage":1,"enemies":"Blue Slaver","floor":12,"turns":3},{"damage":3,"enemies":"Looter","floor":14,"turns":2},{"damage":5,"enemies":"The Guardian","floor":16,"turns":11},{"damage":24,"enemies":"Shell Parasite","floor":18,"turns":7},{"damage":21,"enemies":"2 Thieves","floor":20,"turns":4},{"damage":5,"enemies":"Colosseum Slavers","floor":21,"turns":2},{"damage":0,"enemies":"Snake Plant","floor":24,"turns":3},{"damage":0,"enemies":"3 Cultists","floor":28,"turns":1},{"damage":15,"enemies":"Book of Stabbing","floor":30,"turns":4},{"damage":5,"enemies":"Cultist and Chosen","floor":31,"turns":5},{"damage":41,"enemies":"Automaton","floor":33,"turns":13},{"damage":2,"enemies":"3 Darklings","floor":35,"turns":3},{"damage":1,"enemies":"3 Shapes","floor":37,"turns":4},{"damage":0,"enemies":"3 Darklings","floor":39,"turns":3},{"damage":19,"enemies":"Giant Head","floor":40,"turns":8},{"damage":3,"enemies":"Sphere and 2 Shapes","floor":42,"turns":6},{"damage":0,"enemies":"Nemesis","floor":44,"turns":7},{"damage":54,"enemies":"Time Eater","floor":50,"turns":6}],"seed_played":"4307062447456161008","potions_obtained":[{"floor":2.0,"key":"Energy Potion"},{"floor":5,"key":"FairyPotion"},{"floor":5,"key":"Regen Potion"},{"floor":7,"key":"AttackPotion"},{"floor":10,"key":"GhostInAJar"},{"floor":14,"key":"EssenceOfSteel"},{"floor":16,"key":"Regen Potion"}],"is_trial":false,"path_per_floor":["M","M","M","?","?","E","M","R","T","E","?","M","R","M","R","B",null,"M","$","M","?","?","R","M","R","T","?","M","R","E","M","R","B",null,"M","?","M","?","M","E","R","M","T","E","R","T","$","?","R","B"],"character_chosen":"THE_SILENT","items_purchased":["Medical Kit","Omamori","Lantern","Cloak And Dagger","Calculated Gamble"],"campfire_rested":4,"item_purchase_floors":[19,19,47,47,47],"current_hp_per_floor":[63,56,56,61,61,28,10,32,42,2,2,1,26,23,23,18,68,44,44,37,32,32,57,57,57,57,57,57,57,42,37,62,21,69,67,67,66,66,66,47,47,44,51,51,51,51,51,51,51,0],"gold":0,"neow_bonus":"RANDOM_COMMON_RELIC","is_prod":false,"is_daily":false,"chose_seed":false,"campfire_upgraded":6,"win_rate":0,"timestamp":1551544739,"path_taken":["M","?","M","?","?","E","?","R","T","E","?","M","R","M","R","BOSS","M","$","M","?","?","R","M","R","T","?","?","R","E","M","R","BOSS","M","?","M","?","?","E","R","M","T","E","R","?","$","?","R","BOSS"],"build_version":"2019-01-23","purchased_purges":1,"victory":false,"max_hp_per_floor":[70,70,70,75,75,75,75,75,85,85,85,85,85,85,85,85,85,85,85,85,85,85,85,85,85,85,85,85,85,85,85,85,85,85,85,85,85,85,85,85,85,85,92,92,92,92,92,92,92,92],"card_choices":[{"not_picked":["Bane","Backflip"],"picked":"Caltrops","floor":1.0},{"not_picked":["Setup","Slice"],"picked":"Sucker Punch","floor":2.0},{"not_picked":["Bullet Time","Heel Hook"],"picked":"Deadly Poison","floor":3},{"not_picked":["Caltrops","All Out Attack"],"picked":"Catalyst","floor":6},{"not_picked":["Bane","Deflect","Flechettes"],"picked":"Escape Plan","floor":7},{"not_picked":["PiercingWail","Deflect","Slice"],"picked":"Backstab","floor":10},{"not_picked":["Outmaneuver","Endless Agony","PiercingWail"],"picked":"Dagger Spray","floor":12},{"not_picked":["Backflip","Tactician","Caltrops"],"picked":"Footwork","floor":14},{"not_picked":["Bullet Time","Tools of the Trade","Venomology"],"picked":"Corpse Explosion","floor":16},{"not_picked":["Reflex","Sucker Punch+1","Cloak And Dagger+1"],"picked":"Backstab+1","floor":18},{"not_picked":["Poisoned Stab","Slice","Bouncing Flask"],"picked":"Deflect+1","floor":20},{"not_picked":["Flechettes+1","Poisoned Stab","Blade Dance+1"],"picked":"Dagger Spray+1","floor":24},{"not_picked":["Acrobatics+1","Underhanded Strike","Accuracy"],"picked":"Endless Agony+1","floor":28},{"not_picked":["Dagger Spray","Underhanded Strike+1","Poisoned Stab"],"picked":"Burst","floor":30},{"not_picked":["Blade Dance","Sucker Punch","After Image"],"picked":"Leg Sweep+1","floor":31},{"not_picked":["Grand Finale","Doppelganger","Tools of the Trade"],"picked":"Malaise","floor":33},{"not_picked":["Underhanded Strike+1","Predator+1","Concentrate+1"],"picked":"Backflip+1","floor":35},{"not_picked":["Prepared","Deflect+1","Flying Knee"],"picked":"Deadly Poison+1","floor":37},{"not_picked":["Calculated Gamble","Poisoned Stab","Flying Knee"],"picked":"PiercingWail+1","floor":39},{"not_picked":["Well Laid Plans","Concentrate","Quick Slash+1"],"picked":"Noxious Fumes","floor":40},{"not_picked":["Dagger Throw","Poisoned Stab+1","Terror","Acrobatics+1"],"picked":"SKIP","floor":42},{"not_picked":["Skewer","Outmaneuver","Corpse Explosion"],"picked":"Footwork+1","floor":44}],"player_experience":162590,"relics_obtained":[{"floor":6,"key":"Question Card"},{"floor":9,"key":"Pear"},{"floor":10,"key":"Bottled Flame"},{"floor":26,"key":"Dead Branch"},{"floor":30,"key":"Whetstone"},{"floor":40,"key":"Matryoshka"},{"floor":40,"key":"PreservedInsect"},{"floor":43,"key":"Strawberry"},{"floor":43,"key":"Dream Catcher"},{"floor":44,"key":"Gremlin Horn"},{"floor":44,"key":"Boot"},{"floor":46,"key":"Oddly Smooth Stone"},{"floor":46,"key":"MawBank"}],"event_choices":[{"damage_healed":0,"gold_gain":0,"player_choice":"Donut","damage_taken":0,"max_hp_gain":5,"max_hp_loss":0,"event_name":"Big Fish","floor":4,"gold_loss":0},{"damage_healed":0,"gold_gain":0,"player_choice":"Got Potions","damage_taken":0,"max_hp_gain":0,"max_hp_loss":0,"event_name":"Lab","floor":5,"gold_loss":0},{"damage_healed":0,"gold_gain":79,"player_choice":"Gained Gold","damage_taken":0,"max_hp_gain":0,"max_hp_loss":0,"event_name":"Golden Wing","floor":11,"gold_loss":0},{"damage_healed":0,"gold_gain":0,"player_choice":"Fight","damage_taken":0,"max_hp_gain":0,"max_hp_loss":0,"event_name":"Colosseum","floor":21,"gold_loss":0},{"damage_healed":0,"gold_gain":0,"player_choice":"Fled From Nobs","damage_taken":0,"max_hp_gain":0,"max_hp_loss":0,"event_name":"Colosseum","floor":21,"gold_loss":0},{"damage_healed":0,"gold_gain":0,"player_choice":"Simplicity","damage_taken":0,"max_hp_gain":0,"max_hp_loss":0,"event_name":"Back to Basics","floor":22,"gold_loss":0,"cards_upgraded":["Defend_G","Defend_G","Defend_G","Defend_G","Defend_G","Strike_G","Strike_G","Strike_G","Strike_G"]},{"damage_healed":0,"gold_gain":0,"player_choice":"Inject Mutagens","damage_taken":0,"relics_obtained":["MutagenicStrength"],"max_hp_gain":0,"max_hp_loss":0,"event_name":"Drug Dealer","floor":27,"gold_loss":0},{"cards_removed":["Dagger Spray"],"damage_healed":0,"gold_gain":0,"player_choice":"Removed Attack","damage_taken":0,"max_hp_gain":0,"max_hp_loss":0,"event_name":"Falling","floor":36,"gold_loss":0},{"damage_healed":0,"gold_gain":0,"player_choice":"Bought 2 Potions","damage_taken":0,"max_hp_gain":0,"max_hp_loss":0,"event_name":"The Woman in Blue","floor":38,"gold_loss":0},{"damage_healed":0,"gold_gain":0,"player_choice":"Paid","damage_taken":0,"relics_obtained":["Red Mask"],"max_hp_gain":0,"max_hp_loss":0,"event_name":"Tomb of Lord Red Mask","floor":48,"gold_loss":64}],"is_beta":false,"boss_relics":[{"not_picked":["Eternal Feather","White Beast Statue"],"picked":"Sozu"},{"not_picked":["Pandora\u0027s Box","Runic Dome"],"picked":"Black Star"}],"items_purged_floors":[19],"is_endless":false,"potions_floor_spawned":[2,7,10,14,16,20,28,31,39,42,44],"killed_by":"Time Eater","ascension_level":11}