{"gold_per_floor":[116,116,116,129,54,54,379,529,554,572,592,608,608,216,216,293,293,306,231,250,250,250],"floor_reached":22,"playtime":737,"items_purged":["Doubt"],"score":418,"play_id":"905b56b5-44ad-4fd2-9f71-79d7921ea9c9","local_time":"20190801164653","is_ascension_mode":true,"campfire_choices":[{"data":"Zap","floor":6,"key":"SMITH"},{"data":"Go for the Eyes","floor":13,"key":"SMITH"},{"data":"Discovery","floor":15,"key":"SMITH"}],"neow_cost":"NONE","seed_source_timestamp":509897825368308,"circlet_count":0,"master_deck":["AscendersBane","Defend_B","Defend_B","Defend_B","Zap+1","Dualcast","Go for the Eyes+1","Gash","Capacitor","Cold Snap","Gash","FTL","Discovery+1","All For One","Glacier+1","Coolheaded+1"],"relics":["Cracked Core","NeowsBlessing","Old Coin","OrangePellets","Empty Cage"],"potions_floor_usage":[12,18],"damage_taken":[{"damage":0,"enemies":"2 Louse","floor":1,"turns":1},{"damage":0,"enemies":"Jaw Worm","floor":4,"turns":1},{"damage":0,"enemies":"Lagavulin","floor":7,"turns":1},{"damage":3,"enemies":"Small Slimes","floor":10,"turns":4},{"damage":5,"enemies":"2 Fungi Beasts","floor":11,"turns":4},{"damage":8,"enemies":"Looter","floor":12,"turns":4},{"damage":30,"enemies":"The Guardian","floor":16,"turns":10},{"damage":36,"enemies":"2 Thieves","floor":18,"turns":5},{"damage":17,"enemies":"Spheric Guardian","floor":20,"turns":5},{"damage":8,"enemies":"3 Cultists","floor":22,"turns":2}],"seed_played":"-7063424550704008243","potions_obtained":[{"floor":1,"key":"Energy Potion"},{"floor":4,"key":"SkillPotion"},{"floor":10,"key":"Block Potion"},{"floor":20,"key":"Ancient Potion"}],"is_trial":false,"path_per_floor":["M","?","?","M","?","R","E","?","T","M","M","M","R","$","R","B",null,"M","?","M","?","M"],"character_chosen":"DEFECT","items_purchased":["OrangePellets","Discovery"],"campfire_rested":0,"item_purchase_floors":[14,14],"current_hp_per_floor":[64,57,62,62,62,62,62,62,62,59,54,46,46,46,46,16,61,25,25,8,8,0],"gold":250,"neow_bonus":"THREE_ENEMY_KILL","is_prod":false,"is_daily":false,"chose_seed":false,"campfire_upgraded":3,"win_rate":0,"timestamp":1564703213,"path_taken":["M","?","?","M","?","R","E","?","T","M","M","M","R","$","R","BOSS","M","?","M","?","M"],"build_version":"2019-07-18","purchased_purges":1,"victory":false,"max_hp_per_floor":[71,71,76,76,76,76,76,76,76,76,76,76,76,76,76,76,76,76,76,76,76,76],"card_choices":[{"not_picked":["Double Energy","Undo"],"picked":"Go for the Eyes","floor":1},{"not_picked":["Rebound","Stack"],"picked":"Gash","floor":4},{"not_picked":["Beam Cell","Static Discharge"],"picked":"Capacitor","floor":7},{"not_picked":["Reinforced Body","Hello World"],"picked":"Cold Snap","floor":10},{"not_picked":["Hologram","Recycle"],"picked":"Gash","floor":11},{"not_picked":["Barrage","Compile Driver"],"picked":"FTL","floor":12},{"not_picked":["Biased Cognition","Electrodynamics"],"picked":"All For One","floor":16},{"not_picked":["Steam","Force Field+1"],"picked":"Glacier+1","floor":18},{"not_picked":["Capacitor","Gash"],"picked":"Coolheaded+1","floor":20}],"player_experience":2856014,"relics_obtained":[{"floor":7,"key":"Old Coin"}],"event_choices":[{"cards_removed":["Strike_B"],"damage_healed":0,"gold_gain":0,"player_choice":"Card Removal","damage_taken":7,"max_hp_gain":0,"max_hp_loss":0,"event_name":"Golden Wing","floor":2,"gold_loss":0},{"damage_healed":0,"gold_gain":0,"player_choice":"Donut","damage_taken":0,"max_hp_gain":5,"max_hp_loss":0,"event_name":"Big Fish","floor":3,"gold_loss":0},{"cards_removed":["Strike_B"],"damage_healed":0,"gold_gain":0,"player_choice":"Card Removal","damage_taken":0,"max_hp_gain":0,"max_hp_loss":0,"event_name":"The Cleric","floor":5,"gold_loss":75},{"damage_healed":0,"gold_gain":150,"player_choice":"AGREE","damage_taken":0,"max_hp_gain":0,"max_hp_loss":0,"event_name":"Liars Game","floor":8,"gold_loss":0,"cards_obtained":["Doubt"]},{"cards_removed":["Defend_B"],"damage_healed":0,"gold_gain":0,"player_choice":"Gave Gold","damage_taken":0,"max_hp_gain":0,"max_hp_loss":0,"event_name":"Beggar","floor":19,"gold_loss":75},{"damage_healed":0,"gold_gain":0,"player_choice":"Ignored","damage_taken":0,"max_hp_gain":0,"max_hp_loss":0,"event_name":"Vampires","floor":21,"gold_loss":0}],"is_beta":true,"boss_relics":[{"not_picked":["Fusion Hammer","Runic Dome"],"picked":"Empty Cage"}],"items_purged_floors":[14],"is_endless":false,"potions_floor_spawned":[1,4,10,11,20],"killed_by":"3 Cultists","ascension_level":20}