{"gold_per_floor":[111,111,128,144,162,197,197,197,245,245,275,307,326,70,70,70],"floor_reached":16,"playtime":712,"items_purged":["Strike_R"],"score":160,"play_id":"35895fb3-0abf-4a7e-8f08-583659d00317","local_time":"20190811053020","is_ascension_mode":false,"campfire_choices":[{"floor":8,"key":"REST"},{"data":"Heavy Blade","floor":10,"key":"SMITH"},{"floor":15,"key":"REST"}],"neow_cost":"NONE","seed_source_timestamp":71908442082788,"circlet_count":0,"master_deck":["Strike_R+1","Strike_R","Strike_R","Strike_R","Defend_R","Defend_R","Defend_R","Defend_R","Bash","Feed+1","Corruption+1","Heavy Blade+1","Heavy Blade","Warcry","Burning Pact","Headbutt","Seeing Red","Bloodletting"],"relics":["Burning Blood","Pear","Potion Belt","Strawberry","Omamori","Blood Vial"],"potions_floor_usage":[6,16],"damage_taken":[{"damage":0,"enemies":"Small Slimes","floor":1,"turns":3},{"damage":4,"enemies":"Cultist","floor":3,"turns":4},{"damage":0,"enemies":"2 Louse","floor":4,"turns":3},{"damage":14,"enemies":"Blue Slaver","floor":5,"turns":4},{"damage":52,"enemies":"Gremlin Nob","floor":6,"turns":6},{"damage":52,"enemies":"3 Sentries","floor":12,"turns":9},{"damage":3,"enemies":"2 Fungi Beasts","floor":13,"turns":3},{"damage":58,"enemies":"Slime Boss","floor":16,"turns":9}],"seed_played":"-2132628126200729174","potions_obtained":[{"floor":1,"key":"SpeedPotion"},{"floor":4,"key":"Explosive Potion"},{"floor":5,"key":"Block Potion"}],"is_trial":false,"path_per_floor":["M","?","M","M","M","E","?","R","T","R","?","E","M","$","R","B"],"character_chosen":"IRONCLAD","items_purchased":["Bloodletting","Blood Vial"],"campfire_rested":2,"item_purchase_floors":[14,14],"current_hp_per_floor":[83,83,86,89,84,48,28,58,58,58,65,23,30,30,65,9],"gold":70,"neow_bonus":"ONE_RANDOM_RARE_CARD","is_prod":false,"is_daily":false,"chose_seed":false,"campfire_upgraded":1,"win_rate":0.0,"timestamp":1565469020,"path_taken":["M","?","M","?","M","E","?","R","T","R","?","E","M","$","R","BOSS"],"build_version":"2019-07-17","purchased_purges":1,"victory":false,"max_hp_per_floor":[83,83,86,89,92,102,102,102,102,102,109,113,117,117,117,117],"card_choices":[{"not_picked":["Armaments","Infernal Blade"],"picked":"Corruption","floor":1},{"not_picked":["Iron Wave","Headbutt"],"picked":"Heavy Blade","floor":3},{"not_picked":["Twin Strike","Sword Boomerang"],"picked":"Heavy Blade","floor":4},{"not_picked":["Wild Strike","Entrench"],"picked":"Warcry","floor":5},{"not_picked":["Corruption","Perfected Strike"],"picked":"Burning Pact","floor":6},{"not_picked":["Perfected Strike","Flame Barrier"],"picked":"Headbutt","floor":12},{"not_picked":["Havoc","Cleave"],"picked":"Seeing Red","floor":13}],"player_experience":44445,"relics_obtained":[{"floor":6,"key":"Pear"},{"floor":9,"key":"Potion Belt"},{"floor":12,"key":"Omamori"}],"event_choices":[{"damage_healed":0,"gold_gain":0,"player_choice":"Forge","damage_taken":0,"max_hp_gain":0,"max_hp_loss":0,"event_name":"Accursed Blacksmith","floor":2,"gold_loss":0,"cards_upgraded":["Corruption"]},{"damage_healed":0,"gold_gain":0,"player_choice":"Entered Light","damage_taken":20,"max_hp_gain":0,"max_hp_loss":0,"event_name":"Shining Light","floor":7,"gold_loss":0,"cards_upgraded":["Feed","Strike_R"]},{"damage_healed":0,"gold_gain":30,"player_choice":"Searched \u00273\u0027 times","damage_taken":0,"relics_obtained":["Strawberry"],"max_hp_gain":0,"max_hp_loss":0,"event_name":"Dead Adventurer","floor":11,"gold_loss":0}],"is_beta":false,"boss_relics":[],"items_purged_floors":[14],"is_endless":false,"potions_floor_spawned":[1,4,5],"killed_by":"Slime Boss","ascension_level":0}