{"gold_per_floor":[113,113,124,137,148,148,5,33,33,67,67,67,67,32,32,108,108,124,174,207,225,237,237,265,275,275,294,294,294,313,326,326,401,401,414,425,425,425,425,425,439,439,439,439,439,459,22,34,34,34],"floor_reached":50,"playtime":3356,"items_purged":["Strike_B"],"score":969,"play_id":"376806b4-fba6-4542-bb7a-4a665b900034","local_time":"20181022212419","is_ascension_mode":true,"campfire_choices":[{"floor":6.0,"key":"REST"},{"floor":11.0,"key":"REST"},{"data":"Blind","floor":13.0,"key":"SMITH"},{"data":"Streamline","floor":15.0,"key":"SMITH"},{"floor":23,"key":"REST"},{"data":"Loop","floor":28,"key":"SMITH"},{"floor":32,"key":"REST"},{"data":"Hologram","floor":40,"key":"SMITH"},{"data":"Hologram","floor":42,"key":"SMITH"},{"data":"Streamline","floor":44,"key":"SMITH"},{"floor":49,"key":"REST"}],"neow_cost":"NONE","seed_source_timestamp":1051647311745137,"circlet_count":0,"master_deck":["Strike_B+1","Defend_B","Defend_B+1","Defend_B","Defend_B","Zap","Dualcast","AscendersBane","Blind+1","Gash","Ball Lightning","Conserve Battery","Go for the Eyes","Streamline+1","Hologram+1","Beam Cell","Chill","Melter","Machine Learning","Auto Shields+1","BootSequence+1","Chaos+1","Loop+1","Beam Cell","Compile Driver","Beam Cell","Conserve Battery","Hologram+1","Seek","Hologram","Streamline+1","Tempest","Sunder+1","Thunder Strike","White Noise","Conserve Battery+1"],"special_seed":0,"relics":["Cracked Core","Ice Cream","Ornamental Fan","Bottled Lightning","Meat on the Bone","Runic Dome","Red Mask","Symbiotic Virus","Letter Opener","Nuclear Battery","Pocketwatch","Mummified Hand","Bronze Scales","Regal Pillow"],"potions_floor_usage":[18,49,50],"damage_taken":[{"damage":3.0,"enemies":"2 Louse","floor":1.0,"turns":2.0},{"damage":2.0,"enemies":"Small Slimes","floor":3.0,"turns":3.0},{"damage":0.0,"enemies":"Cultist","floor":4.0,"turns":3.0},{"damage":8.0,"enemies":"Blue Slaver","floor":5.0,"turns":3.0},{"damage":15.0,"enemies":"Lagavulin","floor":8.0,"turns":6.0},{"damage":24.0,"enemies":"Gremlin Nob","floor":10.0,"turns":5.0},{"damage":17.0,"enemies":"The Guardian","floor":16.0,"turns":12.0},{"damage":5,"enemies":"2 Thieves","floor":18,"turns":4},{"damage":21,"enemies":"Masked Bandits","floor":20,"turns":6},{"damage":0,"enemies":"Chosen","floor":21,"turns":5},{"damage":10,"enemies":"Sentry and Sphere","floor":22,"turns":5},{"damage":33,"enemies":"Gremlin Leader","floor":24,"turns":8},{"damage":10,"enemies":"Snake Plant","floor":25,"turns":4},{"damage":5,"enemies":"Centurion and Healer","floor":27,"turns":7},{"damage":9,"enemies":"Cultist and Chosen","floor":30,"turns":5},{"damage":6,"enemies":"Chosen and Byrds","floor":31,"turns":5},{"damage":25,"enemies":"Automaton","floor":33,"turns":11},{"damage":0,"enemies":"3 Shapes","floor":35,"turns":4},{"damage":10,"enemies":"Orb Walker","floor":36,"turns":4},{"damage":0,"enemies":"Mind Bloom Boss Battle","floor":37,"turns":4},{"damage":6,"enemies":"Spire Growth","floor":41,"turns":4},{"damage":0,"enemies":"Sphere and 2 Shapes","floor":46,"turns":3},{"damage":3,"enemies":"4 Shapes","floor":48,"turns":4},{"damage":81,"enemies":"Donu and Deca","floor":50,"turns":9}],"seed_played":"-736262434599586081","potions_obtained":[{"floor":4.0,"key":"SpeedPotion"},{"floor":8.0,"key":"Weak Potion"},{"floor":16.0,"key":"SteroidPotion"},{"floor":18,"key":"Weak Potion"},{"floor":21,"key":"SteroidPotion"},{"floor":36,"key":"Swift Potion"},{"floor":48,"key":"Fruit Juice"}],"is_trial":false,"path_per_floor":["M","?","M","M","M","R","$","E","T","E","R","T","R","?","R","B",null,"M","?","?","M","M","R","E","M","T","M","R","?","M","M","R","B",null,"M","M","?","?","?","R","M","R","T","R","?","M","$","M","R"],"character_chosen":"DEFECT","items_purchased":["Streamline","Hologram","Beam Cell","Bronze Scales","Regal Pillow","White Noise"],"campfire_rested":5,"item_purchase_floors":[7,7,7,47,47,47],"current_hp_per_floor":[61,40,38,38,30,51,51,36,36,12,33,33,33,50,50,45,65,60,60,39,39,41,62,41,43,43,38,38,38,41,47,68,43,64,64,54,54,54,54,54,48,48,48,48,48,48,48,45,76,0],"gold":34,"neow_bonus":"RANDOM_COLORLESS","is_prod":false,"is_daily":false,"chose_seed":false,"campfire_upgraded":6,"win_rate":0,"timestamp":1540268659,"path_taken":["M","?","M","M","M","R","?","E","T","E","R","?","R","?","R","BOSS","M","?","?","M","M","R","E","M","T","M","R","?","M","M","R","BOSS","M","M","?","?","?","R","M","R","T","R","?","M","?","M","R","BOSS"],"build_version":"2018-10-19","purchased_purges":1,"victory":false,"max_hp_per_floor":[71,71,71,71,71,71,71,71,71,71,71,71,71,71,71,71,71,71,71,71,71,71,71,71,71,71,71,71,71,71,71,71,71,71,71,71,71,71,71,71,71,71,71,71,71,71,71,71,76,76],"card_choices":[{"not_picked":["Stack","Compile Driver"],"picked":"Gash","floor":1.0},{"not_picked":["Turbo","FTL"],"picked":"Ball Lightning","floor":3.0},{"not_picked":["Stack","Redo"],"picked":"Conserve Battery","floor":4.0},{"not_picked":["Turbo","Storm"],"picked":"Go for the Eyes","floor":5.0},{"not_picked":["Creative AI","Leap"],"picked":"Chill","floor":8.0},{"not_picked":["Turbo","Stack"],"picked":"Melter","floor":10.0},{"not_picked":["Biased Cognition","Thunder Strike"],"picked":"Machine Learning","floor":16.0},{"not_picked":["Stack","Turbo"],"picked":"Auto Shields+1","floor":18},{"not_picked":["Gash","Barrage+1"],"picked":"BootSequence+1","floor":20},{"not_picked":["Redo","Cold Snap"],"picked":"Chaos+1","floor":21},{"not_picked":["Conserve Battery","Streamline"],"picked":"Loop","floor":22},{"not_picked":["Redo","Sweeping Beam"],"picked":"Beam Cell","floor":24},{"not_picked":["Rebound","Turbo"],"picked":"Compile Driver","floor":25},{"not_picked":["Turbo","Static Discharge"],"picked":"Beam Cell","floor":27},{"not_picked":["Sweeping Beam","Multi-Cast"],"picked":"Conserve Battery","floor":30},{"not_picked":["Gash","Barrage"],"picked":"Hologram","floor":31},{"not_picked":["Rainbow","Creative AI"],"picked":"Seek","floor":33},{"not_picked":["Steam","Sweeping Beam"],"picked":"Hologram","floor":35},{"not_picked":["Redo","Conserve Battery"],"picked":"Streamline","floor":36},{"not_picked":["Go for the Eyes","Static Discharge+1"],"picked":"Sunder+1","floor":41},{"not_picked":["Melter","Conserve Battery"],"picked":"Thunder Strike","floor":46},{"not_picked":["Cold Snap","Hello World+1"],"picked":"Conserve Battery+1","floor":48}],"player_experience":2586208,"relics_obtained":[{"floor":8.0,"key":"Ice Cream"},{"floor":9.0,"key":"Ornamental Fan"},{"floor":10.0,"key":"Bottled Lightning"},{"floor":12.0,"key":"Meat on the Bone"},{"floor":20,"key":"Red Mask"},{"floor":24,"key":"Symbiotic Virus"},{"floor":26,"key":"Letter Opener"},{"floor":37,"key":"Pocketwatch"},{"floor":43,"key":"Mummified Hand"}],"event_choices":[{"damage_healed":0.0,"max_hp_gain":0.0,"max_hp_loss":0.0,"gold_gain":0.0,"event_name":"Shining Light","player_choice":"Entered Light","floor":2.0,"gold_loss":0.0,"damage_taken":21.0,"cards_upgraded":["Defend_B","Strike_B"]},{"damage_healed":17.0,"max_hp_gain":0.0,"max_hp_loss":0.0,"gold_gain":0.0,"event_name":"The Cleric","player_choice":"Healed","floor":14.0,"gold_loss":35.0,"damage_taken":0.0},{"damage_healed":0,"gold_gain":100,"player_choice":"Bet on Murderer","damage_taken":0,"max_hp_gain":0,"max_hp_loss":0,"event_name":"The Joust","floor":19,"gold_loss":50},{"damage_healed":0,"gold_gain":0,"player_choice":"Fought Bandits","damage_taken":0,"max_hp_gain":0,"max_hp_loss":0,"event_name":"Masked Bandits","floor":20,"gold_loss":0},{"damage_healed":0,"gold_gain":0,"player_choice":"Ignored","damage_taken":0,"max_hp_gain":0,"max_hp_loss":0,"event_name":"N\u0027loth","floor":29,"gold_loss":0},{"damage_healed":0,"gold_gain":0,"player_choice":"Fight","damage_taken":0,"max_hp_gain":0,"max_hp_loss":0,"event_name":"MindBloom","floor":37,"gold_loss":0},{"damage_healed":0,"gold_gain":0,"cards_transformed":["Strike_B"],"player_choice":"Transformed","damage_taken":0,"max_hp_gain":0,"max_hp_loss":0,"event_name":"Transmorgrifier","floor":38,"gold_loss":0,"cards_obtained":["Tempest"]},{"cards_removed":["Strike_B"],"damage_healed":0,"gold_gain":0,"player_choice":"Removed Attack","damage_taken":0,"max_hp_gain":0,"max_hp_loss":0,"event_name":"Falling","floor":39,"gold_loss":0},{"damage_healed":0,"gold_gain":0,"player_choice":"Ignored","damage_taken":0,"max_hp_gain":0,"max_hp_loss":0,"event_name":"Mysterious Sphere","floor":45,"gold_loss":0}],"is_beta":true,"boss_relics":[{"not_picked":["Calling Bell","Snecko Eye"],"picked":"Runic Dome"},{"not_picked":["Philosopher\u0027s Stone","Empty Cage"],"picked":"Nuclear Battery"}],"items_purged_floors":[47],"is_endless":false,"potions_floor_spawned":[4,8,16,18,21,25,31,36,46,48],"killed_by":"Donu and Deca","ascension_level":20}