{"gold_per_floor":[119,137,153,165,10,38,38,38,38,38,53,129,129,162,162,238,238,257,13,25,40,40],"floor_reached":22,"playtime":882,"items_purged":["Strike_G"],"score":442,"play_id":"2d318ef5-c49e-4bd5-ba1f-a3648508263e","local_time":"20190815171516","is_ascension_mode":true,"campfire_choices":[{"data":"Footwork","floor":8,"key":"SMITH"},{"floor":10,"key":"REST"},{"data":"Corpse Explosion","floor":15,"key":"SMITH"}],"neow_cost":"NONE","seed_source_timestamp":156796886265554,"circlet_count":0,"master_deck":["AscendersBane","Strike_G","Defend_G","Defend_G","Defend_G","Defend_G","Defend_G","Survivor","Neutralize","Phantasmal Killer","Dash","PiercingWail","Footwork+1","Backflip","Flash of Steel","Corpse Explosion+1","Dodge and Roll","Dagger Spray","Malaise","Blade Dance+1","Masterful Stab+1","Crippling Poison+1","Dodge and Roll","Noxious Fumes"],"relics":["Ring of the Snake","Bird Faced Urn","Darkstone Periapt","Pear","Astrolabe","Snake Skull"],"potions_floor_usage":[6,6,14,16,16,16,21],"damage_taken":[{"damage":1,"enemies":"Cultist","floor":1,"turns":3},{"damage":0,"enemies":"2 Louse","floor":2,"turns":3},{"damage":2,"enemies":"Jaw Worm","floor":3,"turns":6},{"damage":13,"enemies":"3 Louse","floor":4,"turns":9},{"damage":29,"enemies":"Gremlin Nob","floor":6,"turns":6},{"damage":10,"enemies":"Large Slime","floor":11,"turns":10},{"damage":2,"enemies":"3 Sentries","floor":14,"turns":6},{"damage":24,"enemies":"The Guardian","floor":16,"turns":11},{"damage":19,"enemies":"Shell Parasite","floor":18,"turns":11},{"damage":19,"enemies":"2 Thieves","floor":20,"turns":3},{"damage":22,"enemies":"Centurion and Healer","floor":21,"turns":11},{"damage":6,"enemies":"Shelled Parasite and Fungi","floor":22,"turns":2}],"seed_played":"9174976249280620675","potions_obtained":[{"floor":2,"key":"Ancient Potion"},{"floor":6,"key":"Swift Potion"},{"floor":14,"key":"EntropicBrew"},{"floor":18,"key":"SneckoOil"}],"is_trial":false,"path_per_floor":["M","M","M","M","$","E","?","R","T","R","M","?","?","E","R","B",null,"M","$","M","M","M"],"character_chosen":"THE_SILENT","items_purchased":["Flash of Steel","PowerPotion","Snake Skull"],"campfire_rested":1,"item_purchase_floors":[5,5,19],"current_hp_per_floor":[58,58,56,43,43,14,14,14,14,33,25,25,25,35,35,13,60,43,43,24,6,0],"gold":40,"neow_bonus":"ONE_RANDOM_RARE_CARD","is_prod":false,"is_daily":false,"chose_seed":false,"campfire_upgraded":2,"win_rate":0,"timestamp":1565903716,"path_taken":["M","M","?","M","$","E","?","R","T","R","M","?","?","E","R","BOSS","M","$","M","M","M"],"build_version":"2019-07-17","purchased_purges":1,"victory":false,"max_hp_per_floor":[66,66,66,66,66,66,66,66,66,66,66,66,66,76,76,76,76,76,76,76,76,76],"card_choices":[{"not_picked":["Flying Knee","Quick Slash"],"picked":"Dash","floor":1},{"not_picked":["Catalyst","Bane"],"picked":"PiercingWail","floor":2},{"not_picked":["Distraction","Blade Dance"],"picked":"Footwork","floor":3},{"not_picked":["Dagger Throw","Flying Knee"],"picked":"Backflip","floor":4},{"not_picked":["Distraction","Deadly Poison"],"picked":"Corpse Explosion","floor":6},{"not_picked":["Underhanded Strike","Bane"],"picked":"Dodge and Roll","floor":11},{"not_picked":["Infinite Blades","Blade Dance"],"picked":"Dagger Spray","floor":14},{"not_picked":["Venomology","Glass Knife"],"picked":"Malaise","floor":16},{"not_picked":["Acrobatics","Flying Knee"],"picked":"Dodge and Roll","floor":18},{"not_picked":["Envenom","Poisoned Stab"],"picked":"Noxious Fumes","floor":20},{"not_picked":["Blade Dance","Bane","A Thousand Cuts"],"picked":"SKIP","floor":21}],"player_experience":563232,"relics_obtained":[{"floor":6,"key":"Bird Faced Urn"},{"floor":9,"key":"Darkstone Periapt"},{"floor":14,"key":"Pear"}],"event_choices":[{"damage_healed":0,"gold_gain":0,"player_choice":"Searched \u00270\u0027 times","damage_taken":0,"max_hp_gain":0,"max_hp_loss":0,"event_name":"Dead Adventurer","floor":7,"gold_loss":0},{"damage_healed":0,"gold_gain":76,"player_choice":"Gained Gold","damage_taken":0,"max_hp_gain":0,"max_hp_loss":0,"event_name":"Golden Wing","floor":12,"gold_loss":0},{"damage_healed":0,"gold_gain":0,"player_choice":"Fled","damage_taken":0,"max_hp_gain":0,"max_hp_loss":0,"event_name":"Scrap Ooze","floor":13,"gold_loss":0}],"is_beta":false,"boss_relics":[{"not_picked":["Coffee Dripper","Philosopher\u0027s Stone"],"picked":"Astrolabe"}],"items_purged_floors":[19],"is_endless":false,"potions_floor_spawned":[2,6,14,18],"killed_by":"Shelled Parasite and Fungi","ascension_level":20}