{"gold_per_floor":[113,11,86,86,86,86,117,117,140,140,18,30,63,75,75,148,148,161,161],"floor_reached":19,"playtime":359,"items_purged":[],"score":396,"play_id":"7cd0f27b-0909-4457-a4b7-25449bb73e4f","local_time":"20190827174659","is_ascension_mode":true,"campfire_choices":[{"data":"Deadly Poison","floor":6,"key":"SMITH"},{"data":"Neutralize","floor":8,"key":"SMITH"},{"data":"Infinite Blades","floor":10,"key":"SMITH"},{"data":"Noxious Fumes","floor":15,"key":"SMITH"}],"neow_cost":"NONE","seed_source_timestamp":934647240629965,"circlet_count":0,"master_deck":["AscendersBane","Strike_G","Strike_G","Strike_G","Strike_G","Strike_G","Defend_G","Defend_G","Defend_G","Defend_G","Defend_G","Survivor","Neutralize+1","Dagger Throw","Infinite Blades+1","Deadly Poison+1","Noxious Fumes+1","Blur","PiercingWail","Accuracy","Terror","A Thousand Cuts"],"relics":["Ring of the Snake","NeowsBlessing","Vajra","Boot","Pen Nib","Blood Vial","Cursed Key"],"potions_floor_usage":[13,13,18,19],"damage_taken":[{"damage":0,"enemies":"2 Louse","floor":1,"turns":1},{"damage":0,"enemies":"Lagavulin","floor":7,"turns":1},{"damage":0,"enemies":"Jaw Worm","floor":12,"turns":1},{"damage":27,"enemies":"Gremlin Nob","floor":13,"turns":4},{"damage":0,"enemies":"Cultist","floor":14,"turns":3},{"damage":6,"enemies":"Hexaghost","floor":16,"turns":8},{"damage":30,"enemies":"Spheric Guardian","floor":18,"turns":5},{"damage":0,"enemies":"Chosen","floor":19,"turns":3}],"seed_played":"-2586350458681045885","potions_obtained":[{"floor":5,"key":"Explosive Potion"},{"floor":5,"key":"PowerPotion"},{"floor":14,"key":"FearPotion"},{"floor":16,"key":"SkillPotion"}],"is_trial":false,"path_per_floor":["M","$","?","?","?","R","E","R","T","R","$","M","E","M","R","B",null,"M","M"],"character_chosen":"THE_SILENT","items_purchased":["Infinite Blades","Deadly Poison","Noxious Fumes","Blur"],"campfire_rested":0,"item_purchase_floors":[2,2,11,11],"current_hp_per_floor":[59,59,48,37,37,37,37,37,37,37,37,37,10,12,12,8,52,24,26],"gold":161,"neow_bonus":"THREE_ENEMY_KILL","is_prod":false,"is_daily":false,"chose_seed":false,"campfire_upgraded":4,"win_rate":0,"timestamp":1566942419,"path_taken":["M","$","?","?","?","R","E","R","T","R","$","?","E","M","R","BOSS","M","?"],"build_version":"2019-07-17","purchased_purges":0,"victory":false,"max_hp_per_floor":[66,66,66,66,66,66,66,66,66,66,66,66,66,66,66,66,66,66,66],"card_choices":[{"not_picked":["Caltrops","Acrobatics"],"picked":"Dagger Throw","floor":1},{"not_picked":["Flechettes","Deadly Poison","Tactician"],"picked":"SKIP","floor":7},{"not_picked":["Deadly Poison","Deflect"],"picked":"PiercingWail","floor":12},{"not_picked":["Poisoned Stab","Slice"],"picked":"Accuracy","floor":13},{"not_picked":["Deadly Poison","All Out Attack"],"picked":"Terror","floor":14},{"not_picked":["Grand Finale","Venomology"],"picked":"A Thousand Cuts","floor":16},{"not_picked":["Underhanded Strike","Dagger Spray","Slice"],"picked":"SKIP","floor":18}],"player_experience":606924,"relics_obtained":[{"floor":7,"key":"Boot"},{"floor":9,"key":"Pen Nib"},{"floor":13,"key":"Blood Vial"}],"event_choices":[{"damage_healed":0,"gold_gain":75,"player_choice":"Gather Gold","damage_taken":11,"max_hp_gain":0,"max_hp_loss":0,"event_name":"World of Goop","floor":3,"gold_loss":0},{"damage_healed":0,"gold_gain":0,"player_choice":"Success","damage_taken":11,"relics_obtained":["Vajra"],"max_hp_gain":0,"max_hp_loss":0,"event_name":"Scrap Ooze","floor":4,"gold_loss":0},{"damage_healed":0,"gold_gain":0,"player_choice":"Got Potions","damage_taken":0,"max_hp_gain":0,"max_hp_loss":0,"event_name":"Lab","floor":5,"gold_loss":0}],"is_beta":false,"boss_relics":[{"not_picked":["HoveringKite","Empty Cage"],"picked":"Cursed Key"}],"items_purged_floors":[],"is_endless":false,"potions_floor_spawned":[12,14,16],"killed_by":"Chosen","ascension_level":20}