{"gold_per_floor":[111,123,141,141,160,186,201,201,249,25,25,25,25,37,37,111,111,121,133,149,167,0,25,25,49,49,49,49,49,67,87,87,164,164,184,194,0,0,0,0,14,14,14,14,14,14,33,33],"floor_reached":48,"playtime":1142,"items_purged":["Strike_B"],"score":814,"play_id":"76d32a33-5ef1-47dc-ad2e-fbbc1319b0b6","local_time":"20190417003838","is_ascension_mode":true,"campfire_choices":[{"data":"Electrodynamics","floor":8,"key":"SMITH"},{"data":"Echo Form","floor":13,"key":"SMITH"},{"data":"White Noise","floor":15,"key":"SMITH"},{"floor":24,"key":"REST"},{"data":"Seek","floor":29,"key":"SMITH"},{"floor":32,"key":"REST"},{"floor":40,"key":"REST"},{"floor":42,"key":"REST"},{"floor":44,"key":"REST"}],"neow_cost":"TEN_PERCENT_HP_LOSS","seed_source_timestamp":504048931410831,"circlet_count":0,"master_deck":["AscendersBane","Strike_B","Strike_B","Strike_B","Defend_B","Defend_B","Defend_B","Defend_B","Zap","Dualcast","Electrodynamics+1","White Noise+1","Ball Lightning","Ball Lightning","Stack","Hologram","Leap","Self Repair","Echo Form+1","Biased Cognition","Cold Snap","Ball Lightning","Seek+1","Regret","Pain","Heatsinks","Amplify","Defragment","Shame","Panache"],"relics":["Cracked Core","Emotion Chip","Orichalcum","Mercury Hourglass","Cursed Key","Blue Candle","Pen Nib","Bottled Tornado","White Beast Statue","Red Mask","Gremlin Horn"],"potions_floor_usage":[6,23,31,33,48,48],"damage_taken":[{"damage":0,"enemies":"Small Slimes","floor":1,"turns":2},{"damage":0,"enemies":"Cultist","floor":2,"turns":4},{"damage":9,"enemies":"Jaw Worm","floor":3,"turns":3},{"damage":5,"enemies":"Gremlin Gang","floor":5,"turns":3},{"damage":16,"enemies":"Gremlin Nob","floor":6,"turns":3},{"damage":0,"enemies":"Exordium Wildlife","floor":7,"turns":2},{"damage":0,"enemies":"Looter","floor":14,"turns":2},{"damage":30,"enemies":"Hexaghost","floor":16,"turns":8},{"damage":0,"enemies":"3 Byrds","floor":18,"turns":2},{"damage":17,"enemies":"2 Thieves","floor":19,"turns":2},{"damage":13,"enemies":"Sentry and Sphere","floor":20,"turns":4},{"damage":6,"enemies":"Chosen and Byrds","floor":21,"turns":3},{"damage":25,"enemies":"Gremlin Leader","floor":23,"turns":5},{"damage":22,"enemies":"Snake Plant","floor":30,"turns":4},{"damage":31,"enemies":"Sentry and Sphere","floor":31,"turns":4},{"damage":41,"enemies":"Collector","floor":33,"turns":9},{"damage":18,"enemies":"3 Shapes","floor":35,"turns":2},{"damage":7,"enemies":"Orb Walker","floor":36,"turns":4},{"damage":57,"enemies":"3 Darklings","floor":41,"turns":4},{"damage":29,"enemies":"Maw","floor":47,"turns":5},{"damage":39,"enemies":"Spire Growth","floor":48,"turns":4}],"seed_played":"9143383668553483215","potions_obtained":[{"floor":2,"key":"Poison Potion"},{"floor":7,"key":"EssenceOfSteel"},{"floor":14,"key":"Strength Potion"},{"floor":20,"key":"Dexterity Potion"},{"floor":21,"key":"Block Potion"},{"floor":30,"key":"Regen Potion"},{"floor":35,"key":"SpeedPotion"},{"floor":36,"key":"Energy Potion"},{"floor":47,"key":"FocusPotion"}],"is_trial":false,"path_per_floor":["M","M","M","?","M","E","M","R","T","$","?","T","R","M","R","B",null,"M","M","M","M","?","E","R","T","T","$","?","R","M","M","R","B",null,"M","M","?","?","?","R","M","R","T","R","?","$","M","M"],"character_chosen":"DEFECT","items_purchased":["Echo Form"],"campfire_rested":5,"item_purchase_floors":[10],"current_hp_per_floor":[64,64,55,55,50,34,34,34,34,34,34,34,34,34,34,18,53,53,43,37,38,38,20,39,39,39,39,39,39,31,23,42,15,52,41,41,41,41,41,59,2,20,20,38,38,38,16,0],"gold":33,"neow_bonus":"THREE_RARE_CARDS","is_prod":false,"is_daily":false,"chose_seed":false,"campfire_upgraded":4,"win_rate":0,"timestamp":1555475918,"path_taken":["M","M","M","?","M","E","?","R","T","$","?","?","R","M","R","BOSS","M","?","M","M","?","E","R","?","T","$","?","R","?","M","R","BOSS","M","M","?","?","?","R","M","R","T","R","?","$","M","M"],"build_version":"2019-01-23","purchased_purges":1,"victory":false,"max_hp_per_floor":[64,64,64,64,64,64,64,64,64,64,64,64,64,64,64,64,64,64,64,64,64,64,64,64,64,64,64,64,64,64,64,64,64,64,64,64,64,64,61,61,61,61,61,61,61,61,61,61],"card_choices":[{"not_picked":["Echo Form","Multi-Cast"],"picked":"Electrodynamics","floor":0},{"not_picked":["Streamline","Hologram"],"picked":"White Noise","floor":1},{"not_picked":["Force Field","Chill"],"picked":"Ball Lightning","floor":2},{"not_picked":["Consume","Doom and Gloom"],"picked":"Ball Lightning","floor":3},{"not_picked":["Creative AI","Chill"],"picked":"Hologram","floor":5},{"not_picked":["Barrage","Tempest"],"picked":"Leap","floor":6},{"not_picked":["Go for the Eyes","Beam Cell"],"picked":"Self Repair","floor":7},{"not_picked":["Gash","Compile Driver","Melter"],"picked":"SKIP","floor":14},{"not_picked":["Fission","Machine Learning"],"picked":"Biased Cognition","floor":16},{"not_picked":["Sweeping Beam","Barrage"],"picked":"Cold Snap","floor":18},{"not_picked":["Rebound","Gash"],"picked":"Ball Lightning","floor":19},{"not_picked":["Go for the Eyes","Steam","Streamline"],"picked":"SKIP","floor":20},{"not_picked":["Beam Cell+1","Barrage","Ball Lightning"],"picked":"SKIP","floor":21},{"not_picked":["Conserve Battery","Fusion"],"picked":"Seek","floor":23},{"not_picked":["Beam Cell","Turbo","Rebound"],"picked":"SKIP","floor":30},{"not_picked":["Steam","Stack"],"picked":"Heatsinks","floor":31},{"not_picked":["Thunder Strike","Biased Cognition"],"picked":"Amplify","floor":33},{"not_picked":["Skim","Beam Cell+1","Redo"],"picked":"SKIP","floor":35},{"not_picked":["Compile Driver","Rip and Tear","Stack"],"picked":"SKIP","floor":36},{"not_picked":["Hello World","Melter"],"picked":"Defragment","floor":41},{"not_picked":["Purity","Thinking Ahead"],"picked":"Panache","floor":45},{"not_picked":["Steam Power+1","Hologram","Gash"],"picked":"SKIP","floor":47}],"player_experience":301320,"relics_obtained":[{"floor":6,"key":"Emotion Chip"},{"floor":9,"key":"Orichalcum"},{"floor":12,"key":"Mercury Hourglass"},{"floor":23,"key":"Blue Candle"},{"floor":25,"key":"Pen Nib"},{"floor":26,"key":"Bottled Tornado"},{"floor":43,"key":"Gremlin Horn"}],"event_choices":[{"damage_healed":0,"gold_gain":0,"player_choice":"1 cards matched","damage_taken":0,"max_hp_gain":0,"max_hp_loss":0,"event_name":"Match and Keep!","floor":4,"gold_loss":0,"cards_obtained":["Stack"]},{"damage_healed":0,"gold_gain":0,"player_choice":"Leave","damage_taken":0,"max_hp_gain":0,"max_hp_loss":0,"event_name":"The Cleric","floor":11,"gold_loss":0},{"damage_healed":0,"gold_gain":0,"player_choice":"Paid Fearfully","damage_taken":0,"max_hp_gain":0,"max_hp_loss":0,"event_name":"Masked Bandits","floor":22,"gold_loss":167},{"damage_healed":0,"gold_gain":0,"player_choice":"Ignored","damage_taken":0,"max_hp_gain":0,"max_hp_loss":0,"event_name":"Beggar","floor":28,"gold_loss":0},{"damage_healed":0,"gold_gain":0,"player_choice":"Paid","damage_taken":0,"relics_obtained":["Red Mask"],"max_hp_gain":0,"max_hp_loss":0,"event_name":"Tomb of Lord Red Mask","floor":37,"gold_loss":194},{"damage_healed":0,"gold_gain":0,"player_choice":"Ignored","damage_taken":0,"max_hp_gain":0,"max_hp_loss":0,"event_name":"Mysterious Sphere","floor":38,"gold_loss":0},{"damage_healed":0,"gold_gain":0,"player_choice":"Max HP","damage_taken":0,"max_hp_gain":0,"max_hp_loss":3,"event_name":"Winding Halls","floor":39,"gold_loss":0},{"damage_healed":0,"gold_gain":0,"player_choice":"Memory 1","damage_taken":0,"max_hp_gain":0,"max_hp_loss":0,"event_name":"SensoryStone","floor":45,"gold_loss":0}],"is_beta":false,"boss_relics":[{"not_picked":["Black Star","Orrery"],"picked":"Cursed Key"},{"not_picked":["Velvet Choker","Runic Dome"],"picked":"White Beast Statue"}],"items_purged_floors":[10],"is_endless":false,"potions_floor_spawned":[2,7,14,16,20,21,30,35,36,41,47],"killed_by":"Spire Growth","ascension_level":16}