{"gold_per_floor":[18,38,58,105,120,120,120,120,146,166,178,178,205,217,217,217],"floor_reached":16,"playtime":1052,"items_purged":[],"score":204,"play_id":"ae19f8f8-a964-4c20-9e7a-dc336142090c","local_time":"20190805032717","is_ascension_mode":true,"campfire_choices":[{"data":"Streamline","floor":6,"key":"SMITH"},{"data":"Glacier","floor":8,"key":"SMITH"},{"data":"Stack","floor":15,"key":"SMITH"}],"neow_cost":"NO_GOLD","seed_source_timestamp":258422074352745,"circlet_count":0,"master_deck":["AscendersBane","Strike_B","Strike_B","Strike_B","Strike_B+1","Defend_B","Defend_B+1","Defend_B","Defend_B","Zap","Dualcast","Streamline+1","Steam","Stack+1","Glacier+1","Compile Driver","Cold Snap","Steam","Coolheaded"],"relics":["Cracked Core","Calipers","Gremlin Horn","Blood Vial","Odd Mushroom","Potion Belt"],"potions_floor_usage":[13,13],"damage_taken":[{"damage":1,"enemies":"Cultist","floor":1,"turns":3},{"damage":7,"enemies":"Jaw Worm","floor":2,"turns":4},{"damage":0,"enemies":"2 Louse","floor":3,"turns":1},{"damage":12,"enemies":"Looter","floor":5,"turns":3},{"damage":5,"enemies":"The Mushroom Lair","floor":10,"turns":5},{"damage":0,"enemies":"3 Louse","floor":11,"turns":4},{"damage":14,"enemies":"Gremlin Nob","floor":13,"turns":4},{"damage":3,"enemies":"Red Slaver","floor":14,"turns":4},{"damage":16,"enemies":"Hexaghost","floor":16,"turns":9}],"seed_played":"8585337946490428943","potions_obtained":[{"floor":5,"key":"Block Potion"},{"floor":11,"key":"Poison Potion"}],"is_trial":false,"path_per_floor":["M","M","M","T","M","R","T","R","T","?","M","?","E","M","R","B"],"character_chosen":"DEFECT","items_purchased":[],"campfire_rested":0,"item_purchase_floors":[],"current_hp_per_floor":[63,56,56,56,44,44,44,44,44,41,43,22,10,9,9,0],"gold":217,"neow_bonus":"ONE_RARE_RELIC","is_prod":false,"is_daily":false,"chose_seed":false,"campfire_upgraded":3,"win_rate":0,"timestamp":1565000837,"path_taken":["M","M","M","?","M","R","?","R","T","?","M","?","E","M","R","BOSS"],"build_version":"2019-07-18","purchased_purges":0,"victory":false,"max_hp_per_floor":[71,71,71,71,71,71,71,71,71,71,71,71,71,71,71,71],"card_choices":[{"not_picked":["Rebound","Scrape"],"picked":"Streamline","floor":1},{"not_picked":["Streamline","Barrage"],"picked":"Steam","floor":2},{"not_picked":["Capacitor","Sweeping Beam"],"picked":"Stack","floor":3},{"not_picked":["Barrage","Go for the Eyes"],"picked":"Glacier","floor":5},{"not_picked":["Darkness","Skim"],"picked":"Compile Driver","floor":10},{"not_picked":["Steam","Sunder"],"picked":"Cold Snap","floor":11},{"not_picked":["Rip and Tear","Hyperbeam"],"picked":"Steam","floor":13},{"not_picked":["Sweeping Beam","Streamline"],"picked":"Coolheaded","floor":14}],"player_experience":2874049,"relics_obtained":[{"floor":7,"key":"Gremlin Horn"},{"floor":9,"key":"Blood Vial"},{"floor":10,"key":"Odd Mushroom"},{"floor":13,"key":"Potion Belt"}],"event_choices":[{"damage_healed":0,"gold_gain":0,"player_choice":"Fought Mushrooms","damage_taken":0,"max_hp_gain":0,"max_hp_loss":0,"event_name":"Mushrooms","floor":10,"gold_loss":0},{"damage_healed":0,"gold_gain":0,"player_choice":"Entered Light","damage_taken":21,"max_hp_gain":0,"max_hp_loss":0,"event_name":"Shining Light","floor":12,"gold_loss":0,"cards_upgraded":["Defend_B","Strike_B"]}],"is_beta":true,"boss_relics":[],"items_purged_floors":[],"is_endless":false,"potions_floor_spawned":[5,11],"killed_by":"Hexaghost","ascension_level":20}