{"gold_per_floor":[114,126,201,219,219,252,252,271,271,221,46,65,65,84,84,84],"floor_reached":16,"playtime":774,"items_purged":["Strike_R"],"score":102,"play_id":"3ffea7a7-4eee-4c1f-8df7-1d121c9dda47","local_time":"20190810101854","is_ascension_mode":false,"campfire_choices":[{"data":"Bloodletting","floor":7,"key":"SMITH"},{"floor":13,"key":"REST"},{"data":"Reckless Charge","floor":15,"key":"SMITH"}],"neow_cost":"NONE","seed_source_timestamp":2761262386300,"circlet_count":0,"master_deck":["Strike_R","Strike_R","Strike_R","Defend_R","Defend_R","Defend_R","Defend_R","Bash","True Grit","Warcry","Flex","Bloodletting+1","Reckless Charge+1","Iron Wave+1","Headbutt+1"],"relics":["Burning Blood","NeowsBlessing","Blood Vial","Champion Belt","Molten Egg 2"],"potions_floor_usage":[6,16],"damage_taken":[{"damage":0,"enemies":"2 Louse","floor":1,"turns":1},{"damage":0,"enemies":"Small Slimes","floor":2,"turns":1},{"damage":0,"enemies":"Jaw Worm","floor":4,"turns":1},{"damage":41,"enemies":"Gremlin Nob","floor":6,"turns":5},{"damage":21,"enemies":"Lots of Slimes","floor":8,"turns":8},{"damage":14,"enemies":"Red Slaver","floor":12,"turns":5},{"damage":5,"enemies":"Blue Slaver","floor":14,"turns":4},{"damage":50,"enemies":"Slime Boss","floor":16,"turns":10}],"seed_played":"-7838722356446238768","potions_obtained":[{"floor":2,"key":"SteroidPotion"},{"floor":6,"key":"GamblersBrew"}],"is_trial":false,"path_per_floor":["M","M","?","M","?","E","R","M","T","?","$","M","R","M","R","B"],"character_chosen":"IRONCLAD","items_purchased":["Fire Potion","Energy Potion"],"campfire_rested":1,"item_purchase_floors":[11,11],"current_hp_per_floor":[80,80,69,75,72,39,39,26,26,26,26,20,44,47,47,0],"gold":84,"neow_bonus":"THREE_ENEMY_KILL","is_prod":false,"is_daily":false,"chose_seed":false,"campfire_upgraded":2,"win_rate":0.0,"timestamp":1565399934,"path_taken":["M","M","?","M","?","E","R","M","T","?","?","M","R","?","R","BOSS"],"build_version":"2019-07-17","purchased_purges":1,"victory":false,"max_hp_per_floor":[80,80,80,80,80,80,80,80,80,80,80,80,80,80,80,80],"card_choices":[{"not_picked":["Twin Strike","Sword Boomerang"],"picked":"True Grit","floor":1},{"not_picked":["Twin Strike","True Grit"],"picked":"Warcry","floor":2},{"not_picked":["Thunderclap","Sever Soul"],"picked":"Flex","floor":4},{"not_picked":["Wild Strike","Headbutt"],"picked":"Bloodletting","floor":6},{"not_picked":["Shockwave","Anger"],"picked":"Reckless Charge","floor":8},{"not_picked":["Uppercut+1","Dual Wield"],"picked":"Iron Wave+1","floor":12},{"not_picked":["True Grit","Heavy Blade+1"],"picked":"Headbutt+1","floor":14}],"player_experience":21588,"relics_obtained":[{"floor":6,"key":"Champion Belt"},{"floor":9,"key":"Molten Egg 2"}],"event_choices":[{"damage_healed":0,"gold_gain":75,"player_choice":"Gather Gold","damage_taken":11,"max_hp_gain":0,"max_hp_loss":0,"event_name":"World of Goop","floor":3,"gold_loss":0},{"damage_healed":0,"gold_gain":0,"player_choice":"Success","damage_taken":3,"relics_obtained":["Blood Vial"],"max_hp_gain":0,"max_hp_loss":0,"event_name":"Scrap Ooze","floor":5,"gold_loss":0},{"cards_removed":["Strike_R"],"damage_healed":0,"gold_gain":0,"player_choice":"Card Removal","damage_taken":0,"max_hp_gain":0,"max_hp_loss":0,"event_name":"The Cleric","floor":10,"gold_loss":50}],"is_beta":false,"boss_relics":[],"items_purged_floors":[11],"is_endless":false,"potions_floor_spawned":[2,6],"killed_by":"Slime Boss","ascension_level":0}