{"gold_per_floor":[110,60,60,135,156,189,204,228,228,228,253,21,21,46,46,165,165,185,185,198,98,122,166,187,187,187,187,203,227,227,35,35,163,163,187,205,538,638,657,137,137,168,168,168,187,200,200,215,215,215],"floor_reached":51,"playtime":4195,"items_purged":["Strike_B","Strike_B","Strike_B"],"score":787,"play_id":"698d6caa-9acb-47e6-9c3e-c1d28320c9ce","local_time":"20190816215055","is_ascension_mode":true,"campfire_choices":[{"data":"Capacitor","floor":10,"key":"SMITH"},{"data":"Coolheaded","floor":13,"key":"SMITH"},{"floor":15,"key":"REST"},{"floor":27,"key":"REST"},{"floor":30,"key":"REST"},{"floor":32,"key":"REST"},{"data":"Creative AI","floor":44,"key":"SMITH"},{"data":"Defragment","floor":47,"key":"SMITH"},{"floor":49,"key":"REST"}],"neow_cost":"NONE","seed_source_timestamp":34052774526759,"circlet_count":0,"master_deck":["Defend_B","Defend_B","Defend_B","Defend_B","Zap","Dualcast","FTL","Coolheaded+1","Capacitor+1","Darkness+1","Genetic Algorithm+1","Chill+1","Fusion+1","Multi-Cast+1","Defragment+1","Creative AI+1","Consume+1","Chill+1","Multi-Cast+1","Streamline","Hologram+1","Coolheaded+1","Blizzard","Hologram+1","Fusion+1","Injury","Barrage","White Noise+1"],"relics":["Cracked Core","NeowsBlessing","Toxic Egg 2","Sundial","Anchor","Inserter","Pear","Lantern","Orichalcum","Cursed Key","Pocketwatch","Chemical X","Darkstone Periapt","FossilizedHelix"],"potions_floor_usage":[16,18,23,23,28,42,42,50,50,50],"damage_taken":[{"damage":0,"enemies":"Jaw Worm","floor":1,"turns":1},{"damage":0,"enemies":"2 Louse","floor":5,"turns":1},{"damage":0,"enemies":"Gremlin Nob","floor":6,"turns":1},{"damage":8,"enemies":"Small Slimes","floor":7,"turns":3},{"damage":0,"enemies":"Blue Slaver","floor":8,"turns":5},{"damage":6,"enemies":"Red Slaver","floor":11,"turns":3},{"damage":11,"enemies":"Large Slime","floor":14,"turns":8},{"damage":10,"enemies":"The Guardian","floor":16,"turns":10},{"damage":31,"enemies":"3 Byrds","floor":18,"turns":6},{"damage":4,"enemies":"Shell Parasite","floor":20,"turns":8},{"damage":14,"enemies":"Shelled Parasite and Fungi","floor":22,"turns":10},{"damage":14,"enemies":"Gremlin Leader","floor":23,"turns":10},{"damage":0,"enemies":"Centurion and Healer","floor":24,"turns":7},{"damage":27,"enemies":"3 Cultists","floor":28,"turns":7},{"damage":9,"enemies":"Shelled Parasite and Fungi","floor":29,"turns":7},{"damage":23,"enemies":"Collector","floor":33,"turns":12},{"damage":0,"enemies":"Orb Walker","floor":35,"turns":7},{"damage":5,"enemies":"3 Shapes","floor":36,"turns":6},{"damage":0,"enemies":"Mind Bloom Boss Battle","floor":38,"turns":11},{"damage":31,"enemies":"Transient","floor":39,"turns":5},{"damage":0,"enemies":"Reptomancer","floor":42,"turns":7},{"damage":0,"enemies":"Maw","floor":45,"turns":10},{"damage":0,"enemies":"4 Shapes","floor":46,"turns":6},{"damage":41,"enemies":"Writhing Mass","floor":48,"turns":6},{"damage":14,"enemies":"Donu and Deca","floor":50,"turns":8}],"seed_played":"8497550642284163254","potions_obtained":[{"floor":6,"key":"SpeedPotion"},{"floor":11,"key":"Dexterity Potion"},{"floor":16,"key":"LiquidBronze"},{"floor":22,"key":"SpeedPotion"},{"floor":23,"key":"SkillPotion"},{"floor":38,"key":"Strength Potion"},{"floor":39,"key":"Explosive Potion"},{"floor":42,"key":"Dexterity Potion"},{"floor":45,"key":"LiquidBronze"}],"is_trial":false,"path_per_floor":["M","?","?","?","M","E","M","M","T","R","M","$","R","M","R","B",null,"M","?","M","$","M","E","M","?","T","R","M","M","R","$","R","B",null,"M","M","?","?","M","$","?","E","T","R","M","M","R","M","R","B",null],"character_chosen":"DEFECT","items_purchased":["Anchor","Orichalcum","Streamline","Chemical X","Regen Potion","Blizzard","Hologram+1"],"campfire_rested":5,"item_purchase_floors":[12,31,31,40,40,40,40],"current_hp_per_floor":[75,75,57,46,46,46,38,38,38,38,32,32,32,21,43,33,75,44,44,40,40,26,22,22,22,22,47,20,11,36,36,61,38,85,85,80,80,80,49,49,49,64,70,70,70,70,70,29,55,41],"gold":215,"neow_bonus":"THREE_ENEMY_KILL","is_prod":false,"is_daily":false,"chose_seed":false,"campfire_upgraded":4,"win_rate":0,"timestamp":1565959855,"path_taken":["M","?","?","?","M","E","M","M","T","R","M","$","R","M","R","BOSS","M","?","M","$","M","E","M","?","T","R","M","M","R","$","R","BOSS","M","M","?","?","M","$","?","E","T","R","M","?","R","M","R","BOSS"],"build_version":"2019-07-17","purchased_purges":3,"victory":true,"max_hp_per_floor":[75,75,75,75,75,75,75,75,75,75,75,75,75,75,75,75,75,75,75,75,75,75,85,85,85,85,85,85,85,85,85,85,85,85,85,85,85,85,85,85,81,81,87,87,87,87,87,87,87,87],"card_choices":[{"not_picked":["Coolheaded","Loop"],"picked":"FTL","floor":1},{"not_picked":["Stack","Storm"],"picked":"Coolheaded","floor":5},{"not_picked":["Force Field","Compile Driver"],"picked":"Capacitor","floor":6},{"not_picked":["Beam Cell","Barrage"],"picked":"Darkness+1","floor":7},{"not_picked":["Stack+1","Gash"],"picked":"Genetic Algorithm+1","floor":8},{"not_picked":["Rebound","Hello World"],"picked":"Chill+1","floor":11},{"not_picked":["Gash","Leap+1"],"picked":"Fusion+1","floor":14},{"not_picked":["Seek+1","Echo Form"],"picked":"Multi-Cast+1","floor":16},{"not_picked":["Sunder","Stack+1","Rebound"],"picked":"SKIP","floor":18},{"not_picked":["Stack+1","Leap+1"],"picked":"Creative AI","floor":20},{"not_picked":["Streamline+1","Heatsinks"],"picked":"Consume+1","floor":22},{"not_picked":["Gash+1","Doom and Gloom","Rebound"],"picked":"SKIP","floor":23},{"not_picked":["Sunder+1","Steam+1"],"picked":"Chill+1","floor":24},{"not_picked":["Turbo+1","Coolheaded+1"],"picked":"Multi-Cast+1","floor":28},{"not_picked":["Loop","Consume+1","Melter"],"picked":"SKIP","floor":29},{"not_picked":["Conserve Battery+1","FTL","Go for the Eyes+1"],"picked":"SKIP","floor":35},{"not_picked":["Conserve Battery+1","Redo+1"],"picked":"Hologram+1","floor":36},{"not_picked":["Sweeping Beam+1","Turbo+1"],"picked":"Coolheaded+1","floor":39},{"not_picked":["Blizzard+1","Tempest+1"],"picked":"Fusion+1","floor":42},{"not_picked":["Sweeping Beam+1","Rebound"],"picked":"Barrage","floor":45},{"not_picked":["Beam Cell","Blizzard","Sweeping Beam"],"picked":"SKIP","floor":46},{"not_picked":["All For One","Genetic Algorithm+1"],"picked":"White Noise+1","floor":48}],"player_experience":139990,"relics_obtained":[{"floor":6,"key":"Toxic Egg 2"},{"floor":9,"key":"Sundial"},{"floor":23,"key":"Pear"},{"floor":26,"key":"Lantern"},{"floor":38,"key":"Pocketwatch"},{"floor":42,"key":"Darkstone Periapt"},{"floor":43,"key":"FossilizedHelix"}],"event_choices":[{"cards_removed":["Strike_B"],"damage_healed":0,"gold_gain":0,"player_choice":"Card Removal","damage_taken":0,"max_hp_gain":0,"max_hp_loss":0,"event_name":"The Cleric","floor":2,"gold_loss":50},{"damage_healed":0,"gold_gain":0,"player_choice":"Take Damage","damage_taken":18,"relics_obtained":["Golden Idol"],"max_hp_gain":0,"max_hp_loss":0,"event_name":"Golden Idol","floor":3,"gold_loss":0},{"damage_healed":0,"gold_gain":75,"player_choice":"Gather Gold","damage_taken":11,"max_hp_gain":0,"max_hp_loss":0,"event_name":"World of Goop","floor":4,"gold_loss":0},{"damage_healed":0,"gold_gain":0,"player_choice":"Read","damage_taken":0,"max_hp_gain":0,"max_hp_loss":0,"event_name":"The Library","floor":19,"gold_loss":0,"cards_obtained":["Defragment"]},{"damage_healed":0,"gold_gain":0,"player_choice":"Ignored","damage_taken":0,"max_hp_gain":0,"max_hp_loss":0,"event_name":"N\u0027loth","floor":25,"gold_loss":0},{"damage_healed":0,"gold_gain":333,"player_choice":"Gave Idol","damage_taken":0,"max_hp_gain":0,"max_hp_loss":0,"event_name":"The Moai Head","floor":37,"relics_lost":["Golden Idol"],"gold_loss":0},{"damage_healed":0,"gold_gain":0,"player_choice":"Fight","damage_taken":0,"max_hp_gain":0,"max_hp_loss":0,"event_name":"MindBloom","floor":38,"gold_loss":0},{"damage_healed":0,"gold_gain":0,"player_choice":"Max HP","damage_taken":0,"max_hp_gain":0,"max_hp_loss":4,"event_name":"Winding Halls","floor":41,"gold_loss":0}],"is_beta":false,"boss_relics":[{"not_picked":["Runic Dome","Black Star"],"picked":"Inserter"},{"not_picked":["Tiny House","Runic Pyramid"],"picked":"Cursed Key"}],"items_purged_floors":[12,21,40],"is_endless":false,"potions_floor_spawned":[6,11,16,22,23,38,39,42,45],"ascension_level":1}