{"gold_per_floor":[118,118,130,34,184,184,210,226,226,259,259,105,431,329,329,329],"floor_reached":16,"playtime":347,"items_purged":["Strike_B"],"score":232,"play_id":"032b838d-cb39-45aa-bd6d-0a5fe766bfed","local_time":"20190817170219","is_ascension_mode":true,"campfire_choices":[{"data":"Go for the Eyes","floor":6,"key":"SMITH"},{"floor":11,"key":"REST"},{"data":"Recycle","floor":15,"key":"SMITH"}],"neow_cost":"CURSE","seed_source_timestamp":67931843910409,"circlet_count":0,"master_deck":["AscendersBane","Strike_B","Strike_B","Strike_B","Defend_B","Defend_B","Defend_B","Defend_B","Zap","Dualcast","Go for the Eyes+1","Gash","Finesse","Doubt","Gash","Leap","Barrage","Recycle+1","Biased Cognition","Coolheaded","Self Repair"],"relics":["Cracked Core","Du-Vu Doll","Ornamental Fan","Vajra","Regal Pillow","Old Coin"],"potions_floor_usage":[7,10,13],"damage_taken":[{"damage":4,"enemies":"2 Louse","floor":1,"turns":2},{"damage":0,"enemies":"Cultist","floor":3,"turns":3},{"damage":18,"enemies":"Lagavulin","floor":7,"turns":6},{"damage":0,"enemies":"Jaw Worm","floor":8,"turns":3},{"damage":47,"enemies":"Gremlin Nob","floor":10,"turns":5},{"damage":4,"enemies":"Lagavulin","floor":13,"turns":5},{"damage":42,"enemies":"The Guardian","floor":16,"turns":7}],"seed_played":"5981865009460971178","potions_obtained":[{"floor":1,"key":"Regen Potion"},{"floor":3,"key":"AttackPotion"},{"floor":7,"key":"Dexterity Potion"}],"is_trial":false,"path_per_floor":["M","?","M","$","?","R","E","M","T","E","R","$","E","$","R","B"],"character_chosen":"DEFECT","items_purchased":["Finesse","Recycle","Coolheaded","Self Repair"],"campfire_rested":1,"item_purchase_floors":[4,12,14,14],"current_hp_per_floor":[60,60,60,60,60,60,42,42,42,9,45,45,41,41,41,0],"gold":329,"neow_bonus":"ONE_RARE_RELIC","is_prod":false,"is_daily":false,"chose_seed":false,"campfire_upgraded":2,"win_rate":0,"timestamp":1566075739,"path_taken":["M","?","?","$","?","R","E","M","T","E","R","$","E","$","R","BOSS"],"build_version":"2019-07-17","purchased_purges":1,"victory":false,"max_hp_per_floor":[71,71,71,71,71,71,71,71,71,71,71,71,71,71,71,71],"card_choices":[{"not_picked":["Compile Driver","Double Energy"],"picked":"Go for the Eyes","floor":1},{"not_picked":["Leap","Ball Lightning"],"picked":"Gash","floor":3},{"not_picked":["Hello World","Barrage"],"picked":"Gash","floor":7},{"not_picked":["Streamline","Recycle"],"picked":"Leap","floor":8},{"not_picked":["Go for the Eyes","Cold Snap"],"picked":"Barrage","floor":10},{"not_picked":["Heatsinks","Leap"],"picked":"Biased Cognition","floor":13}],"player_experience":565686,"relics_obtained":[{"floor":7,"key":"Ornamental Fan"},{"floor":9,"key":"Vajra"},{"floor":10,"key":"Regal Pillow"},{"floor":13,"key":"Old Coin"}],"event_choices":[{"cards_removed":["Normality"],"damage_healed":0,"gold_gain":0,"player_choice":"Purged","damage_taken":0,"max_hp_gain":0,"max_hp_loss":0,"event_name":"Purifier","floor":2,"gold_loss":0},{"damage_healed":0,"gold_gain":150,"player_choice":"AGREE","damage_taken":0,"max_hp_gain":0,"max_hp_loss":0,"event_name":"Liars Game","floor":5,"gold_loss":0,"cards_obtained":["Doubt"]}],"is_beta":false,"boss_relics":[],"items_purged_floors":[12],"is_endless":false,"potions_floor_spawned":[1,3,7],"killed_by":"The Guardian","ascension_level":20}