{"gold_per_floor":[110,110,60,70,89,89,69,97,97,97,9,20,20,34,34,107,107,123,123,123,22,22],"floor_reached":22,"playtime":537,"items_purged":["Shame"],"score":346,"play_id":"1de58395-6f5b-4590-aef2-f85b3e7fb7eb","local_time":"20190511193626","is_ascension_mode":true,"campfire_choices":[{"data":"Consume","floor":6.0,"key":"SMITH"},{"floor":10,"key":"REST"},{"data":"Defragment","floor":15,"key":"SMITH"}],"neow_cost":"NONE","seed_source_timestamp":87864161823242,"circlet_count":0,"master_deck":["AscendersBane","Strike_B","Strike_B","Strike_B","Strike_B","Defend_B","Defend_B","Defend_B","Defend_B","Zap","Dualcast","Darkness","Conserve Battery","Doom and Gloom","Consume+1","Reboot","Glacier","Cold Snap","Defragment+1","Electrodynamics","Redo","Steam"],"special_seed":0,"relics":["Inserter","Ornamental Fan","Gremlin Horn","Nuclear Battery","Bronze Scales"],"potions_floor_usage":[8,8,16,19],"damage_taken":[{"damage":8.0,"enemies":"2 Louse","floor":1.0,"turns":4.0},{"damage":0.0,"enemies":"Cultist","floor":4.0,"turns":3.0},{"damage":9.0,"enemies":"Small Slimes","floor":5.0,"turns":5.0},{"damage":34,"enemies":"Gremlin Nob","floor":8,"turns":4},{"damage":4,"enemies":"Exordium Thugs","floor":12,"turns":7},{"damage":10,"enemies":"3 Louse","floor":14,"turns":3},{"damage":17,"enemies":"The Guardian","floor":16,"turns":11},{"damage":24,"enemies":"Shell Parasite","floor":18,"turns":10},{"damage":16,"enemies":"Colosseum Slavers","floor":19,"turns":2},{"damage":15,"enemies":"3 Byrds","floor":22,"turns":2}],"seed_played":"5850055784661072594","potions_obtained":[{"floor":1.0,"key":"Explosive Potion"},{"floor":7.0,"key":"LiquidBronze"},{"floor":8,"key":"Weak Potion"},{"floor":12,"key":"Dexterity Potion"},{"floor":16,"key":"Poison Potion"},{"floor":18,"key":"AttackPotion"}],"is_trial":false,"path_per_floor":["M","?","$","M","M","R","?","E","T","R","$","M","?","M","R","B",null,"M","?","?","$","M"],"character_chosen":"DEFECT","items_purchased":["Conserve Battery","Glacier","Steam"],"campfire_rested":1,"item_purchase_floors":[3,11,21],"current_hp_per_floor":[56,56,56,56,47,47,47,13,13,34,34,30,30,20,20,3,54,30,14,14,14,0],"gold":22,"neow_bonus":"BOSS_RELIC","is_prod":false,"is_daily":false,"chose_seed":false,"campfire_upgraded":2,"win_rate":0,"timestamp":1557617786,"path_taken":["M","?","$","M","M","R","?","E","T","R","$","?","?","M","R","BOSS","M","?","?","$","M"],"build_version":"2019-01-23","purchased_purges":1,"victory":false,"max_hp_per_floor":[71,71,71,71,71,71,71,71,71,71,71,71,71,71,71,71,71,71,71,71,71,71],"card_choices":[{"not_picked":["Sweeping Beam","Ball Lightning"],"picked":"Darkness","floor":1.0},{"not_picked":["Sweeping Beam","Stack"],"picked":"Doom and Gloom","floor":4.0},{"not_picked":["Beam Cell","Force Field"],"picked":"Consume","floor":5.0},{"not_picked":["Go for the Eyes","Stack"],"picked":"Reboot","floor":8},{"not_picked":["Sweeping Beam","Gash"],"picked":"Cold Snap","floor":12},{"not_picked":["Loop","Beam Cell"],"picked":"Defragment","floor":14},{"not_picked":["Seek","Reboot"],"picked":"Electrodynamics","floor":16},{"not_picked":["Rebound","Compile Driver"],"picked":"Redo","floor":18}],"player_experience":356470,"relics_obtained":[{"floor":8,"key":"Ornamental Fan"},{"floor":9,"key":"Gremlin Horn"}],"event_choices":[{"damage_healed":0.0,"max_hp_gain":0.0,"max_hp_loss":0.0,"gold_gain":0.0,"event_name":"The Cleric","player_choice":"Leave","floor":2.0,"gold_loss":0.0,"damage_taken":0.0},{"damage_healed":0.0,"max_hp_gain":0.0,"max_hp_loss":0.0,"gold_gain":0.0,"event_name":"The Woman in Blue","player_choice":"Bought 1 Potion","floor":7.0,"gold_loss":0.0,"damage_taken":0.0},{"damage_healed":0,"gold_gain":0,"player_choice":"Searched \u00270\u0027 times","damage_taken":0,"max_hp_gain":0,"max_hp_loss":0,"event_name":"Dead Adventurer","floor":13,"gold_loss":0},{"damage_healed":0,"gold_gain":0,"player_choice":"Fight","damage_taken":0,"max_hp_gain":0,"max_hp_loss":0,"event_name":"Colosseum","floor":19,"gold_loss":0},{"damage_healed":0,"gold_gain":0,"player_choice":"Fled From Nobs","damage_taken":0,"max_hp_gain":0,"max_hp_loss":0,"event_name":"Colosseum","floor":19,"gold_loss":0},{"damage_healed":0,"gold_gain":0,"player_choice":"Stole Relic","damage_taken":0,"relics_obtained":["Bronze Scales"],"max_hp_gain":0,"max_hp_loss":0,"event_name":"Addict","floor":20,"gold_loss":0,"cards_obtained":["Shame"]}],"is_beta":false,"boss_relics":[{"not_picked":["Pandora\u0027s Box","Philosopher\u0027s Stone"],"picked":"Nuclear Battery"}],"items_purged_floors":[21],"is_endless":false,"potions_floor_spawned":[1,8,12,16,18],"killed_by":"3 Byrds","ascension_level":18}