{"gold_per_floor":[117,42,56,66,66,96,96,151,177,197,230,380,391,391,391,487,487,507,507,507],"floor_reached":20,"playtime":1495,"items_purged":["Clumsy"],"score":384,"play_id":"c6d6ec2f-1cb4-49d4-85ad-09d17246db08","local_time":"20190827215055","is_ascension_mode":true,"campfire_choices":[{"data":"Bash","floor":7.0,"key":"SMITH"},{"data":"True Grit","floor":15.0,"key":"SMITH"}],"neow_cost":"CURSE","seed_source_timestamp":0,"circlet_count":0,"master_deck":["AscendersBane","Strike_R","Strike_R+1","Strike_R","Strike_R","Defend_R","Defend_R","Defend_R","Defend_R","Bash+1","Headbutt","Whirlwind+1","Anger","Carnage","Armaments","True Grit+1","Fiend Fire","Shrug It Off","Doubt","Dual Wield","Demon Form","Sword Boomerang"],"special_seed":0,"relics":["Burning Blood","Ginger","Whetstone","Tiny Chest","Happy Flower","Question Card","Golden Idol","Runic Dome","Enchiridion"],"potions_floor_usage":[20],"damage_taken":[{"damage":1.0,"enemies":"Cultist","floor":1.0,"turns":3.0},{"damage":4.0,"enemies":"2 Louse","floor":3.0,"turns":3.0},{"damage":9.0,"enemies":"Small Slimes","floor":4.0,"turns":4.0},{"damage":32.0,"enemies":"Gremlin Nob","floor":6.0,"turns":4.0},{"damage":10.0,"enemies":"3 Sentries","floor":8.0,"turns":3.0},{"damage":8.0,"enemies":"Blue Slaver","floor":10.0,"turns":4.0},{"damage":9.0,"enemies":"Lagavulin","floor":11.0,"turns":6.0},{"damage":0.0,"enemies":"3 Louse","floor":13.0,"turns":1.0},{"damage":35.0,"enemies":"The Guardian","floor":16.0,"turns":11.0},{"damage":12,"enemies":"Chosen","floor":18,"turns":3},{"damage":30,"enemies":"Shell Parasite","floor":20,"turns":3}],"seed_played":"-5690102105709362932","potions_obtained":[{"floor":6.0,"key":"SkillPotion"},{"floor":8.0,"key":"PowerPotion"},{"floor":10.0,"key":"Poison Potion"},{"floor":16.0,"key":"Poison Potion"}],"is_trial":false,"path_per_floor":["M","$","M","M","?","E","R","E","T","M","E","?","M","?","R","B",null,"M","?","M"],"character_chosen":"IRONCLAD","items_purchased":[],"campfire_rested":0,"item_purchase_floors":[],"current_hp_per_floor":[73,73,75,72,72,46,46,42,42,40,37,37,43,43,43,14,55,49,28,0],"gold":507,"neow_bonus":"ONE_RARE_RELIC","is_prod":false,"is_daily":false,"chose_seed":false,"campfire_upgraded":2,"win_rate":0,"timestamp":1566967855,"path_taken":["M","$","M","M","?","E","R","E","T","M","E","?","M","?","R","BOSS","M","?","M"],"build_version":"2019-07-17","purchased_purges":1,"victory":false,"max_hp_per_floor":[75,75,75,75,75,75,75,75,75,75,75,75,75,68,68,68,68,68,68,68],"card_choices":[{"not_picked":["Warcry","Carnage"],"picked":"Headbutt","floor":1.0},{"not_picked":["Flex","Pummel"],"picked":"Whirlwind","floor":3.0},{"not_picked":["Shrug It Off","Feel No Pain"],"picked":"Anger","floor":4.0},{"not_picked":["Heavy Blade","Second Wind"],"picked":"Armaments","floor":6.0},{"not_picked":["Whirlwind","Dropkick"],"picked":"True Grit","floor":8.0},{"not_picked":["Power Through","Armaments"],"picked":"Fiend Fire","floor":10.0},{"not_picked":["Headbutt","Dual Wield"],"picked":"Shrug It Off","floor":11.0},{"not_picked":["Evolve","Warcry","Cleave"],"picked":"Dual Wield","floor":13.0},{"not_picked":["Berserk","Offering","Reaper"],"picked":"Demon Form","floor":16.0},{"not_picked":["Searing Blow","Fire Breathing","Anger"],"picked":"Sword Boomerang","floor":18}],"player_experience":696129,"relics_obtained":[{"floor":6.0,"key":"Whetstone"},{"floor":8.0,"key":"Tiny Chest"},{"floor":9.0,"key":"Happy Flower"},{"floor":11.0,"key":"Question Card"},{"floor":19,"key":"Enchiridion"}],"event_choices":[{"damage_healed":0.0,"max_hp_gain":0.0,"max_hp_loss":0.0,"gold_gain":0.0,"cards_transformed":["Strike_R"],"event_name":"Living Wall","player_choice":"Change","floor":5.0,"gold_loss":0.0,"damage_taken":0.0,"cards_obtained":["Carnage"]},{"damage_healed":0.0,"max_hp_gain":0.0,"max_hp_loss":0.0,"gold_gain":150.0,"event_name":"Liars Game","player_choice":"AGREE","floor":12.0,"gold_loss":0.0,"damage_taken":0.0,"cards_obtained":["Doubt"]},{"damage_healed":0.0,"max_hp_gain":0.0,"max_hp_loss":7.0,"gold_gain":0.0,"event_name":"Golden Idol","player_choice":"Lose Max HP","floor":14.0,"gold_loss":0.0,"damage_taken":0.0,"relics_obtained":["Golden Idol"]},{"damage_healed":0,"gold_gain":0,"player_choice":"Obtained Book","damage_taken":21,"max_hp_gain":0,"max_hp_loss":0,"event_name":"Cursed Tome","floor":19,"gold_loss":0}],"is_beta":false,"boss_relics":[{"not_picked":["Runic Cube","Black Star"],"picked":"Runic Dome"}],"items_purged_floors":[2],"is_endless":false,"potions_floor_spawned":[6,8,10,16],"killed_by":"Shell Parasite","ascension_level":20}