{"gold_per_floor":[113,130,145,155,80,80,95,95,120,137,37,50,61,61,61,156,156,174,273,273,273,283,283,90,90,160,160,160,160,160],"floor_reached":30,"playtime":834,"items_purged":["Strike_R","Strike_R","Regret"],"score":286,"play_id":"9c33d685-f718-4787-bb37-3a81ba4cab08","local_time":"20190901223532","is_ascension_mode":true,"campfire_choices":[{"data":"Bash","floor":6,"key":"SMITH"},{"floor":15,"key":"REST"},{"floor":23,"key":"REST"},{"data":"Body Slam","floor":27,"key":"SMITH"},{"floor":29,"key":"REST"}],"neow_cost":"PERCENT_DAMAGE","seed_source_timestamp":516026453962429,"circlet_count":0,"master_deck":["Strike_R+1","Strike_R+1","Strike_R+1","Defend_R+1","Defend_R+1","Defend_R+1","Defend_R+1","Bash+1","Limit Break","Thunderclap","Shrug It Off","Body Slam+1","Impervious"],"relics":["Burning Blood","Red Skull","Bronze Scales","Runic Pyramid","Bag of Preparation","Dodecahedron"],"potions_floor_usage":[16,16,16,22,22],"damage_taken":[{"damage":1,"enemies":"Cultist","floor":1,"turns":4},{"damage":3,"enemies":"Small Slimes","floor":2,"turns":4},{"damage":0,"enemies":"2 Louse","floor":3,"turns":3},{"damage":23,"enemies":"Large Slime","floor":4,"turns":9},{"damage":12,"enemies":"Looter","floor":7,"turns":4},{"damage":25,"enemies":"2 Fungi Beasts","floor":10,"turns":3},{"damage":11,"enemies":"Blue Slaver","floor":12,"turns":3},{"damage":12,"enemies":"Looter","floor":13,"turns":3},{"damage":42,"enemies":"The Guardian","floor":16,"turns":9},{"damage":50,"enemies":"2 Thieves","floor":18,"turns":5},{"damage":11,"enemies":"Spheric Guardian","floor":22,"turns":4},{"damage":54,"enemies":"Gremlin Leader","floor":30,"turns":4}],"seed_played":"7214080107141247844","potions_obtained":[{"floor":1,"key":"Regen Potion"},{"floor":3,"key":"SneckoOil"},{"floor":10,"key":"Energy Potion"},{"floor":13,"key":"Strength Potion"},{"floor":16,"key":"Block Potion"},{"floor":18,"key":"SpeedPotion"}],"is_trial":false,"path_per_floor":["M","M","M","M","$","R","M","?","T","M","$","M","M","$","R","B",null,"M","?","?","?","M","R","$","?","T","R","?","R","E"],"character_chosen":"IRONCLAD","items_purchased":["Impervious"],"campfire_rested":3,"item_purchase_floors":[24],"current_hp_per_floor":[56,59,65,48,48,48,42,42,42,23,23,18,12,12,36,15,64,20,20,20,20,15,39,39,39,39,39,24,49,0],"gold":160,"neow_bonus":"THREE_RARE_CARDS","is_prod":false,"is_daily":false,"chose_seed":false,"campfire_upgraded":2,"win_rate":0,"timestamp":1567370132,"path_taken":["M","M","M","M","?","R","M","?","T","M","$","M","M","$","R","BOSS","M","?","?","?","M","R","$","?","T","R","?","R","E"],"build_version":"2019-07-17","purchased_purges":3,"victory":false,"max_hp_per_floor":[80,80,80,80,80,80,80,80,80,80,80,80,80,80,80,80,80,80,80,80,80,80,80,80,80,80,80,85,85,85],"card_choices":[{"not_picked":["Dark Embrace","Brutality"],"picked":"Limit Break","floor":0},{"not_picked":["Searing Blow","Clash"],"picked":"Thunderclap","floor":1},{"not_picked":["Twin Strike","Fire Breathing","Iron Wave"],"picked":"SKIP","floor":2},{"not_picked":["Warcry","Twin Strike","Blood for Blood"],"picked":"SKIP","floor":3},{"not_picked":["Corruption","Pommel Strike","Anger"],"picked":"SKIP","floor":4},{"not_picked":["Perfected Strike","Pommel Strike","Iron Wave"],"picked":"SKIP","floor":7},{"not_picked":["Shockwave","Evolve"],"picked":"Shrug It Off","floor":10},{"not_picked":["Headbutt","Havoc","Carnage"],"picked":"SKIP","floor":12},{"not_picked":["Shockwave","Bloodletting","Blood for Blood"],"picked":"SKIP","floor":13},{"not_picked":["Clash","Searing Blow"],"picked":"Body Slam","floor":18},{"not_picked":["Heavy Blade","Iron Wave","Perfected Strike"],"picked":"SKIP","floor":22}],"player_experience":149856,"relics_obtained":[{"floor":9,"key":"Bronze Scales"},{"floor":26,"key":"Dodecahedron"}],"event_choices":[{"damage_healed":0,"gold_gain":0,"player_choice":"Box","damage_taken":0,"relics_obtained":["Red Skull"],"max_hp_gain":0,"max_hp_loss":0,"event_name":"Big Fish","floor":8,"gold_loss":0,"cards_obtained":["Regret"]},{"damage_healed":0,"gold_gain":99,"player_choice":"Stole From Cult","damage_taken":0,"max_hp_gain":0,"max_hp_loss":0,"event_name":"Nest","floor":19,"gold_loss":0},{"damage_healed":0,"gold_gain":0,"player_choice":"Opened","damage_taken":0,"relics_obtained":["Bag of Preparation"],"max_hp_gain":0,"max_hp_loss":0,"event_name":"The Mausoleum","floor":20,"gold_loss":0},{"damage_healed":0,"gold_gain":0,"player_choice":"Ignored","damage_taken":0,"max_hp_gain":0,"max_hp_loss":0,"event_name":"Ghosts","floor":21,"gold_loss":0},{"damage_healed":0,"gold_gain":0,"player_choice":"Simplicity","damage_taken":0,"max_hp_gain":0,"max_hp_loss":0,"event_name":"Back to Basics","floor":25,"gold_loss":0,"cards_upgraded":["Strike_R","Strike_R","Strike_R","Defend_R","Defend_R","Defend_R","Defend_R"]},{"damage_healed":0,"gold_gain":0,"player_choice":"Shed Blood","damage_taken":20,"max_hp_gain":5,"max_hp_loss":0,"event_name":"Forgotten Altar","floor":28,"gold_loss":0}],"is_beta":false,"boss_relics":[{"not_picked":["Fusion Hammer","Black Blood"],"picked":"Runic Pyramid"}],"items_purged_floors":[5,11,24],"is_endless":false,"potions_floor_spawned":[1,3,10,13,16,18],"killed_by":"Gremlin Leader","ascension_level":6}