{"gold_per_floor":[113,263,263,273,273,298,298,314,314,314,334,334],"floor_reached":12,"playtime":195,"items_purged":[],"score":202,"play_id":"e2023d46-0903-41f0-b659-1111e743b7a8","local_time":"20190902023357","is_ascension_mode":true,"campfire_choices":[{"data":"Metallicize","floor":7,"key":"SMITH"},{"data":"Shockwave","floor":10,"key":"SMITH"}],"neow_cost":"NONE","seed_source_timestamp":1398482336436056,"circlet_count":0,"master_deck":["AscendersBane","Strike_R","Strike_R","Strike_R","Strike_R","Strike_R","Defend_R","Defend_R","Defend_R","Defend_R","Bash+1","Metallicize+1","Evolve","Infernal Blade","Shockwave+1","Shrug It Off"],"relics":["Burning Blood","NeowsBlessing","Question Card","Ornamental Fan","Odd Mushroom"],"potions_floor_usage":[12],"damage_taken":[{"damage":0,"enemies":"Small Slimes","floor":1,"turns":1},{"damage":0,"enemies":"2 Louse","floor":4,"turns":2},{"damage":0,"enemies":"3 Sentries","floor":6,"turns":2},{"damage":12,"enemies":"Jaw Worm","floor":8,"turns":3},{"damage":13,"enemies":"The Mushroom Lair","floor":11,"turns":5},{"damage":13,"enemies":"Gremlin Nob","floor":12,"turns":4}],"seed_played":"2105283704683071874","potions_obtained":[{"floor":1,"key":"Dexterity Potion"},{"floor":4,"key":"Weak Potion"}],"is_trial":false,"path_per_floor":["M","?","?","M","?","E","R","M","T","R","?","E"],"character_chosen":"IRONCLAD","items_purchased":[],"campfire_rested":0,"item_purchase_floors":[],"current_hp_per_floor":[74,74,74,75,68,74,74,68,68,68,61,48],"gold":334,"neow_bonus":"THREE_ENEMY_KILL","is_prod":false,"is_daily":false,"chose_seed":false,"campfire_upgraded":2,"win_rate":0,"timestamp":1567406037,"path_taken":["M","?","?","M","?","E","R","M","T","R","?","E"],"build_version":"2019-07-17","purchased_purges":0,"victory":false,"max_hp_per_floor":[75,75,75,75,75,75,75,75,75,75,75,75],"card_choices":[{"not_picked":["Cleave","Thunderclap"],"picked":"Metallicize","floor":1},{"not_picked":["Sword Boomerang","Perfected Strike"],"picked":"Evolve","floor":4},{"not_picked":["Perfected Strike","Burning Pact"],"picked":"Infernal Blade","floor":6},{"not_picked":["Entrench","Battle Trance","Twin Strike"],"picked":"Shockwave","floor":8},{"not_picked":["Evolve","Ghostly Armor","Power Through"],"picked":"Shrug It Off","floor":11}],"player_experience":623705,"relics_obtained":[{"floor":6,"key":"Question Card"},{"floor":9,"key":"Ornamental Fan"},{"floor":11,"key":"Odd Mushroom"}],"event_choices":[{"damage_healed":0,"gold_gain":150,"player_choice":"AGREE","damage_taken":0,"max_hp_gain":0,"max_hp_loss":0,"event_name":"Liars Game","floor":2,"gold_loss":0,"cards_obtained":["Doubt"]},{"damage_healed":0,"gold_gain":0,"player_choice":"Grow","damage_taken":0,"max_hp_gain":0,"max_hp_loss":0,"event_name":"Living Wall","floor":3,"gold_loss":0,"cards_upgraded":["Bash"]},{"cards_removed":["Doubt"],"damage_healed":0,"gold_gain":0,"player_choice":"Card Removal","damage_taken":7,"max_hp_gain":0,"max_hp_loss":0,"event_name":"Golden Wing","floor":5,"gold_loss":0},{"damage_healed":0,"gold_gain":0,"player_choice":"Fought Mushrooms","damage_taken":0,"max_hp_gain":0,"max_hp_loss":0,"event_name":"Mushrooms","floor":11,"gold_loss":0}],"is_beta":false,"boss_relics":[],"items_purged_floors":[],"is_endless":false,"potions_floor_spawned":[1,4],"killed_by":"Gremlin Nob","ascension_level":20}