{"gold_per_floor":[117,61,71,36,36,67,67,67,90,125,13,45,45,65,65,138,138,148,167,1,1,17,17,79,104,128,128,156,206,206,219,219,293,293,305,325,375,425],"floor_reached":38,"playtime":3469,"items_purged":["Strike_B"],"score":890,"play_id":"4ad16c57-56ce-4361-ab3f-374864ec4532","local_time":"20190509192011","is_ascension_mode":true,"campfire_choices":[{"data":"White Noise","floor":8.0,"key":"SMITH"},{"data":"Coolheaded","floor":15.0,"key":"SMITH"},{"floor":23.0,"key":"REST"},{"data":"Electrodynamics","floor":27.0,"key":"SMITH"},{"data":"Glacier","floor":30.0,"key":"SMITH"},{"floor":32.0,"key":"REST"}],"neow_cost":"NONE","seed_source_timestamp":2486474920207144,"circlet_count":0,"master_deck":["AscendersBane","Strike_B","Defend_B","Defend_B","Defend_B","Defend_B+1","Zap+1","Dualcast","White Noise+1","Rip and Tear+1","Coolheaded+1","Self Repair","Sunder","Coolheaded","Electrodynamics+1","Streamline","Undo","Glacier+1","Cold Snap","Coolheaded","Capacitor","Hyperbeam","Self Repair","Force Field","Buffer","White Noise","White Noise+1"],"special_seed":0,"relics":["Cracked Core","NeowsBlessing","Pocketwatch","PreservedInsect","Oddly Smooth Stone","Blood Vial","Velvet Choker","SsserpentHead","Mango","Anchor","Du-Vu Doll","Black Star"],"potions_floor_usage":[33],"damage_taken":[{"damage":0.0,"enemies":"Small Slimes","floor":1.0,"turns":1.0},{"damage":0.0,"enemies":"2 Louse","floor":3.0,"turns":1.0},{"damage":0.0,"enemies":"Gremlin Nob","floor":6.0,"turns":1.0},{"damage":5.0,"enemies":"3 Sentries","floor":10.0,"turns":4.0},{"damage":8.0,"enemies":"Gremlin Nob","floor":12.0,"turns":3.0},{"damage":7.0,"enemies":"Jaw Worm","floor":14.0,"turns":3.0},{"damage":32.0,"enemies":"Hexaghost","floor":16.0,"turns":12.0},{"damage":16.0,"enemies":"3 Byrds","floor":18.0,"turns":4.0},{"damage":22.0,"enemies":"2 Thieves","floor":19.0,"turns":2.0},{"damage":23.0,"enemies":"Snake Plant","floor":22.0,"turns":5.0},{"damage":10.0,"enemies":"Snecko","floor":24.0,"turns":4.0},{"damage":17.0,"enemies":"Slavers","floor":25.0,"turns":4.0},{"damage":25.0,"enemies":"Book of Stabbing","floor":28.0,"turns":6.0},{"damage":5.0,"enemies":"Centurion and Healer","floor":31.0,"turns":7.0},{"damage":40,"enemies":"Collector","floor":33,"turns":19},{"damage":8,"enemies":"3 Shapes","floor":35,"turns":5},{"damage":57,"enemies":"3 Darklings","floor":36,"turns":6},{"damage":53,"enemies":"Maw","floor":38,"turns":10}],"seed_played":"-675027423970832571","potions_obtained":[{"floor":1.0,"key":"GamblersBrew"},{"floor":10.0,"key":"Strength Potion"},{"floor":12.0,"key":"SkillPotion"},{"floor":16.0,"key":"Fruit Juice"},{"floor":18.0,"key":"SpeedPotion"},{"floor":22.0,"key":"Fire Potion"}],"is_trial":false,"path_per_floor":["M","$","M","?","?","E","?","R","T","E","$","E","?","M","R","B",null,"M","M","$","?","M","R","M","E","T","R","E","?","R","M","R","B",null,"M","M","?","M"],"character_chosen":"DEFECT","items_purchased":["Explosive Potion","Self Repair","Glacier","Regen Potion"],"campfire_rested":2,"item_purchase_floors":[2,11,20,20],"current_hp_per_floor":[64,64,64,71,71,71,50,50,50,45,45,44,44,46,46,23,59,52,37,37,37,23,45,44,50,50,50,34,34,34,45,72,63,83,90,47,47,0],"gold":425,"neow_bonus":"THREE_ENEMY_KILL","is_prod":false,"is_daily":false,"chose_seed":false,"campfire_upgraded":4,"win_rate":0,"timestamp":1557444011,"path_taken":["M","$","M","?","?","E","?","R","T","E","$","E","?","M","R","BOSS","M","M","$","?","M","R","?","E","T","R","E","?","R","M","R","BOSS","M","M","?","?"],"build_version":"2019-01-23","purchased_purges":1,"victory":false,"max_hp_per_floor":[71,71,71,71,71,71,71,71,71,71,71,71,71,71,71,71,71,71,76,76,76,76,76,76,90,90,90,90,90,90,90,90,90,90,90,90,90,90],"card_choices":[{"not_picked":["Stack","Heatsinks"],"picked":"White Noise","floor":1.0},{"not_picked":["Storm","Sweeping Beam"],"picked":"Rip and Tear","floor":3.0},{"not_picked":["Turbo","Gash","Redo"],"picked":"SKIP","floor":6.0},{"not_picked":["Sweeping Beam","Meteor Strike"],"picked":"Coolheaded","floor":10.0},{"not_picked":["Reprogram","Barrage"],"picked":"Sunder","floor":12.0},{"not_picked":["Streamline","Sunder"],"picked":"Coolheaded","floor":14.0},{"not_picked":["Meteor Strike","Core Surge"],"picked":"Electrodynamics","floor":16.0},{"not_picked":["Turbo","Melter"],"picked":"Streamline","floor":18.0},{"not_picked":["Rebound","Barrage"],"picked":"Undo","floor":19.0},{"not_picked":["Turbo","Rebound+1"],"picked":"Cold Snap","floor":22.0},{"not_picked":["Loop","Redo"],"picked":"Coolheaded","floor":24.0},{"not_picked":["Gash","Scrape+1","Lockon"],"picked":"SKIP","floor":25.0},{"not_picked":["Steam Power+1","Hologram"],"picked":"Capacitor","floor":28.0},{"not_picked":["Go for the Eyes","Leap"],"picked":"Force Field","floor":31.0},{"not_picked":["Machine Learning","Reboot"],"picked":"Buffer","floor":33},{"not_picked":["Aggregate+1","Conserve Battery+1"],"picked":"White Noise","floor":35},{"not_picked":["Rip and Tear+1","Hologram","Compile Driver+1"],"picked":"SKIP","floor":36}],"player_experience":347328,"relics_obtained":[{"floor":6.0,"key":"Pocketwatch"},{"floor":9.0,"key":"PreservedInsect"},{"floor":10.0,"key":"Oddly Smooth Stone"},{"floor":12.0,"key":"Blood Vial"},{"floor":25.0,"key":"Mango"},{"floor":26.0,"key":"Anchor"},{"floor":28.0,"key":"Du-Vu Doll"}],"event_choices":[{"damage_healed":17.0,"max_hp_gain":0.0,"max_hp_loss":0.0,"gold_gain":0.0,"event_name":"The Cleric","player_choice":"Healed","floor":4.0,"gold_loss":35.0,"damage_taken":0.0},{"damage_healed":0.0,"max_hp_gain":0.0,"max_hp_loss":0.0,"gold_gain":0.0,"event_name":"Liars Game","player_choice":"Ignored","floor":5.0,"gold_loss":0.0,"damage_taken":0.0},{"damage_healed":0.0,"max_hp_gain":0.0,"max_hp_loss":0.0,"gold_gain":0.0,"event_name":"Shining Light","player_choice":"Entered Light","floor":7.0,"gold_loss":0.0,"damage_taken":21.0,"cards_upgraded":["Rip and Tear","Defend_B"]},{"damage_healed":0.0,"max_hp_gain":0.0,"max_hp_loss":0.0,"gold_gain":0.0,"event_name":"Living Wall","player_choice":"Grow","floor":13.0,"gold_loss":0.0,"damage_taken":0.0,"cards_upgraded":["Zap"]},{"damage_healed":0.0,"max_hp_gain":0.0,"max_hp_loss":0.0,"gold_gain":0.0,"event_name":"FaceTrader","player_choice":"Trade","floor":21.0,"gold_loss":0.0,"damage_taken":0.0,"relics_obtained":["SsserpentHead"]},{"damage_healed":0.0,"max_hp_gain":0.0,"max_hp_loss":0.0,"gold_gain":0.0,"cards_transformed":["Strike_B","Strike_B"],"event_name":"Drug Dealer","player_choice":"Became Test Subject","floor":29.0,"gold_loss":0.0,"damage_taken":0.0,"cards_obtained":["Hyperbeam","Self Repair"]},{"damage_healed":0,"gold_gain":0,"player_choice":"Copied","damage_taken":0,"max_hp_gain":0,"max_hp_loss":0,"event_name":"Duplicator","floor":37,"gold_loss":0,"cards_obtained":["White Noise"]}],"is_beta":false,"boss_relics":[{"not_picked":["Runic Dome","Philosopher\u0027s Stone"],"picked":"Velvet Choker"},{"not_picked":["White Beast Statue","Pandora\u0027s Box"],"picked":"Black Star"}],"items_purged_floors":[11],"is_endless":false,"potions_floor_spawned":[1,10,12,16,18,22,28],"killed_by":"Maw","ascension_level":18}