{"gold_per_floor":[118,118,118,134,147,147,177,177,201,217,217,250,250,262,262,334,334,350,366,366,383,394,425,436,464,515,515,515,515,56,56,56,129,129,140,240,240,250,250,285,84,94,118,118,118,129,15,28,28,28],"floor_reached":50,"playtime":1653,"items_purged":["Strike_B"],"score":934,"play_id":"82a105d8-baae-4b4b-a9d7-96e8463c32a7","local_time":"20190403210308","is_ascension_mode":true,"campfire_choices":[{"data":"White Noise","floor":6,"key":"SMITH"},{"data":"White Noise","floor":8,"key":"SMITH"},{"floor":15,"key":"REST"},{"floor":27,"key":"REST"},{"data":"Electrodynamics","floor":29,"key":"SMITH"},{"data":"Apotheosis","floor":32,"key":"SMITH"},{"floor":45,"key":"REST"},{"floor":49,"key":"REST"}],"neow_cost":"NONE","seed_source_timestamp":1824783520595467,"circlet_count":0,"master_deck":["AscendersBane","Defend_B","Defend_B","Defend_B+1","Defend_B","Zap","Dualcast","White Noise+1","White Noise+1","Self Repair","Chill","Self Repair","Electrodynamics+1","Rebound+1","Aggregate+1","Genetic Algorithm+1","Ball Lightning","Self Repair","RitualDagger","Coolheaded","Static Discharge+1","Electrodynamics","Apotheosis+1","Compile Driver","Streamline","Biased Cognition","Capacitor","Master of Strategy","Self Repair+1","BootSequence","Master of Strategy","Loop+1","Cold Snap","Doom and Gloom+1","Self Repair+1"],"relics":["Cracked Core","NeowsBlessing","Ancient Tea Set","Bag of Marbles","Mercury Hourglass","Gremlin Horn","Astrolabe","The Courier","Strawberry","Pen Nib","Darkstone Periapt","Kunai","Runic Pyramid","StoneCalendar","Dodecahedron","Bronze Scales","Happy Flower"],"potions_floor_usage":[16,19,23,23,46,46],"damage_taken":[{"damage":0,"enemies":"Jaw Worm","floor":1,"turns":1},{"damage":0,"enemies":"Small Slimes","floor":4,"turns":1},{"damage":0,"enemies":"Cultist","floor":5,"turns":1},{"damage":34,"enemies":"Lagavulin","floor":7,"turns":6},{"damage":9,"enemies":"Exordium Wildlife","floor":10,"turns":5},{"damage":32,"enemies":"3 Sentries","floor":12,"turns":9},{"damage":7,"enemies":"Red Slaver","floor":14,"turns":3},{"damage":14,"enemies":"The Guardian","floor":16,"turns":9},{"damage":18,"enemies":"Spheric Guardian","floor":18,"turns":5},{"damage":26,"enemies":"2 Thieves","floor":19,"turns":4},{"damage":12,"enemies":"3 Cultists","floor":21,"turns":3},{"damage":26,"enemies":"Cultist and Chosen","floor":22,"turns":6},{"damage":28,"enemies":"Book of Stabbing","floor":23,"turns":5},{"damage":13,"enemies":"Centurion and Healer","floor":24,"turns":7},{"damage":34,"enemies":"Slavers","floor":25,"turns":2},{"damage":53,"enemies":"Collector","floor":33,"turns":8},{"damage":22,"enemies":"3 Darklings","floor":35,"turns":5},{"damage":0,"enemies":"Mind Bloom Boss Battle","floor":36,"turns":3},{"damage":4,"enemies":"3 Shapes","floor":38,"turns":4},{"damage":20,"enemies":"Reptomancer","floor":40,"turns":6},{"damage":59,"enemies":"Transient","floor":42,"turns":5},{"damage":62,"enemies":"Spire Growth","floor":46,"turns":7},{"damage":0,"enemies":"Jaw Worm Horde","floor":48,"turns":3},{"damage":69,"enemies":"Awakened One","floor":50,"turns":5}],"seed_played":"-4325609169792523942","potions_obtained":[{"floor":1,"key":"Block Potion"},{"floor":3,"key":"FocusPotion"},{"floor":19,"key":"Fruit Juice"},{"floor":22,"key":"Block Potion"},{"floor":25,"key":"Poison Potion"},{"floor":33,"key":"FairyPotion"},{"floor":35,"key":"Block Potion"}],"is_trial":false,"path_per_floor":["M","?","?","M","M","R","E","R","T","M","?","E","T","M","R","B",null,"M","M","?","M","M","E","M","E","T","R","T","R","$","?","R","B",null,"M","?","?","M","?","E","$","M","T","?","R","M","$","M","R","B"],"character_chosen":"DEFECT","items_purchased":["Apotheosis","Kunai","Compile Driver","Streamline","Master of Strategy","Loop","Happy Flower"],"campfire_rested":4,"item_purchase_floors":[30,30,30,30,41,41,47],"current_hp_per_floor":[64,50,50,50,50,50,23,23,23,21,44,19,19,19,40,40,63,71,64,58,60,55,48,56,36,36,60,60,60,60,60,60,37,72,83,83,83,83,79,79,79,40,40,40,63,35,35,42,65,0],"gold":28,"neow_bonus":"THREE_ENEMY_KILL","is_prod":false,"is_daily":false,"chose_seed":false,"campfire_upgraded":4,"win_rate":0,"timestamp":1554339788,"path_taken":["M","?","?","M","M","R","E","R","T","?","?","E","?","?","R","BOSS","M","M","?","M","M","E","M","E","T","R","?","R","$","?","R","BOSS","M","?","?","M","?","E","$","?","T","?","R","M","$","M","R","BOSS"],"build_version":"2019-01-23","purchased_purges":1,"victory":false,"max_hp_per_floor":[71,71,71,71,71,71,71,71,71,71,71,71,71,71,71,71,71,71,76,76,76,76,76,76,83,83,83,83,83,83,83,83,83,83,83,83,83,83,79,79,79,79,79,79,79,79,79,79,79,79],"card_choices":[{"not_picked":["Capacitor","Rip and Tear"],"picked":"White Noise","floor":1},{"not_picked":["Hologram","Turbo"],"picked":"White Noise","floor":4},{"not_picked":["Gash","Darkness"],"picked":"Self Repair","floor":5},{"not_picked":["Barrage","Melter","Undo"],"picked":"SKIP","floor":7},{"not_picked":["Storm","Beam Cell","Doom and Gloom"],"picked":"SKIP","floor":10},{"not_picked":["Melter","Hologram"],"picked":"Chill","floor":12},{"not_picked":["Barrage","Cold Snap"],"picked":"Self Repair","floor":14},{"not_picked":["Amplify","Buffer"],"picked":"Electrodynamics","floor":16},{"not_picked":["Leap","Chill"],"picked":"Ball Lightning","floor":18},{"not_picked":["Conserve Battery","Cold Snap"],"picked":"Self Repair","floor":19},{"not_picked":["Rebound","Compile Driver"],"picked":"Coolheaded","floor":21},{"not_picked":["Streamline","Sweeping Beam"],"picked":"Static Discharge+1","floor":22},{"not_picked":["White Noise","Steam Power"],"picked":"Electrodynamics","floor":23},{"not_picked":["Gash","Storm","Darkness"],"picked":"SKIP","floor":24},{"not_picked":["Compile Driver","Sweeping Beam","Beam Cell"],"picked":"SKIP","floor":25},{"not_picked":["Seek","Multi-Cast"],"picked":"Biased Cognition","floor":33},{"not_picked":["Beam Cell","Doom and Gloom"],"picked":"Capacitor","floor":35},{"not_picked":["Forethought","Good Instincts"],"picked":"Master of Strategy","floor":37},{"not_picked":["Beam Cell","Streamline"],"picked":"Self Repair+1","floor":38},{"not_picked":["Barrage","Leap"],"picked":"BootSequence","floor":40},{"not_picked":["Tempest","Rebound"],"picked":"Cold Snap","floor":42},{"not_picked":["Undo","Turbo+1"],"picked":"Doom and Gloom+1","floor":46},{"not_picked":["Hologram","Steam+1"],"picked":"Self Repair+1","floor":48}],"player_experience":233829,"relics_obtained":[{"floor":7,"key":"Ancient Tea Set"},{"floor":9,"key":"Bag of Marbles"},{"floor":12,"key":"Mercury Hourglass"},{"floor":13,"key":"Gremlin Horn"},{"floor":23,"key":"The Courier"},{"floor":25,"key":"Strawberry"},{"floor":26,"key":"Pen Nib"},{"floor":28,"key":"Darkstone Periapt"},{"floor":36,"key":"StoneCalendar"},{"floor":40,"key":"Dodecahedron"},{"floor":43,"key":"Bronze Scales"}],"event_choices":[{"damage_healed":0,"gold_gain":0,"player_choice":"Entered Light","damage_taken":14,"max_hp_gain":0,"max_hp_loss":0,"event_name":"Shining Light","floor":2,"gold_loss":0,"cards_upgraded":["Defend_B","Strike_B"]},{"damage_healed":0,"gold_gain":0,"player_choice":"Got Potions","damage_taken":0,"max_hp_gain":0,"max_hp_loss":0,"event_name":"Lab","floor":3,"gold_loss":0},{"damage_healed":23,"gold_gain":0,"player_choice":"Banana","damage_taken":0,"max_hp_gain":0,"max_hp_loss":0,"event_name":"Big Fish","floor":11,"gold_loss":0},{"damage_healed":0,"gold_gain":0,"player_choice":"Joined the Cult","damage_taken":6,"max_hp_gain":0,"max_hp_loss":0,"event_name":"Nest","floor":20,"gold_loss":0,"cards_obtained":["RitualDagger"]},{"damage_healed":0,"gold_gain":0,"player_choice":"Ignored","damage_taken":0,"max_hp_gain":0,"max_hp_loss":0,"event_name":"Ghosts","floor":31,"gold_loss":0},{"damage_healed":0,"gold_gain":0,"player_choice":"Fight","damage_taken":0,"max_hp_gain":0,"max_hp_loss":0,"event_name":"MindBloom","floor":36,"gold_loss":0},{"damage_healed":0,"gold_gain":0,"player_choice":"Memory 1","damage_taken":0,"max_hp_gain":0,"max_hp_loss":0,"event_name":"SensoryStone","floor":37,"gold_loss":0},{"damage_healed":0,"gold_gain":0,"player_choice":"Max HP","damage_taken":0,"max_hp_gain":0,"max_hp_loss":4,"event_name":"Winding Halls","floor":39,"gold_loss":0},{"damage_healed":0,"gold_gain":0,"player_choice":"Upgraded","damage_taken":0,"max_hp_gain":0,"max_hp_loss":0,"event_name":"Upgrade Shrine","floor":44,"gold_loss":0,"cards_upgraded":["Loop"]}],"is_beta":false,"boss_relics":[{"not_picked":["Tiny House","Orrery"],"picked":"Astrolabe"},{"not_picked":["Coffee Dripper","Busted Crown"],"picked":"Runic Pyramid"}],"items_purged_floors":[30],"is_endless":false,"potions_floor_spawned":[1,7,10,19,22,25,33,35,36,42],"killed_by":"Awakened One","ascension_level":14}