{"gold_per_floor":[110,120,120,50,50,50,82,82,136,136,165,165,209,224,224,348,348,338,263,263,136,336,336],"floor_reached":23,"playtime":842,"items_purged":["Strike_R","Strike_R"],"score":262,"play_id":"3c18f793-880e-47ab-8cef-03b52f397003","local_time":"20190818222646","is_ascension_mode":true,"campfire_choices":[{"data":"Bash","floor":6,"key":"SMITH"},{"data":"Armaments","floor":8,"key":"SMITH"},{"data":"Shrug It Off","floor":12,"key":"SMITH"},{"data":"Cleave","floor":15,"key":"SMITH"}],"neow_cost":"NONE","seed_source_timestamp":43148661556715,"circlet_count":0,"master_deck":["Strike_R","Strike_R","Defend_R","Defend_R","Defend_R","Defend_R","Bash+1","Feel No Pain","Armaments+1","Dropkick","Shrug It Off+1","Cleave+1","Fiend Fire","Sever Soul","Rampage","Headbutt"],"relics":["Burning Blood","NeowsBlessing","Darkstone Periapt","Bag of Preparation","Golden Idol","Odd Mushroom","Shovel","Orrery"],"potions_floor_usage":[11,16,16,18],"damage_taken":[{"damage":0,"enemies":"Cultist","floor":1,"turns":1},{"damage":0,"enemies":"Jaw Worm","floor":2,"turns":1},{"damage":0,"enemies":"Gremlin Nob","floor":7,"turns":1},{"damage":25,"enemies":"The Mushroom Lair","floor":11,"turns":5},{"damage":27,"enemies":"3 Sentries","floor":13,"turns":14},{"damage":0,"enemies":"2 Louse","floor":14,"turns":3},{"damage":20,"enemies":"Slime Boss","floor":16,"turns":11},{"damage":28,"enemies":"2 Thieves","floor":18,"turns":4},{"damage":68,"enemies":"Slavers","floor":23,"turns":5}],"seed_played":"-3202483451261907172","potions_obtained":[{"floor":1,"key":"AttackPotion"},{"floor":7,"key":"PowerPotion"},{"floor":11,"key":"FearPotion"},{"floor":14,"key":"Fire Potion"}],"is_trial":false,"path_per_floor":["M","M","?","$","?","R","E","R","T","?","?","R","E","M","R","B",null,"M","$","?","$","?","E"],"character_chosen":"IRONCLAD","items_purchased":["Dropkick","Headbutt"],"campfire_rested":0,"item_purchase_floors":[4,21],"current_hp_per_floor":[80,80,73,73,78,78,84,84,84,63,44,44,23,29,29,15,85,63,63,63,63,63,0],"gold":336,"neow_bonus":"THREE_ENEMY_KILL","is_prod":false,"is_daily":false,"chose_seed":false,"campfire_upgraded":4,"win_rate":0,"timestamp":1566134806,"path_taken":["M","?","?","$","?","R","E","R","T","?","?","R","E","M","R","BOSS","M","$","?","$","?","E"],"build_version":"2019-07-17","purchased_purges":2,"victory":false,"max_hp_per_floor":[80,80,80,80,85,85,85,85,85,85,85,85,85,85,85,85,85,85,85,85,85,85,85],"card_choices":[{"not_picked":["Evolve","Perfected Strike"],"picked":"Feel No Pain","floor":1},{"not_picked":["Thunderclap","Sentinel"],"picked":"Armaments","floor":2},{"not_picked":["Sword Boomerang","Armaments","Combust"],"picked":"SKIP","floor":7},{"not_picked":["Thunderclap","Twin Strike"],"picked":"Shrug It Off","floor":11},{"not_picked":["Heavy Blade","Wild Strike","Clash"],"picked":"SKIP","floor":13},{"not_picked":["Heavy Blade","Twin Strike"],"picked":"Cleave","floor":14},{"not_picked":["Immolate","Demon Form"],"picked":"Fiend Fire","floor":16},{"not_picked":["Thunderclap","Heavy Blade"],"picked":"Sever Soul","floor":17},{"not_picked":["Body Slam","Evolve"],"picked":"Rampage","floor":17},{"not_picked":["Cleave","Perfected Strike","Iron Wave+1"],"picked":"SKIP","floor":18}],"player_experience":188370,"relics_obtained":[{"floor":7,"key":"Darkstone Periapt"},{"floor":9,"key":"Bag of Preparation"},{"floor":11,"key":"Odd Mushroom"},{"floor":13,"key":"Shovel"}],"event_choices":[{"cards_removed":["Strike_R"],"damage_healed":0,"gold_gain":0,"player_choice":"Card Removal","damage_taken":7,"max_hp_gain":0,"max_hp_loss":0,"event_name":"Golden Wing","floor":3,"gold_loss":0},{"damage_healed":0,"gold_gain":0,"player_choice":"Donut","damage_taken":0,"max_hp_gain":5,"max_hp_loss":0,"event_name":"Big Fish","floor":5,"gold_loss":0},{"damage_healed":0,"gold_gain":0,"player_choice":"Take Damage","damage_taken":21,"relics_obtained":["Golden Idol"],"max_hp_gain":0,"max_hp_loss":0,"event_name":"Golden Idol","floor":10,"gold_loss":0},{"damage_healed":0,"gold_gain":0,"player_choice":"Fought Mushrooms","damage_taken":0,"max_hp_gain":0,"max_hp_loss":0,"event_name":"Mushrooms","floor":11,"gold_loss":0},{"damage_healed":0,"gold_gain":0,"player_choice":"Ignored","damage_taken":0,"max_hp_gain":0,"max_hp_loss":0,"event_name":"The Mausoleum","floor":20,"gold_loss":0},{"damage_healed":0,"gold_gain":250,"player_choice":"Bet on Owner","damage_taken":0,"max_hp_gain":0,"max_hp_loss":0,"event_name":"The Joust","floor":22,"gold_loss":50}],"is_beta":false,"boss_relics":[{"not_picked":["Philosopher\u0027s Stone","Busted Crown"],"picked":"Orrery"}],"items_purged_floors":[19,21],"is_endless":false,"potions_floor_spawned":[1,7,11,14],"killed_by":"Slavers","ascension_level":4}