{"gold_per_floor":[413,44,58,71,81,81,107,127,150,150,150,170,185,201,201,277,277,297,201,251,5,5,5,32,43,67,79,89,100,114,7,7,83,83,98,98,98,98,117,145,145,165,165,165,180,180,207,6,6,6],"floor_reached":51,"playtime":3743,"items_purged":["Strike_B","Strike_B","Strike_B"],"score":1341,"play_id":"e4ffb066-06fb-4853-91fe-2f0b77714361","local_time":"20190514202049","is_ascension_mode":true,"campfire_choices":[{"data":"Sunder","floor":6.0,"key":"SMITH"},{"data":"Defragment","floor":10.0,"key":"SMITH"},{"data":"Loop","floor":15.0,"key":"SMITH"},{"data":"Sunder","floor":23.0,"key":"SMITH"},{"data":"Glacier","floor":32.0,"key":"SMITH"},{"data":"Biased Cognition","floor":41.0,"key":"SMITH"},{"data":"Capacitor","floor":44.0,"key":"SMITH"},{"data":"Amplify","floor":46.0,"key":"SMITH"},{"data":"Amplify","floor":49,"key":"SMITH"}],"neow_cost":"TEN_PERCENT_HP_LOSS","seed_source_timestamp":346250143887319,"circlet_count":0,"master_deck":["AscendersBane","Defend_B","Defend_B+1","Defend_B","Defend_B+1","Zap","Dualcast","Rip and Tear","Loop+1","Sunder+1","Chill","Self Repair","Defragment+1","Self Repair","Auto Shields","Amplify+1","Amplify+1","Glacier+1","Sunder+1","Leap+1","Ball Lightning","Biased Cognition+1","Recycle","Core Surge","Capacitor+1","Creative AI","Barrage","Meteor Strike"],"special_seed":0,"relics":["Cracked Core","Old Coin","Membership Card","War Paint","Blue Candle","Blood Vial","Snecko Eye","Lantern","Bird Faced Urn","Orichalcum","Pen Nib","Sozu","FaceOfCleric","DataDisk","Bottled Lightning","Pocketwatch","Lee\u0027s Waffle"],"potions_floor_usage":[],"damage_taken":[{"damage":11.0,"enemies":"2 Louse","floor":1.0,"turns":2.0},{"damage":0.0,"enemies":"Cultist","floor":3.0,"turns":3.0},{"damage":4.0,"enemies":"Small Slimes","floor":4.0,"turns":3.0},{"damage":14.0,"enemies":"Red Slaver","floor":5.0,"turns":3.0},{"damage":0.0,"enemies":"3 Sentries","floor":7.0,"turns":7.0},{"damage":10.0,"enemies":"Looter","floor":8.0,"turns":4.0},{"damage":0.0,"enemies":"2 Fungi Beasts","floor":12.0,"turns":3.0},{"damage":4.0,"enemies":"Red Slaver","floor":13.0,"turns":2.0},{"damage":3.0,"enemies":"Large Slime","floor":14.0,"turns":7.0},{"damage":37.0,"enemies":"Hexaghost","floor":16.0,"turns":9.0},{"damage":22.0,"enemies":"Chosen","floor":18.0,"turns":5.0},{"damage":8.0,"enemies":"Slavers","floor":24.0,"turns":8.0},{"damage":32.0,"enemies":"3 Byrds","floor":25.0,"turns":4.0},{"damage":21.0,"enemies":"Shelled Parasite and Fungi","floor":27.0,"turns":5.0},{"damage":0.0,"enemies":"3 Cultists","floor":28.0,"turns":5.0},{"damage":23.0,"enemies":"Snake Plant","floor":29.0,"turns":7.0},{"damage":6.0,"enemies":"Cultist and Chosen","floor":30.0,"turns":6.0},{"damage":13.0,"enemies":"Champ","floor":33.0,"turns":11.0},{"damage":0.0,"enemies":"Orb Walker","floor":35.0,"turns":4.0},{"damage":10.0,"enemies":"3 Shapes","floor":39.0,"turns":6.0},{"damage":56.0,"enemies":"Giant Head","floor":40.0,"turns":12.0},{"damage":19.0,"enemies":"Sphere and 2 Shapes","floor":42.0,"turns":10.0},{"damage":33.0,"enemies":"4 Shapes","floor":45.0,"turns":9.0},{"damage":35,"enemies":"Nemesis","floor":47,"turns":11},{"damage":13,"enemies":"Time Eater","floor":50,"turns":9}],"seed_played":"-3050442759781396689","potions_obtained":[{"floor":1.0,"key":"LiquidBronze"},{"floor":8.0,"key":"AttackPotion"},{"floor":13.0,"key":"AttackPotion"},{"floor":24.0,"key":"Poison Potion"},{"floor":25.0,"key":"Poison Potion"}],"is_trial":false,"path_per_floor":["M","$","M","M","M","R","E","M","T","R","?","M","M","M","R","B",null,"M","$","?","$","?","R","E","M","T","M","M","M","M","$","R","B",null,"M","?","?","?","M","E","R","M","T","R","M","R","E","$","R","B",null],"character_chosen":"DEFECT","items_purchased":["Membership Card","War Paint","Loop","PowerPotion","Sunder","Lantern","Bird Faced Urn","Recycle","Meteor Strike","Lee\u0027s Waffle"],"campfire_rested":0,"item_purchase_floors":[2,2,2,19,19,21,21,31,48,48],"current_hp_per_floor":[53,53,53,49,35,35,35,32,32,32,32,41,53,64,64,41,58,52,52,52,52,52,52,64,50,50,55,64,63,64,64,64,64,64,64,64,64,64,65,44,44,61,61,61,57,57,69,76,76,77],"gold":6,"neow_bonus":"ONE_RARE_RELIC","is_prod":false,"is_daily":false,"chose_seed":false,"campfire_upgraded":9,"win_rate":0,"timestamp":1557879649,"path_taken":["M","$","M","M","M","R","E","M","T","R","?","M","?","M","R","BOSS","M","$","?","$","?","R","E","M","T","M","M","?","M","$","R","BOSS","M","?","?","?","M","E","R","?","T","R","M","R","E","$","R","BOSS"],"build_version":"2019-01-23","purchased_purges":3,"victory":true,"max_hp_per_floor":[64,64,64,64,64,64,64,64,64,64,64,64,64,64,64,64,64,64,64,64,64,64,64,64,64,64,64,64,64,64,64,64,64,64,64,64,64,64,65,66,66,67,67,67,68,68,69,76,76,77],"card_choices":[{"not_picked":["Rebound","Turbo"],"picked":"Rip and Tear","floor":1.0},{"not_picked":["Aggregate","Static Discharge","Hologram"],"picked":"SKIP","floor":3.0},{"not_picked":["Leap","Hologram"],"picked":"Sunder","floor":4.0},{"not_picked":["Reboot","Go for the Eyes"],"picked":"Chill","floor":5.0},{"not_picked":["Turbo","White Noise"],"picked":"Self Repair","floor":7.0},{"not_picked":["Cold Snap","Steam"],"picked":"Defragment","floor":8.0},{"not_picked":["Rebound","Sweeping Beam","Redo"],"picked":"SKIP","floor":12.0},{"not_picked":["BootSequence","Rip and Tear"],"picked":"Auto Shields","floor":13.0},{"not_picked":["Beam Cell","Ball Lightning"],"picked":"Amplify","floor":14.0},{"not_picked":["Meteor Strike","Thunder Strike"],"picked":"Amplify","floor":16.0},{"not_picked":["Turbo","Gash"],"picked":"Glacier","floor":18.0},{"not_picked":["Steam+1","Reprogram","Compile Driver"],"picked":"SKIP","floor":24.0},{"not_picked":["Gash","Sweeping Beam","Stack"],"picked":"SKIP","floor":25.0},{"not_picked":["Skim","Compile Driver","Blizzard"],"picked":"SKIP","floor":27.0},{"not_picked":["Redo","Barrage"],"picked":"Leap+1","floor":28.0},{"not_picked":["Steam","Barrage"],"picked":"Ball Lightning","floor":29.0},{"not_picked":["Cold Snap","Coolheaded"],"picked":"Biased Cognition","floor":30.0},{"not_picked":["Multi-Cast","Machine Learning"],"picked":"Core Surge","floor":33.0},{"not_picked":["Tempest","Hologram","Cold Snap"],"picked":"SKIP","floor":35.0},{"not_picked":["Streamline","Barrage","FTL+1"],"picked":"SKIP","floor":39.0},{"not_picked":["Ball Lightning","Rip and Tear","Leap"],"picked":"SKIP","floor":40.0},{"not_picked":["Sweeping Beam+1","Coolheaded"],"picked":"Capacitor","floor":42.0},{"not_picked":["Sunder","Hologram"],"picked":"Creative AI","floor":45.0},{"not_picked":["Genetic Algorithm","Rebound"],"picked":"Barrage","floor":47}],"player_experience":361508,"relics_obtained":[{"floor":7.0,"key":"Blue Candle"},{"floor":9.0,"key":"Blood Vial"},{"floor":24.0,"key":"Orichalcum"},{"floor":26.0,"key":"Pen Nib"},{"floor":40.0,"key":"DataDisk"},{"floor":43.0,"key":"Bottled Lightning"},{"floor":47,"key":"Pocketwatch"}],"event_choices":[{"damage_healed":0.0,"max_hp_gain":0.0,"max_hp_loss":0.0,"gold_gain":0.0,"event_name":"Match and Keep!","player_choice":"1 cards matched","floor":11.0,"gold_loss":0.0,"damage_taken":0.0,"cards_obtained":["Self Repair"]},{"damage_healed":0.0,"max_hp_gain":0.0,"max_hp_loss":0.0,"gold_gain":50.0,"event_name":"Nest","player_choice":"Stole From Cult","floor":20.0,"gold_loss":0.0,"damage_taken":0.0},{"cards_removed":["Strike_B"],"damage_healed":0.0,"max_hp_gain":0.0,"max_hp_loss":0.0,"gold_gain":0.0,"event_name":"Purifier","player_choice":"Purged","floor":22.0,"gold_loss":0.0,"damage_taken":0.0},{"damage_healed":0.0,"max_hp_gain":0.0,"max_hp_loss":0.0,"gold_gain":0.0,"event_name":"Tomb of Lord Red Mask","player_choice":"Ignored","floor":36.0,"gold_loss":0.0,"damage_taken":0.0},{"damage_healed":0.0,"max_hp_gain":0.0,"max_hp_loss":0.0,"gold_gain":0.0,"event_name":"SensoryStone","player_choice":"Memory 1","floor":37.0,"gold_loss":0.0,"damage_taken":0.0},{"damage_healed":0.0,"max_hp_gain":0.0,"max_hp_loss":0.0,"gold_gain":0.0,"event_name":"FaceTrader","player_choice":"Trade","floor":38.0,"gold_loss":0.0,"damage_taken":0.0,"relics_obtained":["FaceOfCleric"]}],"is_beta":false,"boss_relics":[{"not_picked":["Philosopher\u0027s Stone","Velvet Choker"],"picked":"Snecko Eye"},{"not_picked":["Pandora\u0027s Box","Nuclear Battery"],"picked":"Sozu"}],"items_purged_floors":[2,19,31],"is_endless":false,"potions_floor_spawned":[1,8,12,13,24,25,28,35,40,42],"ascension_level":18}