{"gold_per_floor":[113,113,113,128,148,179,179,212,212,212,242,242,242,258,258,336,336,354,354,279,295,295],"floor_reached":22,"playtime":494,"items_purged":[],"score":409,"play_id":"b3050bc1-1447-430f-b082-1d4c06aca2a2","local_time":"20190514191243","is_ascension_mode":true,"campfire_choices":[{"data":"Barrage","floor":7,"key":"SMITH"},{"data":"Zap","floor":10,"key":"SMITH"},{"floor":12,"key":"REST"},{"data":"Conserve Battery","floor":15,"key":"SMITH"}],"neow_cost":"TEN_PERCENT_HP_LOSS","seed_source_timestamp":345735813017084,"circlet_count":0,"master_deck":["AscendersBane","Defend_B","Defend_B","Defend_B","Defend_B","Zap+1","Dualcast","Electrodynamics+1","Barrage+1","Ball Lightning","Conserve Battery+1","Lockon","Ball Lightning","FTL","Glacier","Biased Cognition","Melter+1","Bite","Bite","Bite","Bite","Bite","Force Field"],"relics":["Cracked Core","Question Card","Pear","Mercury Hourglass","Strawberry","Runic Pyramid"],"potions_floor_usage":[6,11,16],"damage_taken":[{"damage":7,"enemies":"Jaw Worm","floor":1,"turns":2},{"damage":1,"enemies":"Cultist","floor":4,"turns":3},{"damage":0,"enemies":"2 Louse","floor":5,"turns":3},{"damage":22,"enemies":"Lagavulin","floor":6,"turns":8},{"damage":10,"enemies":"3 Sentries","floor":8,"turns":3},{"damage":20,"enemies":"Lagavulin","floor":11,"turns":4},{"damage":5,"enemies":"2 Fungi Beasts","floor":14,"turns":2},{"damage":6,"enemies":"The Guardian","floor":16,"turns":11},{"damage":12,"enemies":"Chosen","floor":18,"turns":3},{"damage":23,"enemies":"2 Thieves","floor":21,"turns":3},{"damage":38,"enemies":"Snake Plant","floor":22,"turns":2}],"seed_played":"-6935989131266355662","potions_obtained":[{"floor":5,"key":"Fire Potion"},{"floor":8,"key":"FearPotion"},{"floor":11,"key":"Strength Potion"}],"is_trial":false,"path_per_floor":["M","$","?","M","M","E","R","E","T","R","E","R","?","M","R","B",null,"M","?","?","M","M"],"character_chosen":"DEFECT","items_purchased":[],"campfire_rested":1,"item_purchase_floors":[],"current_hp_per_floor":[57,57,57,56,56,34,34,34,34,34,21,45,65,60,60,54,74,62,56,53,36,0],"gold":295,"neow_bonus":"THREE_RARE_CARDS","is_prod":false,"is_daily":false,"chose_seed":false,"campfire_upgraded":3,"win_rate":0,"timestamp":1557875563,"path_taken":["M","$","?","?","M","E","R","E","T","R","E","R","?","M","R","BOSS","M","?","?","M","M"],"build_version":"2019-01-23","purchased_purges":0,"victory":false,"max_hp_per_floor":[64,64,64,64,64,64,64,74,74,74,81,81,81,81,81,81,81,81,56,53,53,53],"card_choices":[{"not_picked":["Reboot","Echo Form"],"picked":"Electrodynamics","floor":0},{"not_picked":["Cold Snap","Gash"],"picked":"Barrage","floor":1},{"not_picked":["Coolheaded","Cold Snap"],"picked":"Ball Lightning","floor":4},{"not_picked":["Streamline","Barrage"],"picked":"Conserve Battery","floor":5},{"not_picked":["Hologram","Meteor Strike"],"picked":"Lockon","floor":6},{"not_picked":["Gash","Sweeping Beam","Beam Cell"],"picked":"Ball Lightning","floor":8},{"not_picked":["Melter","Turbo","Rebound"],"picked":"FTL","floor":11},{"not_picked":["Coolheaded","Sunder","Conserve Battery"],"picked":"Glacier","floor":14},{"not_picked":["Hyperbeam","Electrodynamics","Reboot"],"picked":"Biased Cognition","floor":16},{"not_picked":["Barrage","Turbo","Steam"],"picked":"Melter+1","floor":18},{"not_picked":["Sweeping Beam","Compile Driver","BootSequence"],"picked":"Force Field","floor":21}],"player_experience":361014,"relics_obtained":[{"floor":6,"key":"Question Card"},{"floor":8,"key":"Pear"},{"floor":9,"key":"Mercury Hourglass"},{"floor":11,"key":"Strawberry"}],"event_choices":[{"damage_healed":0,"gold_gain":0,"player_choice":"Upgraded","damage_taken":0,"max_hp_gain":0,"max_hp_loss":0,"event_name":"Upgrade Shrine","floor":3,"gold_loss":0,"cards_upgraded":["Electrodynamics"]},{"damage_healed":20,"gold_gain":0,"player_choice":"Healed and dodged fight","damage_taken":0,"max_hp_gain":0,"max_hp_loss":0,"event_name":"Mushrooms","floor":13,"gold_loss":0,"cards_obtained":["Parasite"]},{"damage_healed":0,"gold_gain":0,"player_choice":"Became a vampire","damage_taken":0,"max_hp_gain":0,"max_hp_loss":25,"event_name":"Vampires","floor":19,"gold_loss":0,"cards_obtained":["Bite","Bite","Bite","Bite","Bite"]},{"cards_removed":["Parasite"],"damage_healed":0,"gold_gain":0,"player_choice":"Gave Gold","damage_taken":0,"max_hp_gain":0,"max_hp_loss":0,"event_name":"Beggar","floor":20,"gold_loss":75}],"is_beta":false,"boss_relics":[{"not_picked":["Eternal Feather","FrozenCore"],"picked":"Runic Pyramid"}],"items_purged_floors":[],"is_endless":false,"potions_floor_spawned":[5,8,11],"killed_by":"Snake Plant","ascension_level":18}