{"gold_per_floor":[110,185,28,28,44,44,64,64,64,64,79,106,55,66,66,141,141,159,159,174,193,116,116,116,143,143,143,93,110,110,120,120,198,198,214,230,250,111,122,122,149,149,149,183,183,199,199,199,199,199,199],"floor_reached":51,"playtime":4572,"items_purged":[],"score":1400,"play_id":"93bfcef2-9e71-4115-b6ce-b09f56d5ac69","local_time":"20190103052802","is_ascension_mode":true,"campfire_choices":[{"data":"Buffer","floor":6,"key":"SMITH"},{"data":"Zap","floor":8,"key":"SMITH"},{"data":"Dualcast","floor":10,"key":"SMITH"},{"data":"Conserve Battery","floor":15,"key":"SMITH"},{"data":"Defragment","floor":23,"key":"SMITH"},{"floor":27,"key":"REST"},{"floor":30,"key":"REST"},{"floor":32,"key":"REST"},{"data":"Creative AI","floor":40,"key":"SMITH"},{"data":"Reboot","floor":42,"key":"SMITH"},{"floor":45,"key":"REST"},{"floor":49,"key":"REST"}],"neow_cost":"NONE","seed_source_timestamp":954979955519276,"circlet_count":0,"master_deck":["AscendersBane","Strike_B+1","Strike_B+1","Strike_B+1","Strike_B+1","Defend_B+1","Defend_B+1","Defend_B+1","Defend_B+1","Zap+1","Dualcast+1","Buffer+1","Go for the Eyes","All For One","Barrage","White Noise","Go for the Eyes","Go for the Eyes","Rebound","Steam","Conserve Battery+1","All For One","Double Energy+1","Redo+1","Chill","Defragment+1","Chill","Coolheaded","Creative AI+1","Defragment+1","Steam","Reboot+1","Finesse","Go for the Eyes","Coolheaded","Beam Cell","Cold Snap","Madness","Madness"],"relics":["Cracked Core","Lantern","Kunai","Gambling Chip","Lizard Tail","Ornamental Fan","Centennial Puzzle","Shuriken","Frozen Egg 2","Pantograph"],"potions_floor_usage":[12,14,18,25,33,33,39,51],"damage_taken":[{"damage":1,"enemies":"2 Louse","floor":1,"turns":3},{"damage":5,"enemies":"Small Slimes","floor":5,"turns":3},{"damage":0,"enemies":"Cultist","floor":7,"turns":3},{"damage":3,"enemies":"Blue Slaver","floor":11,"turns":3},{"damage":7,"enemies":"Lagavulin","floor":12,"turns":6},{"damage":2,"enemies":"Looter","floor":14,"turns":3},{"damage":9,"enemies":"Hexaghost","floor":16,"turns":12},{"damage":18,"enemies":"2 Thieves","floor":18,"turns":3},{"damage":11,"enemies":"Spheric Guardian","floor":20,"turns":3},{"damage":0,"enemies":"Chosen and Byrds","floor":21,"turns":6},{"damage":9,"enemies":"Colosseum Slavers","floor":24,"turns":6},{"damage":18,"enemies":"Gremlin Leader","floor":25,"turns":7},{"damage":5,"enemies":"Centurion and Healer","floor":29,"turns":6},{"damage":1,"enemies":"Snecko","floor":31,"turns":6},{"damage":20,"enemies":"Automaton","floor":33,"turns":11},{"damage":0,"enemies":"3 Shapes","floor":35,"turns":7},{"damage":0,"enemies":"Orb Walker","floor":36,"turns":5},{"damage":0,"enemies":"4 Shapes","floor":37,"turns":10},{"damage":0,"enemies":"Sphere and 2 Shapes","floor":39,"turns":7},{"damage":3,"enemies":"Nemesis","floor":41,"turns":11},{"damage":60,"enemies":"Reptomancer","floor":44,"turns":17},{"damage":25,"enemies":"Jaw Worm Horde","floor":46,"turns":4},{"damage":41,"enemies":"Awakened One","floor":50,"turns":21},{"damage":58,"enemies":"Time Eater","floor":51,"turns":5}],"seed_played":"8894398203769833078","potions_obtained":[{"floor":7,"key":"Swift Potion"},{"floor":11,"key":"Poison Potion"},{"floor":14,"key":"Explosive Potion"},{"floor":16,"key":"Energy Potion"},{"floor":25,"key":"EssenceOfSteel"},{"floor":31,"key":"Strength Potion"},{"floor":33,"key":"AttackPotion"},{"floor":35,"key":"Ancient Potion"},{"floor":46,"key":"Poison Potion"}],"is_trial":false,"path_per_floor":["M","?","$","?","M","R","M","R","T","R","M","E","$","M","R","B",null,"M","?","M","M","$","R","?","E","T","R","?","M","R","M","R","B",null,"M","M","M","$","M","R","E","R","T","E","R","M","?","?","R","B","B"],"character_chosen":"DEFECT","items_purchased":["Lantern","Steam","Defragment","Finesse","Go for the Eyes"],"campfire_rested":5,"item_purchase_floors":[3,13,22,38,38],"current_hp_per_floor":[63,52,52,52,47,47,47,47,47,47,44,37,37,35,35,26,60,42,42,31,31,31,31,22,4,4,25,25,20,41,40,61,41,64,64,64,64,64,64,64,61,61,61,1,22,35,35,22,43,27,0],"gold":199,"neow_bonus":"ONE_RANDOM_RARE_CARD","is_prod":false,"is_daily":false,"chose_seed":false,"campfire_upgraded":7,"win_rate":0,"timestamp":1546522082,"path_taken":["M","?","$","?","M","R","M","R","T","R","M","E","$","?","R","BOSS","M","?","M","M","$","R","?","E","T","R","?","M","R","?","R","BOSS","M","?","M","$","M","R","E","R","T","E","R","M","?","?","R","BOSS","BOSS"],"build_version":"2019-01-02","purchased_purges":0,"victory":false,"max_hp_per_floor":[71,71,71,71,71,71,71,71,71,71,71,71,71,71,71,71,71,71,71,71,71,71,71,71,71,71,71,71,71,71,71,71,71,71,71,71,71,71,71,71,71,71,71,71,71,71,71,71,71,71,71],"card_choices":[{"not_picked":["Turbo","Barrage"],"picked":"Go for the Eyes","floor":1},{"not_picked":["Storm","Tempest"],"picked":"White Noise","floor":5},{"not_picked":["Turbo","Melter"],"picked":"Go for the Eyes","floor":7},{"not_picked":["Cold Snap","Hologram"],"picked":"Go for the Eyes","floor":11},{"not_picked":["Darkness","Barrage"],"picked":"Rebound","floor":12},{"not_picked":["Rebound","Barrage"],"picked":"Conserve Battery","floor":14},{"not_picked":["Biased Cognition","Core Surge"],"picked":"All For One","floor":16},{"not_picked":["Darkness","Sunder"],"picked":"Double Energy+1","floor":18},{"not_picked":["Recycle","Steam"],"picked":"Redo","floor":20},{"not_picked":["Blizzard","Barrage"],"picked":"Chill","floor":21},{"not_picked":["Conserve Battery","Hologram"],"picked":"Chill","floor":25},{"not_picked":["Skim","Genetic Algorithm"],"picked":"Coolheaded","floor":29},{"not_picked":["Sunder","Static Discharge","Double Energy"],"picked":"SKIP","floor":31},{"not_picked":["Thunder Strike","Rainbow"],"picked":"Creative AI","floor":33},{"not_picked":["Rebound","Conserve Battery"],"picked":"Defragment+1","floor":35},{"not_picked":["Sweeping Beam+1","Compile Driver"],"picked":"Steam","floor":36},{"not_picked":["Redo","Compile Driver"],"picked":"Reboot","floor":37},{"not_picked":["Redo","Genetic Algorithm","Steam"],"picked":"SKIP","floor":39},{"not_picked":["Static Discharge","Rebound"],"picked":"Coolheaded","floor":41},{"not_picked":["Lockon","Rebound"],"picked":"Beam Cell","floor":44},{"not_picked":["Storm+1","Compile Driver"],"picked":"Cold Snap","floor":46}],"player_experience":2696797,"relics_obtained":[{"floor":9,"key":"Kunai"},{"floor":12,"key":"Gambling Chip"},{"floor":25,"key":"Ornamental Fan"},{"floor":26,"key":"Centennial Puzzle"},{"floor":41,"key":"Shuriken"},{"floor":43,"key":"Frozen Egg 2"},{"floor":44,"key":"Pantograph"}],"event_choices":[{"damage_healed":0,"gold_gain":75,"player_choice":"Gather Gold","damage_taken":11,"max_hp_gain":0,"max_hp_loss":0,"event_name":"World of Goop","floor":2,"gold_loss":0},{"damage_healed":0,"gold_gain":0,"player_choice":"2 cards matched","damage_taken":0,"max_hp_gain":0,"max_hp_loss":0,"event_name":"Match and Keep!","floor":4,"gold_loss":0,"cards_obtained":["All For One","Barrage"]},{"damage_healed":0,"gold_gain":0,"player_choice":"Simplicity","damage_taken":0,"max_hp_gain":0,"max_hp_loss":0,"event_name":"Back to Basics","floor":19,"gold_loss":0,"cards_upgraded":["Strike_B","Strike_B","Strike_B","Strike_B","Defend_B","Defend_B","Defend_B","Defend_B"]},{"damage_healed":0,"gold_gain":0,"player_choice":"Fight","damage_taken":0,"max_hp_gain":0,"max_hp_loss":0,"event_name":"Colosseum","floor":24,"gold_loss":0},{"damage_healed":0,"gold_gain":0,"player_choice":"Fled From Nobs","damage_taken":0,"max_hp_gain":0,"max_hp_loss":0,"event_name":"Colosseum","floor":24,"gold_loss":0},{"damage_healed":0,"gold_gain":0,"player_choice":"Upgrade","damage_taken":0,"max_hp_gain":0,"max_hp_loss":0,"event_name":"Designer","floor":28,"gold_loss":50,"cards_upgraded":["Redo"]},{"damage_healed":0,"gold_gain":0,"player_choice":"Ignored","damage_taken":0,"max_hp_gain":0,"max_hp_loss":0,"event_name":"The Moai Head","floor":47,"gold_loss":0},{"damage_healed":0,"gold_gain":0,"player_choice":"Embrace Madness","damage_taken":13,"max_hp_gain":0,"max_hp_loss":0,"event_name":"Winding Halls","floor":48,"gold_loss":0,"cards_obtained":["Madness","Madness"]}],"is_beta":true,"boss_relics":[{"not_picked":["Eternal Feather","Tiny House"],"picked":"Lizard Tail"},{"not_picked":["Runic Dome","Velvet Choker","Snecko Eye"]}],"items_purged_floors":[],"is_endless":false,"potions_floor_spawned":[7,11,14,16,24,25,31,33,35,46],"killed_by":"Time Eater","ascension_level":20}