{"gold_per_floor":[113,130,42,62,62,90,90,124,150,150,168,179,214,224,224,302,302,313,313,329,254,273,301,301,301,301,334,334],"floor_reached":28,"playtime":1216,"items_purged":["Decay"],"score":556,"play_id":"953bac51-e549-49c2-ae3b-d4832da20b24","local_time":"20190818150350","is_ascension_mode":true,"campfire_choices":[{"data":"Defragment","floor":7,"key":"SMITH"},{"floor":10,"key":"REST"},{"data":"Hologram","floor":15,"key":"SMITH"},{"data":"Defragment","floor":24,"key":"SMITH"}],"neow_cost":"CURSE","seed_source_timestamp":146351038818166,"circlet_count":0,"master_deck":["AscendersBane","Strike_B","Strike_B","Defend_B","Defend_B","Defend_B","Defend_B","Zap+1","Dualcast","Glacier","Hologram+1","Cold Snap","Seek","Defragment+1","Cold Snap","Chill","White Noise+1","Self Repair","Gash","Coolheaded","Echo Form","Defragment+1","White Noise","Defragment+1"],"relics":["Cracked Core","Bag of Marbles","Strawberry","Boot","War Paint","Vajra","Coffee Dripper","MutagenicStrength","Cables","Turnip"],"potions_floor_usage":[16,18,27],"damage_taken":[{"damage":4,"enemies":"2 Louse","floor":1,"turns":2},{"damage":3,"enemies":"Jaw Worm","floor":2,"turns":4},{"damage":2,"enemies":"Cultist","floor":4,"turns":4},{"damage":1,"enemies":"Lagavulin","floor":6,"turns":11},{"damage":13,"enemies":"Gremlin Nob","floor":8,"turns":9},{"damage":0,"enemies":"3 Louse","floor":11,"turns":5},{"damage":12,"enemies":"Exordium Wildlife","floor":12,"turns":8},{"damage":2,"enemies":"Lagavulin","floor":13,"turns":10},{"damage":0,"enemies":"Large Slime","floor":14,"turns":6},{"damage":33,"enemies":"Hexaghost","floor":16,"turns":13},{"damage":0,"enemies":"Chosen","floor":18,"turns":9},{"damage":0,"enemies":"Spheric Guardian","floor":20,"turns":6},{"damage":0,"enemies":"Snecko","floor":22,"turns":7},{"damage":42,"enemies":"Slavers","floor":23,"turns":6},{"damage":56,"enemies":"Gremlin Leader","floor":27,"turns":12},{"damage":18,"enemies":"Centurion and Healer","floor":28,"turns":2}],"seed_played":"6252174050488189082","potions_obtained":[{"floor":8,"key":"FairyPotion"},{"floor":14,"key":"SpeedPotion"},{"floor":16,"key":"Swift Potion"},{"floor":18,"key":"Fruit Juice"}],"is_trial":false,"path_per_floor":["M","M","$","M","?","E","R","E","T","R","M","M","E","M","R","B",null,"M","?","M","$","M","E","R","?","T","E","M"],"character_chosen":"DEFECT","items_purchased":["Defragment"],"campfire_rested":1,"item_purchase_floors":[3],"current_hp_per_floor":[60,57,57,55,29,35,35,22,22,45,45,33,38,45,45,19,63,77,77,77,77,77,49,49,49,49,15,0],"gold":334,"neow_bonus":"TRANSFORM_TWO_CARDS","is_prod":false,"is_daily":false,"chose_seed":false,"campfire_upgraded":3,"win_rate":0,"timestamp":1566155030,"path_taken":["M","M","$","M","?","E","R","E","T","R","M","M","E","M","R","BOSS","M","?","M","$","M","E","R","?","T","E","M"],"build_version":"2019-07-17","purchased_purges":1,"victory":false,"max_hp_per_floor":[71,71,71,71,71,78,78,78,78,78,78,78,78,78,78,78,78,78,78,78,78,78,78,78,78,78,83,83],"card_choices":[{"not_picked":["Stack","Barrage"],"picked":"Cold Snap","floor":1},{"not_picked":["Go for the Eyes","Steam"],"picked":"Seek","floor":2},{"not_picked":["Reprogram","Go for the Eyes"],"picked":"Cold Snap","floor":4},{"not_picked":["Rebound","Gash"],"picked":"Chill","floor":6},{"not_picked":["Stack","Reprogram"],"picked":"White Noise","floor":8},{"not_picked":["Double Energy","Sunder","Compile Driver"],"picked":"SKIP","floor":11},{"not_picked":["Hologram","Leap"],"picked":"Self Repair","floor":12},{"not_picked":["Steam Power","FTL"],"picked":"Gash","floor":13},{"not_picked":["Double Energy","Cold Snap"],"picked":"Coolheaded","floor":14},{"not_picked":["Creative AI","Electrodynamics"],"picked":"Echo Form","floor":16},{"not_picked":["Go for the Eyes","Steam"],"picked":"Defragment","floor":18},{"not_picked":["Hologram","Streamline"],"picked":"White Noise","floor":20},{"not_picked":["Go for the Eyes","Scrape","Compile Driver"],"picked":"SKIP","floor":22},{"not_picked":["Consume","Auto Shields","Chaos+1"],"picked":"SKIP","floor":23},{"not_picked":["Conserve Battery","White Noise","Rebound"],"picked":"SKIP","floor":27}],"player_experience":584100,"relics_obtained":[{"floor":6,"key":"Strawberry"},{"floor":8,"key":"Boot"},{"floor":9,"key":"War Paint"},{"floor":13,"key":"Vajra"},{"floor":23,"key":"Cables"},{"floor":26,"key":"Turnip"}],"event_choices":[{"damage_healed":0,"gold_gain":0,"player_choice":"Success","damage_taken":26,"relics_obtained":["Bag of Marbles"],"max_hp_gain":0,"max_hp_loss":0,"event_name":"Scrap Ooze","floor":5,"gold_loss":0},{"damage_healed":0,"gold_gain":0,"player_choice":"Inject Mutagens","damage_taken":0,"relics_obtained":["MutagenicStrength"],"max_hp_gain":0,"max_hp_loss":0,"event_name":"Drug Dealer","floor":19,"gold_loss":0},{"damage_healed":0,"gold_gain":0,"player_choice":"Copied","damage_taken":0,"max_hp_gain":0,"max_hp_loss":0,"event_name":"Duplicator","floor":25,"gold_loss":0,"cards_obtained":["Defragment"]}],"is_beta":false,"boss_relics":[{"not_picked":["White Beast Statue","Velvet Choker"],"picked":"Coffee Dripper"}],"items_purged_floors":[21],"is_endless":false,"potions_floor_spawned":[8,14,16,18],"killed_by":"Centurion and Healer","ascension_level":20}