{"gold_per_floor":[109,109,56,56,71,71,82,111,135,135,149,74,105,118,118,193,193,211,211,223,148,164,164],"floor_reached":23,"playtime":758,"items_purged":["Strike_G"],"score":382,"play_id":"17535b18-4313-4f5d-a03a-d48e5d0e7dfb","local_time":"20190506222338","is_ascension_mode":true,"campfire_choices":[{"data":"Poisoned Stab","floor":6,"key":"SMITH"},{"floor":10,"key":"REST"},{"data":"Noxious Fumes","floor":15,"key":"SMITH"}],"neow_cost":"PERCENT_DAMAGE","seed_source_timestamp":0,"circlet_count":0,"master_deck":["AscendersBane","Defend_G","Defend_G","Defend_G","Defend_G","Defend_G","Survivor","Neutralize+1","Blade Dance","Poisoned Stab+1","Deadly Poison","All Out Attack","Noxious Fumes+1","Bouncing Flask","Dodge and Roll","Footwork","Wraith Form v2","Dagger Spray+1","Bite","Bite","Bite","Metamorphosis","Chrysalis","Deflect+1"],"special_seed":0,"relics":["Ring of the Snake","Darkstone Periapt","Bag of Marbles","Dream Catcher","Smiling Mask","Sozu"],"potions_floor_usage":[8,8,22,23],"damage_taken":[{"damage":5,"enemies":"Jaw Worm","floor":1,"turns":6},{"damage":0,"enemies":"Cultist","floor":5,"turns":3},{"damage":0,"enemies":"Small Slimes","floor":7,"turns":3},{"damage":15,"enemies":"Lagavulin","floor":8,"turns":5},{"damage":4,"enemies":"Blue Slaver","floor":11,"turns":4},{"damage":6,"enemies":"Gremlin Nob","floor":13,"turns":3},{"damage":12,"enemies":"Exordium Thugs","floor":14,"turns":4},{"damage":21,"enemies":"The Guardian","floor":16,"turns":9},{"damage":22,"enemies":"3 Byrds","floor":18,"turns":5},{"damage":23,"enemies":"Shell Parasite","floor":20,"turns":7},{"damage":5,"enemies":"Snake Plant","floor":22,"turns":6},{"damage":40,"enemies":"Gremlin Leader","floor":23,"turns":6}],"seed_played":"-3716129722539420913","potions_obtained":[{"floor":1,"key":"SkillPotion"},{"floor":7,"key":"Poison Potion"},{"floor":8,"key":"GhostInAJar"},{"floor":13,"key":"Block Potion"}],"is_trial":false,"path_per_floor":["M","?","$","T","M","R","M","E","T","R","M","$","E","M","R","B",null,"M","?","M","?","M","E"],"character_chosen":"THE_SILENT","items_purchased":["Blade Dance"],"campfire_rested":1,"item_purchase_floors":[3],"current_hp_per_floor":[51,51,51,51,51,51,51,36,36,59,55,55,49,37,37,16,63,41,41,30,30,31,0],"gold":164,"neow_bonus":"TWENTY_PERCENT_HP_BONUS","is_prod":false,"is_daily":false,"chose_seed":false,"campfire_upgraded":2,"win_rate":0,"timestamp":1557195818,"path_taken":["M","?","?","?","M","R","?","E","T","R","M","?","E","?","R","BOSS","M","?","M","?","?","E"],"build_version":"2019-01-23","purchased_purges":1,"victory":false,"max_hp_per_floor":[78,78,78,78,78,78,78,78,78,78,78,78,78,78,78,78,78,78,54,54,54,54,54],"card_choices":[{"not_picked":["Eviscerate","Deflect","Expertise"],"picked":"SKIP","floor":1},{"not_picked":["Distraction","PiercingWail"],"picked":"Poisoned Stab","floor":5},{"not_picked":["Flying Knee","Blade Dance"],"picked":"Deadly Poison","floor":7},{"not_picked":["Cloak And Dagger","Masterful Stab"],"picked":"All Out Attack","floor":8},{"not_picked":["Quick Slash","Dagger Spray"],"picked":"Noxious Fumes","floor":10},{"not_picked":["Underhanded Strike","Sucker Punch"],"picked":"Bouncing Flask","floor":11},{"not_picked":["Concentrate","Finisher"],"picked":"Dodge and Roll","floor":13},{"not_picked":["Backflip","Bane"],"picked":"Footwork","floor":14},{"not_picked":["Storm of Steel","Venomology"],"picked":"Wraith Form v2","floor":16},{"not_picked":["Flying Knee","Dagger Throw"],"picked":"Dagger Spray+1","floor":18},{"not_picked":["Underhanded Strike","Acrobatics","Eviscerate"],"picked":"SKIP","floor":20},{"not_picked":["Reflex","Flying Knee"],"picked":"Deflect+1","floor":22}],"player_experience":334918,"relics_obtained":[{"floor":4,"key":"Darkstone Periapt"},{"floor":8,"key":"Bag of Marbles"},{"floor":9,"key":"Dream Catcher"},{"floor":13,"key":"Smiling Mask"}],"event_choices":[{"damage_healed":0,"gold_gain":0,"player_choice":"Grow","damage_taken":0,"max_hp_gain":0,"max_hp_loss":0,"event_name":"Living Wall","floor":2,"gold_loss":0,"cards_upgraded":["Neutralize"]},{"damage_healed":0,"gold_gain":0,"player_choice":"Became a vampire","damage_taken":0,"max_hp_gain":0,"max_hp_loss":24,"event_name":"Vampires","floor":19,"gold_loss":0,"cards_obtained":["Bite","Bite","Bite","Bite","Bite"]},{"damage_healed":0,"gold_gain":0,"cards_transformed":["Bite","Bite"],"player_choice":"Transformed Cards","damage_taken":0,"max_hp_gain":0,"max_hp_loss":0,"event_name":"Designer","floor":21,"gold_loss":75,"cards_obtained":["Metamorphosis","Chrysalis"]}],"is_beta":false,"boss_relics":[{"not_picked":["Eternal Feather","WristBlade"],"picked":"Sozu"}],"items_purged_floors":[12],"is_endless":false,"potions_floor_spawned":[1,7,8,13,20],"killed_by":"Gremlin Leader","ascension_level":18}