{"gold_per_floor":[117,42,58,70,145,145,180,180,180,196,196,207,240,257,257,354,354,372,392,392],"floor_reached":20,"playtime":1201,"items_purged":["Defend_R"],"score":223,"play_id":"5cbd24d5-90ce-4789-aaf2-fde2a64936c1","local_time":"20190901151751","is_ascension_mode":true,"campfire_choices":[{"data":"Cleave","floor":6,"key":"SMITH"},{"data":"Whirlwind","floor":11,"key":"SMITH"},{"data":"Berserk","floor":15,"key":"SMITH"}],"neow_cost":"NONE","seed_source_timestamp":489372262093332,"circlet_count":0,"master_deck":["Strike_R","Strike_R","Strike_R","Defend_R","Defend_R","Defend_R","Bash","Armaments","Cleave+1","Pommel Strike","Whirlwind+1","Flex","Berserk+1","Iron Wave","Flame Barrier+1","Sword Boomerang"],"relics":["Burning Blood","Pen Nib","Bird Faced Urn","The Courier","Empty Cage"],"potions_floor_usage":[16,16,16,19,19,20],"damage_taken":[{"damage":1,"enemies":"Cultist","floor":1,"turns":3},{"damage":10,"enemies":"2 Louse","floor":3,"turns":3},{"damage":10,"enemies":"Small Slimes","floor":4,"turns":4},{"damage":30,"enemies":"Lagavulin","floor":7,"turns":7},{"damage":0,"enemies":"3 Louse","floor":10,"turns":1},{"damage":9,"enemies":"2 Fungi Beasts","floor":12,"turns":2},{"damage":20,"enemies":"3 Sentries","floor":13,"turns":4},{"damage":6,"enemies":"Blue Slaver","floor":14,"turns":3},{"damage":3,"enemies":"Hexaghost","floor":16,"turns":10},{"damage":53,"enemies":"Shell Parasite","floor":18,"turns":7},{"damage":12,"enemies":"2 Thieves","floor":19,"turns":4},{"damage":33,"enemies":"Sentry and Sphere","floor":20,"turns":5}],"seed_played":"-3301592691233823874","potions_obtained":[{"floor":3,"key":"Weak Potion"},{"floor":8,"key":"EssenceOfSteel"},{"floor":8,"key":"GamblersBrew"},{"floor":8,"key":"EssenceOfSteel"},{"floor":10,"key":"Swift Potion"},{"floor":16,"key":"Fire Potion"},{"floor":18,"key":"Explosive Potion"},{"floor":19,"key":"Block Potion"}],"is_trial":false,"path_per_floor":["M","$","M","M","?","R","E","?","T","M","R","M","E","M","R","B",null,"M","M","M"],"character_chosen":"IRONCLAD","items_purchased":[],"campfire_rested":0,"item_purchase_floors":[],"current_hp_per_floor":[80,80,76,72,61,61,37,37,37,43,43,40,26,26,26,31,80,33,29,0],"gold":392,"neow_bonus":"RANDOM_COMMON_RELIC","is_prod":false,"is_daily":false,"chose_seed":false,"campfire_upgraded":3,"win_rate":0,"timestamp":1567343871,"path_taken":["M","$","M","M","?","R","E","?","T","M","R","M","E","?","R","BOSS","M","M","?"],"build_version":"2019-07-17","purchased_purges":1,"victory":false,"max_hp_per_floor":[80,80,80,80,80,80,80,80,80,80,80,80,80,80,80,80,80,80,80,80],"card_choices":[{"not_picked":["True Grit","Body Slam"],"picked":"Armaments","floor":1},{"not_picked":["Body Slam","Heavy Blade"],"picked":"Cleave","floor":3},{"not_picked":["True Grit","Dropkick"],"picked":"Pommel Strike","floor":4},{"not_picked":["Brutality","Ghostly Armor"],"picked":"Whirlwind","floor":7},{"not_picked":["Disarm","Pommel Strike","Twin Strike"],"picked":"SKIP","floor":10},{"not_picked":["Pommel Strike","Infernal Blade"],"picked":"Flex","floor":12},{"not_picked":["Wild Strike","Infernal Blade"],"picked":"Berserk","floor":13},{"not_picked":["Cleave","Armaments"],"picked":"Iron Wave","floor":14},{"not_picked":["Perfected Strike","Wild Strike+1"],"picked":"Flame Barrier+1","floor":18},{"not_picked":["Flame Barrier","Clothesline"],"picked":"Sword Boomerang","floor":19}],"player_experience":125897,"relics_obtained":[{"floor":7,"key":"Bird Faced Urn"},{"floor":13,"key":"The Courier"}],"event_choices":[{"damage_healed":0,"gold_gain":75,"player_choice":"Gather Gold","damage_taken":11,"max_hp_gain":0,"max_hp_loss":0,"event_name":"World of Goop","floor":5,"gold_loss":0},{"damage_healed":0,"gold_gain":0,"player_choice":"Got Potions","damage_taken":0,"max_hp_gain":0,"max_hp_loss":0,"event_name":"Lab","floor":8,"gold_loss":0}],"is_beta":false,"boss_relics":[{"not_picked":["Mark of Pain","Orrery"],"picked":"Empty Cage"}],"items_purged_floors":[2],"is_endless":false,"potions_floor_spawned":[3,10,12,13,16,18,19],"killed_by":"Sentry and Sphere","ascension_level":4}