{"gold_per_floor":[118,118,69,81,94,123,123,23,23,23,48,48,48],"floor_reached":13,"playtime":321,"items_purged":["Strike_R"],"score":109,"play_id":"ae380b83-20f8-414f-a28b-8ba097627745","local_time":"20190818224221","is_ascension_mode":true,"campfire_choices":[{"data":"Armaments","floor":10,"key":"SMITH"}],"neow_cost":"NONE","seed_source_timestamp":44607326062762,"circlet_count":0,"master_deck":["Strike_R","Strike_R","Strike_R","Defend_R+1","Defend_R","Defend_R","Defend_R","Bash","Shrug It Off","Clothesline+1","Armaments+1","Entrench","Inflame","Uppercut+1","Headbutt"],"relics":["Burning Blood","NeowsBlessing","Unceasing Top","Mummified Hand","Gremlin Horn"],"potions_floor_usage":[6],"damage_taken":[{"damage":0,"enemies":"Small Slimes","floor":1,"turns":1},{"damage":0,"enemies":"Cultist","floor":4,"turns":1},{"damage":0,"enemies":"Jaw Worm","floor":5,"turns":1},{"damage":27,"enemies":"Lagavulin","floor":6,"turns":10},{"damage":36,"enemies":"3 Sentries","floor":11,"turns":10}],"seed_played":"-1770600490336065231","potions_obtained":[{"floor":1,"key":"Poison Potion"},{"floor":6,"key":"FearPotion"}],"is_trial":false,"path_per_floor":["M","?","$","M","M","E","?","$","T","R","E","?","?"],"character_chosen":"IRONCLAD","items_purchased":["Armaments","Headbutt"],"campfire_rested":0,"item_purchase_floors":[3,8],"current_hp_per_floor":[80,80,80,80,80,59,43,43,43,43,13,13,0],"gold":48,"neow_bonus":"THREE_ENEMY_KILL","is_prod":false,"is_daily":false,"chose_seed":false,"campfire_upgraded":1,"win_rate":0,"timestamp":1566135741,"path_taken":["M","?","?","M","M","E","?","$","T","R","E","?","?"],"build_version":"2019-07-17","purchased_purges":1,"victory":false,"max_hp_per_floor":[80,80,80,80,80,80,80,80,80,80,80,80,80],"card_choices":[{"not_picked":["Whirlwind","Twin Strike"],"picked":"Shrug It Off","floor":1},{"not_picked":["Shockwave","Clash"],"picked":"Entrench","floor":4},{"not_picked":["Rampage","Pommel Strike"],"picked":"Inflame","floor":5},{"not_picked":["Pummel","Fire Breathing"],"picked":"Uppercut","floor":6},{"not_picked":["Perfected Strike","Shrug It Off","Wild Strike"],"picked":"SKIP","floor":11}],"player_experience":189806,"relics_obtained":[{"floor":6,"key":"Unceasing Top"},{"floor":9,"key":"Mummified Hand"},{"floor":11,"key":"Gremlin Horn"}],"event_choices":[{"damage_healed":0,"gold_gain":0,"cards_transformed":["Strike_R"],"player_choice":"Transformed","damage_taken":0,"max_hp_gain":0,"max_hp_loss":0,"event_name":"Transmorgrifier","floor":2,"gold_loss":0,"cards_obtained":["Clothesline"]},{"damage_healed":0,"gold_gain":0,"player_choice":"Entered Light","damage_taken":16,"max_hp_gain":0,"max_hp_loss":0,"event_name":"Shining Light","floor":7,"gold_loss":0,"cards_upgraded":["Clothesline","Defend_R"]},{"damage_healed":0,"gold_gain":0,"player_choice":"Grow","damage_taken":0,"max_hp_gain":0,"max_hp_loss":0,"event_name":"Living Wall","floor":12,"gold_loss":0,"cards_upgraded":["Uppercut"]}],"is_beta":false,"boss_relics":[],"items_purged_floors":[8],"is_endless":false,"potions_floor_spawned":[1,6],"ascension_level":4}