{"gold_per_floor":[114,134,151,151,25,54,73,73,73,48,68,68,78,96,96,169,169,181,231,246,295,309,309,309],"floor_reached":24,"playtime":598,"items_purged":[],"score":400,"play_id":"f5ffb5bb-3bc3-4592-9912-db7d3b04ba4b","local_time":"20190817165110","is_ascension_mode":true,"campfire_choices":[{"data":"Static Discharge","floor":8,"key":"SMITH"},{"floor":12,"key":"REST"},{"data":"Hologram","floor":15,"key":"SMITH"},{"floor":23,"key":"REST"}],"neow_cost":"NONE","seed_source_timestamp":67009395412248,"circlet_count":0,"master_deck":["AscendersBane","Strike_B","Strike_B","Strike_B","Defend_B","Defend_B","Defend_B","Defend_B","Zap","Dualcast","Thunder Strike","Steam","Conserve Battery","Ball Lightning","Rainbow","Static Discharge+1","Conserve Battery","Go for the Eyes","Loop","Hologram+1","Ball Lightning","Go for the Eyes","Conserve Battery","All For One","Glacier","Stack","Hologram+1"],"relics":["Cracked Core","Kunai","Pantograph","Inserter","Bag of Preparation"],"potions_floor_usage":[16,18,22,24],"damage_taken":[{"damage":5,"enemies":"2 Louse","floor":1,"turns":2},{"damage":6,"enemies":"Cultist","floor":2,"turns":3},{"damage":4,"enemies":"Small Slimes","floor":3,"turns":3},{"damage":32,"enemies":"Gremlin Nob","floor":6,"turns":4},{"damage":5,"enemies":"Red Slaver","floor":7,"turns":2},{"damage":7,"enemies":"Exordium Thugs","floor":11,"turns":4},{"damage":6,"enemies":"Blue Slaver","floor":13,"turns":4},{"damage":8,"enemies":"Looter","floor":14,"turns":3},{"damage":16,"enemies":"Slime Boss","floor":16,"turns":6},{"damage":15,"enemies":"Spheric Guardian","floor":18,"turns":5},{"damage":21,"enemies":"Shell Parasite","floor":20,"turns":3},{"damage":22,"enemies":"3 Cultists","floor":22,"turns":5},{"damage":22,"enemies":"Book of Stabbing","floor":24,"turns":6}],"seed_played":"6263542715216731614","potions_obtained":[{"floor":6,"key":"Ancient Potion"},{"floor":11,"key":"FocusPotion"},{"floor":20,"key":"GamblersBrew"},{"floor":22,"key":"Poison Potion"}],"is_trial":false,"path_per_floor":["M","M","M","?","$","E","M","R","T","$","M","R","M","M","R","B",null,"M","?","M","T","M","R","E"],"character_chosen":"DEFECT","items_purchased":["Static Discharge","Conserve Battery","Hologram"],"campfire_rested":2,"item_purchase_floors":[5,5,10],"current_hp_per_floor":[59,53,49,49,49,17,12,12,12,12,5,26,20,12,12,21,59,44,44,23,23,1,22,0],"gold":309,"neow_bonus":"ONE_RANDOM_RARE_CARD","is_prod":false,"is_daily":false,"chose_seed":false,"campfire_upgraded":2,"win_rate":0,"timestamp":1566075070,"path_taken":["M","M","M","?","?","E","M","R","T","$","M","R","?","M","R","BOSS","M","?","?","?","M","R","E"],"build_version":"2019-07-17","purchased_purges":0,"victory":false,"max_hp_per_floor":[71,71,71,71,71,71,71,71,71,71,71,71,71,71,71,71,71,71,71,71,71,71,71,71],"card_choices":[{"not_picked":["Barrage","Streamline"],"picked":"Steam","floor":1},{"not_picked":["Beam Cell","Aggregate"],"picked":"Conserve Battery","floor":2},{"not_picked":["Rebound","Steam"],"picked":"Ball Lightning","floor":3},{"not_picked":["Redo","Hologram"],"picked":"Go for the Eyes","floor":6},{"not_picked":["Aggregate","Consume"],"picked":"Loop","floor":7},{"not_picked":["Streamline","Rebound"],"picked":"Ball Lightning","floor":11},{"not_picked":["Double Energy","Rebound"],"picked":"Go for the Eyes","floor":13},{"not_picked":["Streamline","Amplify"],"picked":"Conserve Battery","floor":14},{"not_picked":["Reboot","Biased Cognition"],"picked":"All For One","floor":16},{"not_picked":["Fusion","Conserve Battery+1"],"picked":"Glacier","floor":18},{"not_picked":["Recycle","Chaos"],"picked":"Stack","floor":20},{"not_picked":["Go for the Eyes","Skim"],"picked":"Hologram+1","floor":22}],"player_experience":564790,"relics_obtained":[{"floor":6,"key":"Kunai"},{"floor":9,"key":"Pantograph"},{"floor":21,"key":"Bag of Preparation"}],"event_choices":[{"damage_healed":0,"gold_gain":0,"cards_transformed":["Strike_B"],"player_choice":"Transformed","damage_taken":0,"max_hp_gain":0,"max_hp_loss":0,"event_name":"Transmorgrifier","floor":4,"gold_loss":0,"cards_obtained":["Rainbow"]},{"damage_healed":0,"gold_gain":100,"player_choice":"Bet on Murderer","damage_taken":0,"max_hp_gain":0,"max_hp_loss":0,"event_name":"The Joust","floor":19,"gold_loss":50}],"is_beta":false,"boss_relics":[{"not_picked":["Empty Cage","Eternal Feather"],"picked":"Inserter"}],"items_purged_floors":[],"is_endless":false,"potions_floor_spawned":[6,11,14,20,22],"killed_by":"Book of Stabbing","ascension_level":20}