{"gold_per_floor":[214,314,33,33,48,48,60,60,60,60,71,90,123,138,138,235,235,219,236,236,236,335,335,349,349,395,413,432,132,150,25,25,122,122,133,133,41,41,59,59],"floor_reached":40,"playtime":1856,"items_purged":["Strike_R","Strike_R","Strike_R"],"score":604,"play_id":"eb91c9fa-72fc-42b6-91ef-dae5b4479617","local_time":"20190819212602","is_ascension_mode":true,"campfire_choices":[{"data":"Uppercut","floor":6,"key":"SMITH"},{"data":"Armaments","floor":10,"key":"SMITH"},{"data":"Heavy Blade","floor":15,"key":"SMITH"},{"data":"Dark Embrace","floor":25,"key":"SMITH"},{"data":"Corruption","floor":32,"key":"SMITH"}],"neow_cost":"NONE","seed_source_timestamp":11413591285074,"circlet_count":0,"master_deck":["Defend_R","Defend_R","Defend_R","Bash+1","Disarm","Armaments+1","Uppercut+1","Shrug It Off","Cleave","Flame Barrier+1","Headbutt","Heavy Blade+1","Dark Embrace+1","Clash+1","Ghostly+1","Ghostly+1","Ghostly+1","Ghostly+1","Ghostly+1","Sever Soul","True Grit+1","Feed","Flex+1","Corruption+1","Limit Break+1","Bloodletting+1","Madness+1","Flex+1"],"relics":["Burning Blood","Lantern","Toxic Egg 2","Red Skull","Mark of Pain","Enchiridion","Dream Catcher","Strawberry","Snecko Eye"],"potions_floor_usage":[13,16,18,18,33,33,40],"damage_taken":[{"damage":3,"enemies":"Jaw Worm","floor":1,"turns":6},{"damage":1,"enemies":"Cultist","floor":5,"turns":4},{"damage":7,"enemies":"2 Louse","floor":7,"turns":2},{"damage":3,"enemies":"Looter","floor":11,"turns":3},{"damage":0,"enemies":"Exordium Thugs","floor":12,"turns":6},{"damage":12,"enemies":"Gremlin Nob","floor":13,"turns":4},{"damage":0,"enemies":"2 Fungi Beasts","floor":14,"turns":5},{"damage":69,"enemies":"Slime Boss","floor":16,"turns":15},{"damage":0,"enemies":"2 Thieves","floor":18,"turns":4},{"damage":37,"enemies":"Spheric Guardian","floor":19,"turns":8},{"damage":4,"enemies":"Snake Plant","floor":24,"turns":5},{"damage":19,"enemies":"Centurion and Healer","floor":27,"turns":7},{"damage":1,"enemies":"3 Cultists","floor":28,"turns":6},{"damage":8,"enemies":"Shelled Parasite and Fungi","floor":30,"turns":6},{"damage":7,"enemies":"Champ","floor":33,"turns":8},{"damage":0,"enemies":"Orb Walker","floor":35,"turns":2},{"damage":22,"enemies":"3 Darklings","floor":39,"turns":7},{"damage":34,"enemies":"Reptomancer","floor":40,"turns":2}],"seed_played":"4368614029583444287","potions_obtained":[{"floor":1,"key":"SkillPotion"},{"floor":7,"key":"Block Potion"},{"floor":12,"key":"EssenceOfSteel"},{"floor":13,"key":"Swift Potion"},{"floor":18,"key":"SpeedPotion"},{"floor":19,"key":"PowerPotion"},{"floor":30,"key":"LiquidBronze"},{"floor":39,"key":"SpeedPotion"}],"is_trial":false,"path_per_floor":["M","?","$","?","M","R","M","?","T","R","M","M","E","M","R","B",null,"M","M","?","?","?","?","M","R","T","M","M","$","M","$","R","B",null,"M","?","$","?","M","E"],"character_chosen":"IRONCLAD","items_purchased":["Lantern","Armaments","Flex+1","Strawberry","Madness+1"],"campfire_rested":0,"item_purchase_floors":[3,3,29,29,37],"current_hp_per_floor":[80,80,80,80,80,80,79,79,79,79,80,80,74,80,80,17,64,70,39,23,23,23,23,25,25,25,12,17,24,22,22,22,24,44,50,50,50,50,34,0],"gold":59,"neow_bonus":"HUNDRED_GOLD","is_prod":false,"is_daily":false,"chose_seed":false,"campfire_upgraded":5,"win_rate":0,"timestamp":1566217562,"path_taken":["M","?","?","?","M","R","M","?","T","R","M","?","E","M","R","BOSS","M","M","?","?","?","?","M","R","T","M","M","$","M","$","R","BOSS","M","?","$","?","M","E"],"build_version":"2019-07-17","purchased_purges":3,"victory":false,"max_hp_per_floor":[80,80,80,80,80,80,80,80,80,80,80,80,80,80,80,80,80,80,80,80,40,40,40,40,40,40,40,40,47,47,47,47,50,50,50,50,50,50,50,50],"card_choices":[{"not_picked":["Iron Wave","Sword Boomerang"],"picked":"Disarm","floor":1},{"not_picked":["Infernal Blade","Heavy Blade"],"picked":"Uppercut","floor":5},{"not_picked":["Pummel","Headbutt"],"picked":"Shrug It Off","floor":7},{"not_picked":["Headbutt","Shrug It Off+1"],"picked":"Flame Barrier+1","floor":11},{"not_picked":["Heavy Blade","Dual Wield+1"],"picked":"Headbutt","floor":12},{"not_picked":["Flame Barrier+1","Sword Boomerang"],"picked":"Heavy Blade","floor":13},{"not_picked":["Armaments+1","Hemokinesis","Fire Breathing"],"picked":"SKIP","floor":14},{"not_picked":["Immolate","Reaper"],"picked":"Dark Embrace","floor":16},{"not_picked":["Heavy Blade","Perfected Strike"],"picked":"Clash+1","floor":18},{"not_picked":["Twin Strike","Headbutt","Iron Wave"],"picked":"SKIP","floor":19},{"not_picked":["Cleave","Flame Barrier+1"],"picked":"Sever Soul","floor":24},{"not_picked":["Armaments+1","Heavy Blade"],"picked":"True Grit+1","floor":27},{"not_picked":["Evolve","Bloodletting+1"],"picked":"Feed","floor":28},{"not_picked":["Perfected Strike+1","Anger"],"picked":"Corruption","floor":30},{"not_picked":["Immolate","Reaper"],"picked":"Limit Break+1","floor":33},{"not_picked":["Carnage","Armaments+1"],"picked":"Bloodletting+1","floor":35},{"not_picked":["Pummel","Twin Strike+1"],"picked":"Flex+1","floor":39}],"player_experience":197625,"relics_obtained":[{"floor":9,"key":"Toxic Egg 2"},{"floor":13,"key":"Red Skull"},{"floor":20,"key":"Enchiridion"},{"floor":26,"key":"Dream Catcher"}],"event_choices":[{"damage_healed":0,"gold_gain":100,"player_choice":"Pray","damage_taken":0,"max_hp_gain":0,"max_hp_loss":0,"event_name":"Golden Shrine","floor":2,"gold_loss":0},{"damage_healed":0,"gold_gain":0,"player_choice":"Grow","damage_taken":0,"max_hp_gain":0,"max_hp_loss":0,"event_name":"Living Wall","floor":4,"gold_loss":0,"cards_upgraded":["Bash"]},{"damage_healed":0,"gold_gain":0,"cards_transformed":["Strike_R"],"player_choice":"Transformed","damage_taken":0,"max_hp_gain":0,"max_hp_loss":0,"event_name":"Transmorgrifier","floor":8,"gold_loss":0,"cards_obtained":["Cleave"]},{"damage_healed":0,"gold_gain":0,"player_choice":"Obtained Book","damage_taken":16,"max_hp_gain":0,"max_hp_loss":0,"event_name":"Cursed Tome","floor":20,"gold_loss":0},{"damage_healed":0,"gold_gain":0,"player_choice":"Became a Ghost","damage_taken":0,"max_hp_gain":0,"max_hp_loss":40,"event_name":"Ghosts","floor":21,"gold_loss":0,"cards_obtained":["Ghostly","Ghostly","Ghostly","Ghostly","Ghostly"]},{"damage_healed":0,"gold_gain":99,"player_choice":"Stole From Cult","damage_taken":0,"max_hp_gain":0,"max_hp_loss":0,"event_name":"Nest","floor":22,"gold_loss":0},{"cards_removed":["Strike_R"],"damage_healed":0,"gold_gain":0,"player_choice":"Elegance","damage_taken":0,"max_hp_gain":0,"max_hp_loss":0,"event_name":"Back to Basics","floor":23,"gold_loss":0},{"damage_healed":0,"gold_gain":0,"player_choice":"Ignored","damage_taken":0,"max_hp_gain":0,"max_hp_loss":0,"event_name":"Tomb of Lord Red Mask","floor":36,"gold_loss":0},{"cards_removed":["Defend_R"],"damage_healed":0,"gold_gain":0,"player_choice":"Removed Skill","damage_taken":0,"max_hp_gain":0,"max_hp_loss":0,"event_name":"Falling","floor":38,"gold_loss":0}],"is_beta":false,"boss_relics":[{"not_picked":["Runic Cube","Orrery"],"picked":"Mark of Pain"},{"not_picked":["Tiny House","White Beast Statue"],"picked":"Snecko Eye"}],"items_purged_floors":[3,29,31],"is_endless":false,"potions_floor_spawned":[1,7,12,13,18,19,30,39],"killed_by":"Reptomancer","ascension_level":5}