{"gold_per_floor":[119,194,33,33,33,33,61,73,99,113,124,139,64,92,92,163,163,175,187,187,19,30,30,65,65,117,155,167,190,202,227,239,251],"floor_reached":33,"playtime":806,"items_purged":["Regret"],"score":665,"play_id":"2464b8ac-f0c4-4c73-b3c6-fac6c9ad685d","local_time":"20190626184037","is_ascension_mode":true,"campfire_choices":[{"data":"Anger","floor":6.0,"key":"SMITH"},{"data":"Bash","floor":15.0,"key":"SMITH"},{"floor":23.0,"key":"REST"},{"floor":25.0,"key":"REST"},{"floor":32,"key":"REST"}],"neow_cost":"NONE","seed_source_timestamp":417052186092499,"circlet_count":0,"master_deck":["AscendersBane","Strike_R","Strike_R","Strike_R","Strike_R","Strike_R","Defend_R","Defend_R","Defend_R","Defend_R","Bash+1","Anger+1","Twin Strike+1","Perfected Strike+1","Perfected Strike+1","Feed+1","Reaper+1","Metallicize","Disarm","Rage","RitualDagger+1","Pommel Strike+1"],"special_seed":0,"relics":["Burning Blood","NeowsBlessing","Vajra","Kunai","Molten Egg 2","Blood Vial","Meat on the Bone","Fusion Hammer","Red Skull","Singing Bowl","MawBank","Anchor","MutagenicStrength"],"potions_floor_usage":[33,33],"damage_taken":[{"damage":0.0,"enemies":"2 Louse","floor":1.0,"turns":1.0},{"damage":0.0,"enemies":"3 Sentries","floor":7.0,"turns":1.0},{"damage":0.0,"enemies":"Jaw Worm","floor":8.0,"turns":1.0},{"damage":3.0,"enemies":"Small Slimes","floor":10.0,"turns":2.0},{"damage":0.0,"enemies":"3 Louse","floor":11.0,"turns":1.0},{"damage":0.0,"enemies":"Exordium Wildlife","floor":12.0,"turns":2.0},{"damage":34.0,"enemies":"Lagavulin","floor":14.0,"turns":5.0},{"damage":30.0,"enemies":"Hexaghost","floor":16.0,"turns":7.0},{"damage":17.0,"enemies":"2 Thieves","floor":18.0,"turns":3.0},{"damage":3.0,"enemies":"Chosen","floor":19.0,"turns":3.0},{"damage":32.0,"enemies":"Snake Plant","floor":22.0,"turns":5.0},{"damage":53.0,"enemies":"Slavers","floor":24.0,"turns":8.0},{"damage":62.0,"enemies":"Gremlin Leader","floor":27.0,"turns":7.0},{"damage":27.0,"enemies":"Sentry and Sphere","floor":29.0,"turns":5.0},{"damage":16,"enemies":"Shelled Parasite and Fungi","floor":31,"turns":3},{"damage":97,"enemies":"Automaton","floor":33,"turns":10}],"seed_played":"-3925213982390095482","potions_obtained":[{"floor":1.0,"key":"AttackPotion"},{"floor":8.0,"key":"Swift Potion"},{"floor":14.0,"key":"SkillPotion"},{"floor":16.0,"key":"Ancient Potion"},{"floor":19.0,"key":"SteroidPotion"},{"floor":27.0,"key":"EssenceOfSteel"},{"floor":31,"key":"SkillPotion"}],"is_trial":false,"path_per_floor":["M","?","$","?","$","R","E","M","T","M","M","M","$","E","R","B",null,"M","M","?","$","M","R","E","R","T","E","?","M","?","M","R","B"],"character_chosen":"IRONCLAD","items_purchased":["Vajra","Red Skull"],"campfire_rested":3,"item_purchase_floors":[3,21],"current_hp_per_floor":[74,63,63,63,63,63,69,75,75,75,75,75,75,47,47,37,66,61,66,43,43,37,62,55,82,82,63,57,52,52,57,86,0],"gold":251,"neow_bonus":"THREE_ENEMY_KILL","is_prod":false,"is_daily":false,"chose_seed":false,"campfire_upgraded":2,"win_rate":0,"timestamp":1561588837,"path_taken":["M","?","$","?","?","R","E","?","T","M","M","M","$","E","R","BOSS","M","M","?","$","M","R","E","R","T","E","?","M","?","M","R","BOSS"],"build_version":"2019-01-23","purchased_purges":1,"victory":false,"max_hp_per_floor":[75,75,75,75,75,75,75,75,75,75,75,75,75,75,75,75,75,79,79,84,84,84,84,90,90,90,92,92,94,94,98,98,98],"card_choices":[{"not_picked":["Combust","Twin Strike"],"picked":"Anger","floor":1.0},{"not_picked":["Evolve","Intimidate","Entrench"],"picked":"SKIP","floor":7.0},{"not_picked":["Clash+1","Rage"],"picked":"Twin Strike+1","floor":8.0},{"not_picked":["Searing Blow+1","Clash+1","Flex"],"picked":"SKIP","floor":10.0},{"not_picked":["Clothesline+1","True Grit"],"picked":"Perfected Strike+1","floor":11.0},{"not_picked":["Whirlwind+1","Warcry"],"picked":"Perfected Strike+1","floor":12.0},{"not_picked":["Seeing Red","Entrench"],"picked":"Feed+1","floor":14.0},{"not_picked":["Bludgeon+1","Offering"],"picked":"Reaper+1","floor":16.0},{"not_picked":["Heavy Blade+1","Body Slam+1"],"picked":"Metallicize","floor":18.0},{"not_picked":["Anger+1","Clothesline+1"],"picked":"Disarm","floor":19.0},{"not_picked":["Thunderclap+1","Blood for Blood+1"],"picked":"Rage","floor":22.0},{"not_picked":["Warcry","Evolve","Hemokinesis+1"],"picked":"Singing Bowl","floor":24.0},{"not_picked":["Body Slam+1","Thunderclap+1","Wild Strike+1"],"picked":"Singing Bowl","floor":27.0},{"not_picked":["Uppercut+1","Rage","Warcry"],"picked":"Singing Bowl","floor":29.0},{"not_picked":["Thunderclap+1","Anger+1"],"picked":"Pommel Strike+1","floor":31}],"player_experience":472861,"relics_obtained":[{"floor":7.0,"key":"Molten Egg 2"},{"floor":9.0,"key":"Blood Vial"},{"floor":14.0,"key":"Meat on the Bone"},{"floor":24.0,"key":"Singing Bowl"},{"floor":26.0,"key":"MawBank"},{"floor":27.0,"key":"Anchor"}],"event_choices":[{"damage_healed":0.0,"max_hp_gain":0.0,"max_hp_loss":0.0,"gold_gain":75.0,"event_name":"World of Goop","player_choice":"Gather Gold","floor":2.0,"gold_loss":0.0,"damage_taken":11.0},{"damage_healed":0.0,"max_hp_gain":0.0,"max_hp_loss":0.0,"gold_gain":0.0,"event_name":"Big Fish","player_choice":"Box","floor":4.0,"gold_loss":0.0,"damage_taken":0.0,"relics_obtained":["Kunai"],"cards_obtained":["Regret"]},{"damage_healed":0.0,"max_hp_gain":5.0,"max_hp_loss":0.0,"gold_gain":0.0,"event_name":"Forgotten Altar","player_choice":"Shed Blood","floor":20.0,"gold_loss":0.0,"damage_taken":28.0},{"damage_healed":0.0,"max_hp_gain":0.0,"max_hp_loss":0.0,"gold_gain":0.0,"event_name":"Nest","player_choice":"Joined the Cult","floor":28.0,"gold_loss":0.0,"damage_taken":6.0,"cards_obtained":["RitualDagger"]},{"damage_healed":0.0,"max_hp_gain":0.0,"max_hp_loss":0.0,"gold_gain":0.0,"event_name":"Drug Dealer","player_choice":"Inject Mutagens","floor":30.0,"gold_loss":0.0,"damage_taken":0.0,"relics_obtained":["MutagenicStrength"]}],"is_beta":false,"boss_relics":[{"not_picked":["Black Star","Runic Dome"],"picked":"Fusion Hammer"}],"items_purged_floors":[13],"is_endless":false,"potions_floor_spawned":[1,8,10,14,16,19,27,31],"killed_by":"Automaton","ascension_level":20}