{"gold_per_floor":[112,0,12,23,35,365,365,380,380,380,410,335,335,364,364,441,441,451,461,461,36,36,36],"floor_reached":23,"playtime":650,"items_purged":[],"score":397,"play_id":"f7a46d5a-3ddc-4370-bacf-18c4bb870abe","local_time":"20190511192154","is_ascension_mode":true,"campfire_choices":[{"data":"Zap","floor":7,"key":"SMITH"},{"data":"Tempest","floor":10,"key":"SMITH"},{"floor":15,"key":"REST"}],"neow_cost":"NONE","seed_source_timestamp":86921377915056,"circlet_count":0,"master_deck":["AscendersBane","Zap+1","Dualcast","Sweeping Beam+1","Chill","Cold Snap","Rip and Tear","Cold Snap","Reinforced Body","Coolheaded","Tempest+1","Self Repair","Core Surge","Core Surge","Melter","Static Discharge","Rip and Tear","Fusion","Amplify","Blizzard","Discovery"],"relics":["Cracked Core","Boot","Old Coin","Ornamental Fan","Regal Pillow","Incense Burner","Pandora\u0027s Box","Thread and Needle"],"potions_floor_usage":[11,14,19],"damage_taken":[{"damage":3,"enemies":"2 Louse","floor":1,"turns":3},{"damage":2,"enemies":"Small Slimes","floor":3,"turns":3},{"damage":0,"enemies":"Jaw Worm","floor":4,"turns":3},{"damage":1,"enemies":"Gremlin Gang","floor":5,"turns":5},{"damage":7,"enemies":"3 Sentries","floor":6,"turns":10},{"damage":0,"enemies":"Large Slime","floor":8,"turns":6},{"damage":4,"enemies":"Gremlin Nob","floor":11,"turns":3},{"damage":12,"enemies":"3 Sentries","floor":14,"turns":4},{"damage":43,"enemies":"The Guardian","floor":16,"turns":14},{"damage":7,"enemies":"3 Byrds","floor":18,"turns":4},{"damage":28,"enemies":"2 Thieves","floor":19,"turns":3},{"damage":24,"enemies":"Book of Stabbing","floor":23,"turns":4}],"seed_played":"2632927341960293891","potions_obtained":[{"floor":4,"key":"Block Potion"},{"floor":8,"key":"Poison Potion"},{"floor":11,"key":"Explosive Potion"},{"floor":16,"key":"FearPotion"},{"floor":18,"key":"Ancient Potion"}],"is_trial":false,"path_per_floor":["M","$","M","M","M","E","R","M","T","R","E","?","?","E","R","B",null,"M","M","?","$","?","E"],"character_chosen":"DEFECT","items_purchased":["Chill","Cold Snap","Discovery","Thread and Needle"],"campfire_rested":1,"item_purchase_floors":[2,2,21,21],"current_hp_per_floor":[61,61,59,59,58,51,51,51,51,51,47,47,26,14,50,14,57,50,29,29,29,29,5],"gold":36,"neow_bonus":"RANDOM_COMMON_RELIC","is_prod":false,"is_daily":false,"chose_seed":false,"campfire_upgraded":2,"win_rate":0,"timestamp":1557616914,"path_taken":["M","$","M","M","M","E","R","M","T","R","E","?","?","E","R","BOSS","M","M","?","$","?","E"],"build_version":"2019-01-23","purchased_purges":0,"victory":false,"max_hp_per_floor":[71,71,71,71,71,71,71,71,71,71,71,71,71,71,71,71,71,71,71,71,71,71,71],"card_choices":[{"not_picked":["Hologram","Stack"],"picked":"Sweeping Beam","floor":1},{"not_picked":["Skim","Hologram"],"picked":"Rip and Tear","floor":3},{"not_picked":["Auto Shields","Turbo"],"picked":"Cold Snap","floor":4},{"not_picked":["Streamline","Aggregate"],"picked":"Reinforced Body","floor":5},{"not_picked":["Storm","All For One"],"picked":"Coolheaded","floor":6},{"not_picked":["Stack","BootSequence"],"picked":"Tempest","floor":8},{"not_picked":["Stack","Fusion","Redo"],"picked":"SKIP","floor":11},{"not_picked":["Consume","Barrage"],"picked":"Self Repair","floor":14},{"not_picked":["Multi-Cast","All For One"],"picked":"Core Surge","floor":16},{"not_picked":["Steam","Redo","Go for the Eyes"],"picked":"SKIP","floor":18},{"not_picked":["Sweeping Beam","Turbo"],"picked":"Blizzard","floor":19}],"player_experience":355561,"relics_obtained":[{"floor":6,"key":"Old Coin"},{"floor":9,"key":"Ornamental Fan"},{"floor":11,"key":"Regal Pillow"},{"floor":14,"key":"Incense Burner"}],"event_choices":[{"cards_removed":["Strike_B"],"damage_healed":0,"gold_gain":0,"player_choice":"Card Removal","damage_taken":0,"max_hp_gain":0,"max_hp_loss":0,"event_name":"The Cleric","floor":12,"gold_loss":75},{"damage_healed":0,"gold_gain":0,"player_choice":"Entered Light","damage_taken":21,"max_hp_gain":0,"max_hp_loss":0,"event_name":"Shining Light","floor":13,"gold_loss":0,"cards_upgraded":["Strike_B","Sweeping Beam"]},{"cards_removed":["Redo"],"damage_healed":0,"gold_gain":0,"player_choice":"Elegance","damage_taken":0,"max_hp_gain":0,"max_hp_loss":0,"event_name":"Back to Basics","floor":20,"gold_loss":0},{"damage_healed":0,"gold_gain":0,"player_choice":"Ignored","damage_taken":0,"max_hp_gain":0,"max_hp_loss":0,"event_name":"Ghosts","floor":22,"gold_loss":0}],"is_beta":false,"boss_relics":[{"not_picked":["Empty Cage","Coffee Dripper"],"picked":"Pandora\u0027s Box"}],"items_purged_floors":[],"is_endless":false,"potions_floor_spawned":[4,8,11,16,18],"killed_by":"Book of Stabbing","ascension_level":18}