{"gold_per_floor":[118,118,128,140,140,171,186,186,186,136,151,204,224,255,255,255],"floor_reached":16,"playtime":563,"items_purged":[],"score":137,"play_id":"2617d377-adf5-4822-8171-de080d71c241","local_time":"20190222235046","is_ascension_mode":false,"campfire_choices":[{"floor":8,"key":"REST"},{"floor":15,"key":"REST"}],"neow_cost":"NONE","seed_source_timestamp":557664184302666,"circlet_count":0,"master_deck":["Strike_R","Strike_R","Strike_R","Strike_R","Strike_R","Defend_R","Defend_R","Defend_R","Defend_R","Clash","Body Slam","Feed","Intimidate","Flex","Flex"],"relics":["Burning Blood","NeowsBlessing","Golden Idol","Potion Belt","Mummified Hand","Strawberry","Unceasing Top"],"potions_floor_usage":[14,16],"damage_taken":[{"damage":0,"enemies":"2 Louse","floor":1,"turns":1},{"damage":0,"enemies":"Cultist","floor":3,"turns":1},{"damage":0,"enemies":"Small Slimes","floor":4,"turns":1},{"damage":63,"enemies":"3 Sentries","floor":6,"turns":16},{"damage":5,"enemies":"Looter","floor":7,"turns":4},{"damage":13,"enemies":"Blue Slaver","floor":11,"turns":6},{"damage":0,"enemies":"Large Slime","floor":13,"turns":6},{"damage":41,"enemies":"Gremlin Nob","floor":14,"turns":5},{"damage":55,"enemies":"Slime Boss","floor":16,"turns":9}],"seed_played":"3197272509184993638","potions_obtained":[{"floor":1,"key":"Dexterity Potion"},{"floor":3,"key":"Energy Potion"},{"floor":11,"key":"Block Potion"}],"is_trial":false,"path_per_floor":["M","?","M","M","?","E","M","R","T","?","M","T","M","E","R","B"],"character_chosen":"IRONCLAD","items_purchased":[],"campfire_rested":2,"item_purchase_floors":[],"current_hp_per_floor":[80,80,80,80,80,23,27,51,51,51,47,54,63,28,56,1],"gold":255,"neow_bonus":"THREE_ENEMY_KILL","is_prod":false,"is_daily":false,"chose_seed":false,"campfire_upgraded":0,"win_rate":0.0,"timestamp":1550908246,"path_taken":["M","?","M","?","?","E","M","R","T","?","M","?","M","E","R","BOSS"],"build_version":"2019-01-23","purchased_purges":0,"victory":false,"max_hp_per_floor":[80,80,80,80,80,80,83,83,83,83,86,93,96,96,96,96],"card_choices":[{"not_picked":["Infernal Blade","Carnage"],"picked":"Clash","floor":1},{"not_picked":["Pummel","Heavy Blade","Clothesline"],"picked":"SKIP","floor":3},{"not_picked":["Rupture","Shrug It Off","Shockwave"],"picked":"SKIP","floor":4},{"not_picked":["Headbutt","Spot Weakness"],"picked":"Feed","floor":6},{"not_picked":["Armaments","Headbutt"],"picked":"Intimidate","floor":7},{"not_picked":["Whirlwind","Heavy Blade"],"picked":"Flex","floor":11},{"not_picked":["Rage","True Grit"],"picked":"Flex","floor":13},{"not_picked":["Shrug It Off","Bloodletting","Blood for Blood"],"picked":"SKIP","floor":14}],"player_experience":6552,"relics_obtained":[{"floor":6,"key":"Potion Belt"},{"floor":9,"key":"Mummified Hand"},{"floor":12,"key":"Strawberry"},{"floor":14,"key":"Unceasing Top"}],"event_choices":[{"damage_healed":0,"gold_gain":0,"cards_transformed":["Bash"],"player_choice":"Transformed","damage_taken":0,"max_hp_gain":0,"max_hp_loss":0,"event_name":"Transmorgrifier","floor":2,"gold_loss":0,"cards_obtained":["Body Slam"]},{"damage_healed":0,"gold_gain":0,"player_choice":"Take Wound","damage_taken":0,"relics_obtained":["Golden Idol"],"max_hp_gain":0,"max_hp_loss":0,"event_name":"Golden Idol","floor":5,"gold_loss":0,"cards_obtained":["Injury"]},{"cards_removed":["Injury"],"damage_healed":0,"gold_gain":0,"player_choice":"Card Removal","damage_taken":0,"max_hp_gain":0,"max_hp_loss":0,"event_name":"The Cleric","floor":10,"gold_loss":50}],"is_beta":false,"boss_relics":[],"items_purged_floors":[],"is_endless":false,"potions_floor_spawned":[1,3,11],"killed_by":"Slime Boss","ascension_level":0}