{"gold_per_floor":[112,112,124,138,138,164,164,184,210,82,108,122,122,122,122,218,218,235,235,250,165,165,165,179,179,204,104,104,124,144,19,19,19],"floor_reached":33,"playtime":1359,"items_purged":["Defend_R","Strike_R","Strike_R"],"score":245,"play_id":"dea49b37-cf91-4eb1-bf1a-aee77498d88f","local_time":"20190313095450","is_ascension_mode":false,"campfire_choices":[{"floor":7,"key":"REST"},{"data":"Inflame","floor":15,"key":"SMITH"},{"floor":23,"key":"REST"},{"data":"Demon Form","floor":25,"key":"SMITH"},{"floor":28,"key":"REST"},{"floor":32,"key":"REST"}],"neow_cost":"NONE","seed_source_timestamp":87320053557105,"circlet_count":0,"master_deck":["Strike_R+1","Strike_R+1","Defend_R","Defend_R","Bash+1","Shrug It Off","Inflame+1","Heavy Blade","Demon Form+1","Heavy Blade+1","Flame Barrier"],"relics":["Burning Blood","Strawberry","Centennial Puzzle","Juzu Bracelet","Runic Dome","Blood Vial","Potion Belt"],"potions_floor_usage":[16,16,16,33],"damage_taken":[{"damage":0,"enemies":"Small Slimes","floor":1,"turns":3},{"damage":13,"enemies":"Jaw Worm","floor":3,"turns":3},{"damage":7,"enemies":"2 Louse","floor":4,"turns":3},{"damage":43,"enemies":"Lagavulin","floor":6,"turns":8},{"damage":9,"enemies":"2 Fungi Beasts","floor":8,"turns":4},{"damage":27,"enemies":"Large Slime","floor":12,"turns":6},{"damage":33,"enemies":"Hexaghost","floor":16,"turns":9},{"damage":47,"enemies":"3 Byrds","floor":18,"turns":5},{"damage":27,"enemies":"2 Thieves","floor":20,"turns":4},{"damage":17,"enemies":"Cultist and Chosen","floor":24,"turns":5},{"damage":14,"enemies":"Centurion and Healer","floor":29,"turns":5},{"damage":42,"enemies":"Snake Plant","floor":30,"turns":4},{"damage":86,"enemies":"Collector","floor":33,"turns":7}],"seed_played":"-5078370040308103476","potions_obtained":[{"floor":1,"key":"Dexterity Potion"},{"floor":6,"key":"Dexterity Potion"},{"floor":8,"key":"SpeedPotion"},{"floor":29,"key":"SpeedPotion"}],"is_trial":false,"path_per_floor":["M","?","M","M","?","E","R","M","T","$","T","M","?","?","R","B",null,"M","?","M","?","?","R","M","R","T","$","R","M","M","$","R","B"],"character_chosen":"IRONCLAD","items_purchased":["Heavy Blade"],"campfire_rested":4,"item_purchase_floors":[10],"current_hp_per_floor":[80,73,66,65,49,19,45,42,42,42,42,21,21,50,50,23,87,46,46,25,25,25,51,42,42,42,42,68,62,28,28,54,0],"gold":19,"neow_bonus":"UPGRADE_CARD","is_prod":false,"is_daily":false,"chose_seed":false,"campfire_upgraded":2,"win_rate":0.0,"timestamp":1552485290,"path_taken":["M","?","M","M","?","E","R","M","T","$","?","M","?","?","R","BOSS","M","?","M","?","?","R","M","R","T","$","R","M","M","$","R","BOSS"],"build_version":"2019-01-23","purchased_purges":3,"victory":false,"max_hp_per_floor":[80,80,80,80,80,87,87,87,87,87,87,87,87,87,87,87,87,87,87,87,87,87,87,87,87,87,87,87,87,87,87,87,87],"card_choices":[{"not_picked":["Pommel Strike","Carnage","Body Slam"],"picked":"SKIP","floor":1},{"not_picked":["Intimidate","True Grit"],"picked":"Shrug It Off","floor":3},{"not_picked":["Armaments","Clothesline","True Grit"],"picked":"SKIP","floor":4},{"not_picked":["Perfected Strike","Blood for Blood","Pommel Strike"],"picked":"SKIP","floor":6},{"not_picked":["Perfected Strike","Body Slam"],"picked":"Inflame","floor":8},{"not_picked":["Perfected Strike","Pummel","Carnage"],"picked":"SKIP","floor":12},{"not_picked":["Feed","Impervious"],"picked":"Demon Form","floor":16},{"not_picked":["Sword Boomerang","Uppercut"],"picked":"Heavy Blade+1","floor":18},{"not_picked":["Iron Wave+1","Perfected Strike"],"picked":"Flame Barrier","floor":20},{"not_picked":["Thunderclap","Cleave","Perfected Strike+1"],"picked":"SKIP","floor":24},{"not_picked":["Seeing Red+1","Warcry","Reckless Charge"],"picked":"SKIP","floor":29},{"not_picked":["Sword Boomerang+1","Perfected Strike+1","Brutality"],"picked":"SKIP","floor":30}],"player_experience":29913,"relics_obtained":[{"floor":6,"key":"Strawberry"},{"floor":9,"key":"Centennial Puzzle"},{"floor":11,"key":"Juzu Bracelet"},{"floor":26,"key":"Potion Belt"}],"event_choices":[{"cards_removed":["Defend_R"],"damage_healed":0,"gold_gain":0,"player_choice":"Card Removal","damage_taken":7,"max_hp_gain":0,"max_hp_loss":0,"event_name":"Golden Wing","floor":2,"gold_loss":0},{"damage_healed":0,"gold_gain":0,"player_choice":"Entered Light","damage_taken":16,"max_hp_gain":0,"max_hp_loss":0,"event_name":"Shining Light","floor":5,"gold_loss":0,"cards_upgraded":["Strike_R","Strike_R"]},{"damage_healed":0,"gold_gain":0,"player_choice":"Ignored","damage_taken":0,"max_hp_gain":0,"max_hp_loss":0,"event_name":"Liars Game","floor":13,"gold_loss":0},{"damage_healed":29,"gold_gain":0,"player_choice":"Banana","damage_taken":0,"max_hp_gain":0,"max_hp_loss":0,"event_name":"Big Fish","floor":14,"gold_loss":0},{"damage_healed":0,"gold_gain":0,"player_choice":"Ignored","damage_taken":0,"max_hp_gain":0,"max_hp_loss":0,"event_name":"The Mausoleum","floor":19,"gold_loss":0},{"damage_healed":0,"gold_gain":0,"player_choice":"Obtained Relic","damage_taken":0,"relics_obtained":["Blood Vial"],"max_hp_gain":0,"max_hp_loss":0,"event_name":"Addict","floor":21,"gold_loss":85},{"cards_removed":["Strike_R"],"damage_healed":0,"gold_gain":0,"player_choice":"Elegance","damage_taken":0,"max_hp_gain":0,"max_hp_loss":0,"event_name":"Back to Basics","floor":22,"gold_loss":0}],"is_beta":false,"boss_relics":[{"not_picked":["White Beast Statue","Lizard Tail"],"picked":"Runic Dome"}],"items_purged_floors":[10,27,31],"is_endless":false,"potions_floor_spawned":[1,6,8,29],"killed_by":"Collector","ascension_level":0}