{"gold_per_floor":[16,93,93,93,108,108,183,183,183,216,216,58,87,107,107,182,182,195,170,170,190,190,219,219,250,250,279,296,309,325,325,325,398,398,412,463,482,123,13,13,44,58,58,87,87,101,114,114,114,114,114,114,114,114,114],"floor_reached":55,"playtime":4137,"items_purged":["Regret","Strike_B"],"score":2061,"play_id":"4176c453-dcda-43eb-a8c2-732eeef78a64","local_time":"20190313193337","is_ascension_mode":true,"campfire_choices":[{"data":"Sunder","floor":6.0,"key":"SMITH"},{"data":"Conserve Battery","floor":8.0,"key":"SMITH"},{"data":"Cold Snap","floor":11.0,"key":"SMITH"},{"data":"Creative AI","floor":15.0,"key":"SMITH"},{"data":"Buffer","floor":24.0,"key":"SMITH"},{"floor":32.0,"key":"REST"},{"floor":40.0,"key":"RECALL"},{"data":"Chill","floor":45.0,"key":"SMITH"},{"data":"Capacitor","floor":49.0,"key":"SMITH"},{"floor":53.0,"key":"REST"}],"neow_cost":"NO_GOLD","seed_source_timestamp":14740370700087,"circlet_count":0,"master_deck":["AscendersBane","Defend_B","Defend_B","Defend_B","Defend_B","Zap","Dualcast","Buffer+1","Sunder+1","Conserve Battery+1","Cold Snap+1","Creative AI+1","Glacier","Buffer+1","Core Surge","Coolheaded+1","BootSequence+1","Biased Cognition","Self Repair","Electrodynamics","Chill+1","Defragment+1","White Noise+1","Capacitor+1"],"special_seed":0,"relics":["Cracked Core","Mango","Pocketwatch","Art of War","Du-Vu Doll","Cursed Key","Omamori","Bottled Tornado","Smiling Mask","Sozu","Dead Branch","Toolbox","Singing Bowl","Cables","Gremlin Horn"],"potions_floor_usage":[],"damage_taken":[{"damage":2.0,"enemies":"Jaw Worm","floor":1.0,"turns":4.0},{"damage":0.0,"enemies":"Small Slimes","floor":5.0,"turns":3.0},{"damage":7.0,"enemies":"3 Sentries","floor":10.0,"turns":6.0},{"damage":8.0,"enemies":"Gremlin Nob","floor":13.0,"turns":4.0},{"damage":0.0,"enemies":"2 Louse","floor":14.0,"turns":2.0},{"damage":32.0,"enemies":"Hexaghost","floor":16.0,"turns":9.0},{"damage":2.0,"enemies":"3 Byrds","floor":18.0,"turns":8.0},{"damage":1.0,"enemies":"2 Thieves","floor":19.0,"turns":4.0},{"damage":0.0,"enemies":"Snake Plant","floor":21.0,"turns":3.0},{"damage":31.0,"enemies":"Book of Stabbing","floor":23.0,"turns":7.0},{"damage":57.0,"enemies":"Slavers","floor":25.0,"turns":8.0},{"damage":31.0,"enemies":"Gremlin Leader","floor":27.0,"turns":8.0},{"damage":0.0,"enemies":"Centurion and Healer","floor":28.0,"turns":8.0},{"damage":0.0,"enemies":"Cultist and Chosen","floor":29.0,"turns":6.0},{"damage":0.0,"enemies":"Snake Plant","floor":30.0,"turns":5.0},{"damage":49.0,"enemies":"Automaton","floor":33.0,"turns":13.0},{"damage":0.0,"enemies":"Orb Walker","floor":35.0,"turns":5.0},{"damage":35.0,"enemies":"2 Orb Walkers","floor":36.0,"turns":5.0},{"damage":0.0,"enemies":"3 Darklings","floor":37.0,"turns":4.0},{"damage":0.0,"enemies":"Nemesis","floor":41.0,"turns":13.0},{"damage":0.0,"enemies":"Jaw Worm Horde","floor":42.0,"turns":4.0},{"damage":0.0,"enemies":"Giant Head","floor":44.0,"turns":11.0},{"damage":0.0,"enemies":"Maw","floor":46.0,"turns":9.0},{"damage":0.0,"enemies":"3 Darklings","floor":47.0,"turns":4.0},{"damage":75.0,"enemies":"Awakened One","floor":50.0,"turns":24.0},{"damage":11.0,"enemies":"Time Eater","floor":51.0,"turns":14.0},{"damage":95,"enemies":"Shield and Spear","floor":55,"turns":11}],"seed_played":"-2070444565587170880","potions_obtained":[{"floor":1.0,"key":"Strength Potion"},{"floor":5.0,"key":"LiquidBronze"},{"floor":18.0,"key":"SkillPotion"},{"floor":21.0,"key":"Regen Potion"},{"floor":25.0,"key":"FairyPotion"},{"floor":28.0,"key":"FearPotion"},{"floor":29.0,"key":"FearPotion"}],"is_trial":false,"path_per_floor":["M","?","?","?","M","R","?","R","T","E","R","$","E","M","R","B",null,"M","M","$","M","?","E","R","E","T","E","M","M","M","?","R","B",null,"M","?","M","$","?","R","E","M","T","E","R","M","M","?","R","B","B",null,"R","$","E"],"character_chosen":"DEFECT","items_purchased":["Self Repair","Defragment","Toolbox"],"campfire_rested":2,"item_purchase_floors":[12,38,38],"current_hp_per_floor":[62,62,76,76,76,76,65,65,65,58,58,58,57,64,64,39,74,79,78,78,78,78,69,69,19,19,15,22,29,36,36,61,26,70,77,56,70,70,70,70,86,89,89,89,89,91,91,91,91,23,19,73,91,91,0],"gold":114,"neow_bonus":"THREE_RARE_CARDS","is_prod":false,"is_daily":false,"chose_seed":false,"campfire_upgraded":7,"win_rate":0,"timestamp":1552502017,"path_taken":["M","?","?","?","M","R","?","R","T","E","R","?","E","?","R","BOSS","M","?","$","M","?","E","R","E","T","E","M","M","M","?","R","BOSS","M","?","M","$","?","R","E","M","T","E","R","?","?","?","R","BOSS","BOSS","R","$","E"],"build_version":"2019-02-06","purchased_purges":2,"victory":false,"max_hp_per_floor":[71,71,85,85,85,85,85,85,85,85,85,85,85,85,85,85,85,85,85,85,85,85,85,85,85,85,85,85,85,85,85,85,85,85,85,85,85,85,85,85,87,89,89,89,89,91,91,91,91,91,91,91,91,91,91],"card_choices":[{"not_picked":["Biased Cognition","Creative AI"],"picked":"Buffer","floor":0.0},{"not_picked":["Beam Cell","Reprogram"],"picked":"Sunder","floor":1.0},{"not_picked":["Turbo","Streamline"],"picked":"Conserve Battery","floor":5.0},{"not_picked":["Rip and Tear","Sweeping Beam"],"picked":"Cold Snap","floor":10.0},{"not_picked":["Barrage","Leap"],"picked":"Creative AI","floor":13.0},{"not_picked":["Compile Driver","Streamline"],"picked":"Glacier","floor":14.0},{"not_picked":["Creative AI","Multi-Cast"],"picked":"Buffer","floor":16.0},{"not_picked":["Ball Lightning","FTL","Barrage"],"picked":"SKIP","floor":18.0},{"not_picked":["Reprogram","Auto Shields","Redo"],"picked":"SKIP","floor":19.0},{"not_picked":["Cold Snap","Loop","Compile Driver"],"picked":"SKIP","floor":21.0},{"not_picked":["Lockon","Gash","Redo"],"picked":"SKIP","floor":23.0},{"not_picked":["Core Surge","Hello World+1","Streamline"],"picked":"SKIP","floor":25.0},{"not_picked":["Hello World+1","Streamline"],"picked":"Core Surge","floor":25.0},{"not_picked":["Consume","Rip and Tear","Stack"],"picked":"SKIP","floor":27.0},{"not_picked":["Barrage","Melter","Lockon"],"picked":"SKIP","floor":28.0},{"not_picked":["Barrage","Melter","Lockon"],"picked":"SKIP","floor":28.0},{"not_picked":["Leap","Redo+1"],"picked":"Coolheaded+1","floor":29.0},{"not_picked":["Beam Cell","Gash"],"picked":"BootSequence+1","floor":30.0},{"not_picked":["Thunder Strike","Hyperbeam"],"picked":"Electrodynamics","floor":33.0},{"not_picked":["Sunder","Rebound","Self Repair+1"],"picked":"SKIP","floor":35.0},{"not_picked":["Aggregate","Rip and Tear+1"],"picked":"Chill","floor":37.0},{"not_picked":["Static Discharge","Barrage","Sweeping Beam+1"],"picked":"Singing Bowl","floor":41.0},{"not_picked":["All For One","Redo","Lockon"],"picked":"Singing Bowl","floor":42.0},{"not_picked":["Lockon","Undo"],"picked":"White Noise+1","floor":44.0},{"not_picked":["Aggregate","Leap","Redo"],"picked":"Singing Bowl","floor":46.0},{"not_picked":["Tempest","Cold Snap+1"],"picked":"Capacitor","floor":47.0}],"player_experience":1018683,"relics_obtained":[{"floor":9.0,"key":"Pocketwatch"},{"floor":10.0,"key":"Art of War"},{"floor":13.0,"key":"Du-Vu Doll"},{"floor":23.0,"key":"Omamori"},{"floor":25.0,"key":"Bottled Tornado"},{"floor":27.0,"key":"Smiling Mask"},{"floor":36.0,"key":"Dead Branch"},{"floor":41.0,"key":"Singing Bowl"},{"floor":43.0,"key":"Cables"},{"floor":44.0,"key":"Gremlin Horn"}],"event_choices":[{"damage_healed":0.0,"max_hp_gain":0.0,"max_hp_loss":0.0,"gold_gain":77.0,"event_name":"Golden Wing","player_choice":"Gained Gold","floor":2.0,"gold_loss":0.0,"damage_taken":0.0},{"damage_healed":0.0,"max_hp_gain":0.0,"max_hp_loss":0.0,"gold_gain":0.0,"event_name":"Big Fish","player_choice":"Box","floor":3.0,"gold_loss":0.0,"damage_taken":0.0,"relics_obtained":["Mango"],"cards_obtained":["Regret"]},{"damage_healed":0.0,"max_hp_gain":0.0,"max_hp_loss":0.0,"gold_gain":0.0,"event_name":"Living Wall","player_choice":"Grow","floor":4.0,"gold_loss":0.0,"damage_taken":0.0,"cards_upgraded":["Buffer"]},{"damage_healed":0.0,"max_hp_gain":0.0,"max_hp_loss":0.0,"gold_gain":75.0,"event_name":"World of Goop","player_choice":"Gather Gold","floor":7.0,"gold_loss":0.0,"damage_taken":11.0},{"damage_healed":0.0,"max_hp_gain":0.0,"max_hp_loss":0.0,"gold_gain":0.0,"event_name":"Beggar","player_choice":"Ignored","floor":22.0,"gold_loss":0.0,"damage_taken":0.0},{"damage_healed":0.0,"max_hp_gain":0.0,"max_hp_loss":0.0,"gold_gain":0.0,"cards_transformed":["Strike_B","Strike_B"],"event_name":"Drug Dealer","player_choice":"Became Test Subject","floor":31.0,"gold_loss":0.0,"damage_taken":0.0,"cards_obtained":["Biased Cognition","Self Repair"]},{"damage_healed":0.0,"max_hp_gain":0.0,"max_hp_loss":0.0,"gold_gain":0.0,"event_name":"Mysterious Sphere","player_choice":"Fight","floor":36.0,"gold_loss":0.0,"damage_taken":0.0},{"cards_removed":["Strike_B"],"damage_healed":0.0,"max_hp_gain":0.0,"max_hp_loss":0.0,"gold_gain":0.0,"event_name":"Designer","player_choice":"Upgrade and Remove","floor":39.0,"gold_loss":110.0,"damage_taken":0.0,"cards_upgraded":["Defragment"]},{"cards_removed":["Self Repair"],"damage_healed":0.0,"max_hp_gain":0.0,"max_hp_loss":0.0,"gold_gain":0.0,"event_name":"Falling","player_choice":"Removed Power","floor":48.0,"gold_loss":0.0,"damage_taken":0.0}],"is_beta":true,"boss_relics":[{"not_picked":["Pandora\u0027s Box","Runic Pyramid"],"picked":"Cursed Key"},{"not_picked":["Velvet Choker","White Beast Statue"],"picked":"Sozu"}],"items_purged_floors":[12,38],"is_endless":false,"potions_floor_spawned":[1,5,10,14,18,21,25,28,29,37,44,46,47],"killed_by":"Shield and Spear","ascension_level":20}