{"gold_per_floor":[117,128,147,147,159,194,205,205,205,205,215,226,226,226,226,330,330,345,154,164,26,79,98,98,98,98,116,86,101,22,40,40,40],"floor_reached":33,"playtime":5665,"items_purged":[],"score":301,"play_id":"2e8c59db-79ac-456c-9a8f-bcd4602148bf","local_time":"20190306172842","is_ascension_mode":false,"campfire_choices":[{"floor":8,"key":"REST"},{"floor":13,"key":"REST"},{"data":"Demon Form","floor":15,"key":"SMITH"},{"floor":25,"key":"REST"},{"floor":32,"key":"REST"}],"neow_cost":"PERCENT_DAMAGE","seed_source_timestamp":19827137977592,"circlet_count":0,"master_deck":["Strike_R","Strike_R","Strike_R","Strike_R","Defend_R","Defend_R","Defend_R","Bash","Demon Form+1","Rampage","Ghostly Armor","Fire Breathing","Power Through","Clothesline","Twin Strike","Entrench","Anger","Berserk","Feed","Cleave+1","Trip","Headbutt","Armaments","Rampage","Shrug It Off","Perfected Strike+1","Fire Breathing","Armaments","Flex","Anger","Armaments","Flame Barrier"],"relics":["Burning Blood","Magic Flower","Vajra","Shuriken","GremlinMask","Lizard Tail","Smiling Mask","Nunchaku"],"potions_floor_usage":[11,18,27,29,29,29,33],"damage_taken":[{"damage":1,"enemies":"Cultist","floor":1,"turns":4},{"damage":15,"enemies":"Jaw Worm","floor":2,"turns":5},{"damage":0,"enemies":"2 Louse","floor":3,"turns":4},{"damage":16,"enemies":"Lots of Slimes","floor":5,"turns":5},{"damage":21,"enemies":"Lagavulin","floor":6,"turns":6},{"damage":5,"enemies":"2 Fungi Beasts","floor":7,"turns":5},{"damage":22,"enemies":"Gremlin Gang","floor":11,"turns":5},{"damage":7,"enemies":"Blue Slaver","floor":12,"turns":4},{"damage":0,"enemies":"Slime Boss","floor":16,"turns":6},{"damage":13,"enemies":"Chosen","floor":18,"turns":5},{"damage":30,"enemies":"3 Byrds","floor":20,"turns":6},{"damage":48,"enemies":"Centurion and Healer","floor":23,"turns":6},{"damage":67,"enemies":"3 Cultists","floor":27,"turns":6},{"damage":60,"enemies":"Sentry and Sphere","floor":29,"turns":11},{"damage":34,"enemies":"Cultist and Chosen","floor":31,"turns":10},{"damage":56,"enemies":"Collector","floor":33,"turns":5}],"seed_played":"-7791833685042786818","potions_obtained":[{"floor":3,"key":"FairyPotion"},{"floor":7,"key":"FearPotion"},{"floor":11,"key":"Block Potion"},{"floor":27,"key":"FearPotion"},{"floor":28,"key":"BloodPotion"},{"floor":28,"key":"Dexterity Potion"},{"floor":31,"key":"Ancient Potion"}],"is_trial":false,"path_per_floor":["?","?","M","?","T","?","M","?","M","$"],"character_chosen":"IRONCLAD","items_purchased":["Trip","Headbutt","Iron Wave","Rampage","Shrug It Off","Dexterity Potion","Anger","Armaments"],"campfire_rested":4,"item_purchase_floors":[19,19,19,21,21,21,30,30],"current_hp_per_floor":[61,52,58,55,48,36,40,64,64,64,51,53,77,77,77,80,80,76,76,60,60,60,21,21,45,45,21,21,55,55,30,56,0],"gold":40,"neow_bonus":"TRANSFORM_TWO_CARDS","is_prod":false,"is_daily":false,"chose_seed":false,"campfire_upgraded":1,"win_rate":0.0,"timestamp":1551889722,"path_taken":["M","M","M","?","M","E","M","R","T","?","M","?","R","?","R","BOSS","M","$","M","$","?","M","?","R","T","?","?","?","?","M","R","BOSS"],"build_version":"2019-01-23","purchased_purges":0,"victory":false,"max_hp_per_floor":[80,80,80,80,80,80,80,80,80,80,80,80,80,80,80,80,80,80,80,83,83,83,83,83,83,83,86,86,89,89,89,89,89],"card_choices":[{"not_picked":["Headbutt","Battle Trance"],"picked":"Rampage","floor":1},{"not_picked":["Flex","Clothesline"],"picked":"Ghostly Armor","floor":2},{"not_picked":["Perfected Strike","Sword Boomerang"],"picked":"Fire Breathing","floor":3},{"not_picked":["Pommel Strike","Clothesline"],"picked":"Power Through","floor":5},{"not_picked":["Headbutt","Warcry"],"picked":"Clothesline","floor":6},{"not_picked":["Blood for Blood","Second Wind"],"picked":"Twin Strike","floor":7},{"not_picked":["Shrug It Off","Warcry"],"picked":"Entrench","floor":11},{"not_picked":["Flex","Shrug It Off"],"picked":"Anger","floor":12},{"not_picked":["Demon Form","Dark Embrace"],"picked":"Feed","floor":16},{"not_picked":["Blood for Blood","Flex"],"picked":"Cleave+1","floor":18},{"not_picked":["Cleave","Metallicize"],"picked":"Armaments","floor":20},{"not_picked":["Anger","Flex"],"picked":"Perfected Strike+1","floor":23},{"not_picked":["Perfected Strike","Pommel Strike"],"picked":"Armaments","floor":27},{"not_picked":["Dark Embrace","Clothesline"],"picked":"Flex","floor":29},{"not_picked":["Warcry+1","Pommel Strike"],"picked":"Flame Barrier","floor":31}],"player_experience":20325,"relics_obtained":[{"floor":6,"key":"Vajra"},{"floor":9,"key":"Shuriken"},{"floor":22,"key":"Smiling Mask"},{"floor":26,"key":"Nunchaku"}],"event_choices":[{"damage_healed":0,"gold_gain":0,"player_choice":"Success","damage_taken":3,"relics_obtained":["Magic Flower"],"max_hp_gain":0,"max_hp_loss":0,"event_name":"Scrap Ooze","floor":4,"gold_loss":0},{"damage_healed":0,"gold_gain":0,"player_choice":"Trade","damage_taken":0,"relics_obtained":["GremlinMask"],"max_hp_gain":0,"max_hp_loss":0,"event_name":"FaceTrader","floor":10,"gold_loss":0},{"damage_healed":0,"gold_gain":0,"cards_transformed":["Dropkick"],"player_choice":"Transformed","damage_taken":0,"max_hp_gain":0,"max_hp_loss":0,"event_name":"Transmorgrifier","floor":14,"gold_loss":0,"cards_obtained":["Berserk"]},{"damage_healed":0,"gold_gain":0,"cards_transformed":["Iron Wave"],"player_choice":"Transformed","damage_taken":0,"max_hp_gain":0,"max_hp_loss":0,"event_name":"Transmorgrifier","floor":24,"gold_loss":0,"cards_obtained":["Fire Breathing"]},{"damage_healed":0,"gold_gain":0,"player_choice":"Bought 2 Potions","damage_taken":0,"max_hp_gain":0,"max_hp_loss":0,"event_name":"The Woman in Blue","floor":28,"gold_loss":0}],"is_beta":false,"boss_relics":[{"not_picked":["White Beast Statue","Ectoplasm"],"picked":"Lizard Tail"}],"items_purged_floors":[],"is_endless":false,"potions_floor_spawned":[3,7,11,27,31],"killed_by":"Collector","ascension_level":0}