{"gold_per_floor":[110,127,137,151,161,161,161,195,195,195,209,67,78,112,112,216,216,234,125,125,140,0,0,31,31,58,87,87,87,105,122,122,217,217,231,248,123,141,190,190,208,208],"floor_reached":42,"playtime":2204,"items_purged":["Strike_R","Strike_R","Strike_R"],"score":625,"play_id":"898a76cd-3c7e-4459-8933-9530fd7c852c","local_time":"20181231191215","is_ascension_mode":true,"campfire_choices":[{"data":"1","floor":6.0,"key":"LIFT"},{"data":"2","floor":10.0,"key":"LIFT"},{"data":"Heavy Blade","floor":15.0,"key":"SMITH"},{"data":"3","floor":23.0,"key":"LIFT"},{"data":"Inflame","floor":25.0,"key":"SMITH"},{"floor":29.0,"key":"REST"},{"floor":32.0,"key":"REST"},{"floor":40.0,"key":"REST"}],"neow_cost":"TEN_PERCENT_HP_LOSS","seed_source_timestamp":418124993752670,"circlet_count":0,"master_deck":["Strike_R","Strike_R","Defend_R","Defend_R","Defend_R","Defend_R","Bash","Thunderclap","True Grit","Iron Wave","Headbutt","Bludgeon","Twin Strike","Inflame","Armaments+1","Evolve","Flex+1","Pommel Strike","Heavy Blade+1","Battle Trance+1","Ghostly Armor+1","J.A.X.+1","Heavy Blade+1","Inflame+1","Spot Weakness+1","Regret","Flame Barrier+1","Ghostly Armor+1","Whirlwind+1","Warcry+1","Double Tap+1","Sword Boomerang","Ghostly Armor+1","Flame Barrier+1"],"special_seed":0,"relics":["Burning Blood","Girya","CultistMask","Toxic Egg 2","Mummified Hand","Lantern","Cursed Key","Torii","Anchor","Gremlin Horn","Fusion Hammer","Nunchaku"],"potions_floor_usage":[42,42],"damage_taken":[{"damage":27.0,"enemies":"Jaw Worm","floor":1.0,"turns":7.0},{"damage":1.0,"enemies":"Cultist","floor":2.0,"turns":3.0},{"damage":2.0,"enemies":"Small Slimes","floor":3.0,"turns":3.0},{"damage":13.0,"enemies":"3 Louse","floor":4.0,"turns":4.0},{"damage":12.0,"enemies":"Exordium Thugs","floor":5.0,"turns":4.0},{"damage":16.0,"enemies":"Gremlin Nob","floor":8.0,"turns":3.0},{"damage":5.0,"enemies":"Gremlin Gang","floor":11.0,"turns":4.0},{"damage":7.0,"enemies":"Exordium Wildlife","floor":13.0,"turns":2.0},{"damage":12.0,"enemies":"Lagavulin","floor":14.0,"turns":7.0},{"damage":27.0,"enemies":"Hexaghost","floor":16.0,"turns":7.0},{"damage":0.0,"enemies":"Spheric Guardian","floor":18.0,"turns":2.0},{"damage":9.0,"enemies":"3 Byrds","floor":21.0,"turns":5.0},{"damage":0.0,"enemies":"Gremlin Leader","floor":24.0,"turns":2.0},{"damage":46.0,"enemies":"Slavers","floor":27.0,"turns":5.0},{"damage":14.0,"enemies":"Sentry and Sphere","floor":30.0,"turns":5.0},{"damage":5.0,"enemies":"Shelled Parasite and Fungi","floor":31.0,"turns":2.0},{"damage":13.0,"enemies":"Automaton","floor":33.0,"turns":5.0},{"damage":0.0,"enemies":"3 Darklings","floor":35.0,"turns":2.0},{"damage":0.0,"enemies":"Orb Walker","floor":36.0,"turns":2.0},{"damage":2.0,"enemies":"Jaw Worm Horde","floor":38.0,"turns":3.0},{"damage":67.0,"enemies":"2 Orb Walkers","floor":39.0,"turns":5.0},{"damage":30.0,"enemies":"Writhing Mass","floor":41.0,"turns":2.0},{"damage":34,"enemies":"Maw","floor":42,"turns":4}],"seed_played":"-3812961882637957015","potions_obtained":[{"floor":4.0,"key":"SkillPotion"},{"floor":5.0,"key":"BloodPotion"},{"floor":8.0,"key":"Strength Potion"},{"floor":14.0,"key":"Strength Potion"},{"floor":16.0,"key":"Explosive Potion"},{"floor":30.0,"key":"Poison Potion"},{"floor":31.0,"key":"Strength Potion"},{"floor":39.0,"key":"EssenceOfSteel"}],"is_trial":false,"path_per_floor":["M","M","M","M","M","R","?","E","T","R","M","$","M","E","R","B",null,"M","$","?","M","M","$","R","E","R","T","E","?","R","M","M","R","B",null,"M","M","$","M","?","R","M","M"],"character_chosen":"IRONCLAD","items_purchased":["Armaments+1","Evolve","Flex+1","Ghostly Armor+1","Inflame"],"campfire_rested":3,"item_purchase_floors":[12,12,12,19,22],"current_hp_per_floor":[51,56,60,53,47,47,47,37,37,37,38,38,37,38,38,17,58,64,64,64,61,61,61,67,67,67,27,27,48,40,41,62,55,68,72,72,72,72,11,32,8,0],"gold":208,"neow_bonus":"ONE_RARE_RELIC","is_prod":false,"is_daily":false,"chose_seed":false,"campfire_upgraded":2,"win_rate":0,"timestamp":1546301535,"path_taken":["M","M","M","M","M","R","?","E","T","R","M","$","M","E","R","BOSS","M","?","?","M","$","R","E","R","T","E","?","R","?","M","R","BOSS","M","?","$","M","?","R","M","M"],"build_version":"2018-12-20","purchased_purges":3,"victory":false,"max_hp_per_floor":[72,72,72,72,72,72,72,72,72,72,72,72,72,72,72,72,72,72,72,72,72,72,72,72,72,72,72,72,72,72,72,72,72,72,72,72,72,72,72,72,72,72],"card_choices":[{"not_picked":["Cleave","Battle Trance"],"picked":"Thunderclap","floor":1.0},{"not_picked":["Corruption","Warcry"],"picked":"True Grit","floor":2.0},{"not_picked":["Havoc","Fire Breathing"],"picked":"Iron Wave","floor":3.0},{"not_picked":["Sentinel","Wild Strike"],"picked":"Headbutt","floor":4.0},{"not_picked":["Whirlwind","Clash"],"picked":"Bludgeon","floor":5.0},{"not_picked":["Exhume","Clothesline"],"picked":"Twin Strike","floor":8.0},{"not_picked":["Body Slam","Havoc+1"],"picked":"Inflame","floor":11.0},{"not_picked":["Anger","Wild Strike"],"picked":"Pommel Strike","floor":13.0},{"not_picked":["Reckless Charge","Havoc+1"],"picked":"Heavy Blade","floor":14.0},{"not_picked":["Clothesline","Flex+1"],"picked":"Battle Trance+1","floor":18.0},{"not_picked":["Thunderclap","Rage+1"],"picked":"Heavy Blade+1","floor":21.0},{"not_picked":["Headbutt+1","Dual Wield+1"],"picked":"Spot Weakness+1","floor":24.0},{"not_picked":["Clothesline+1","Spot Weakness+1"],"picked":"Flame Barrier+1","floor":27.0},{"not_picked":["Dropkick","Intimidate+1"],"picked":"Whirlwind+1","floor":30.0},{"not_picked":["Burning Pact+1","Heavy Blade"],"picked":"Warcry+1","floor":31.0},{"not_picked":["Exhume+1","Demon Form"],"picked":"Double Tap+1","floor":33.0},{"not_picked":["Flex+1","Clothesline+1"],"picked":"Sword Boomerang","floor":35.0},{"not_picked":["Uppercut+1","Combust"],"picked":"Ghostly Armor+1","floor":36.0},{"not_picked":["Armaments+1","Sever Soul+1","Rage+1"],"picked":"SKIP","floor":38.0},{"not_picked":["Iron Wave","Seeing Red+1"],"picked":"Flame Barrier+1","floor":41.0}],"player_experience":346506,"relics_obtained":[{"floor":8.0,"key":"Toxic Egg 2"},{"floor":9.0,"key":"Mummified Hand"},{"floor":14.0,"key":"Lantern"},{"floor":24.0,"key":"Torii"},{"floor":26.0,"key":"Anchor"},{"floor":27.0,"key":"Gremlin Horn"},{"floor":39.0,"key":"Nunchaku"}],"event_choices":[{"damage_healed":0.0,"max_hp_gain":0.0,"max_hp_loss":0.0,"gold_gain":0.0,"event_name":"FaceTrader","player_choice":"Trade","floor":7.0,"gold_loss":0.0,"damage_taken":0.0,"relics_obtained":["CultistMask"]},{"damage_healed":0.0,"max_hp_gain":0.0,"max_hp_loss":0.0,"gold_gain":0.0,"event_name":"Drug Dealer","player_choice":"Obtain J.A.X.","floor":20.0,"gold_loss":0.0,"damage_taken":0.0,"cards_obtained":["J.A.X."]},{"damage_healed":0.0,"max_hp_gain":0.0,"max_hp_loss":0.0,"gold_gain":0.0,"event_name":"Duplicator","player_choice":"Copied","floor":28.0,"gold_loss":0.0,"damage_taken":0.0,"cards_obtained":["Ghostly Armor"]},{"damage_healed":0.0,"max_hp_gain":0.0,"max_hp_loss":0.0,"gold_gain":0.0,"event_name":"Mysterious Sphere","player_choice":"Fight","floor":39.0,"gold_loss":0.0,"damage_taken":0.0}],"is_beta":false,"boss_relics":[{"not_picked":["Orrery","Philosopher\u0027s Stone"],"picked":"Cursed Key"},{"not_picked":["Tiny House","Coffee Dripper"],"picked":"Fusion Hammer"}],"items_purged_floors":[19,22,37],"is_endless":false,"potions_floor_spawned":[4,5,8,13,14,16,30,31,36,39],"killed_by":"Maw","ascension_level":5}