{"gold_per_floor":[119,119,119,36,51,117,117,117,142,142,181,202,222,238,238,329,329,352,371,371,286,202,246,246,246,246,246],"floor_reached":27,"playtime":1092,"items_purged":[],"score":528,"play_id":"d95d8894-212e-4a30-b673-a4c44c9ae329","local_time":"20190306012945","is_ascension_mode":true,"campfire_choices":[{"data":"Zap","floor":8.0,"key":"SMITH"},{"data":"Glacier","floor":10.0,"key":"SMITH"},{"data":"White Noise","floor":15.0,"key":"SMITH"},{"floor":24.0,"key":"REST"}],"neow_cost":"NONE","seed_source_timestamp":0,"circlet_count":0,"master_deck":["AscendersBane","Strike_B","Strike_B","Strike_B","Strike_B","Defend_B","Defend_B","Defend_B","Defend_B","Zap+1","Dualcast","Ball Lightning","Glacier+1","Go for the Eyes","FTL","White Noise+1","Conserve Battery","Storm","Rainbow","Genetic Algorithm+1","Hologram+1","Self Repair"],"special_seed":0,"relics":["Cracked Core","NeowsBlessing","Golden Idol","Tiny Chest","Bag of Preparation","Blood Vial","Happy Flower","Black Star","Enchiridion","Mummified Hand","Anchor","Smiling Mask","Ancient Tea Set"],"potions_floor_usage":[27],"damage_taken":[{"damage":0.0,"enemies":"Small Slimes","floor":1.0,"turns":1.0},{"damage":0.0,"enemies":"Jaw Worm","floor":5.0,"turns":1.0},{"damage":0.0,"enemies":"Gremlin Nob","floor":6.0,"turns":1.0},{"damage":16.0,"enemies":"3 Sentries","floor":11.0,"turns":6.0},{"damage":0.0,"enemies":"Cultist","floor":12.0,"turns":3.0},{"damage":5.0,"enemies":"3 Louse","floor":13.0,"turns":3.0},{"damage":1.0,"enemies":"Blue Slaver","floor":14.0,"turns":2.0},{"damage":23.0,"enemies":"The Guardian","floor":16.0,"turns":14.0},{"damage":2.0,"enemies":"3 Byrds","floor":18.0,"turns":6.0},{"damage":7.0,"enemies":"Spheric Guardian","floor":19.0,"turns":4.0},{"damage":14.0,"enemies":"Book of Stabbing","floor":23.0,"turns":7.0},{"damage":60,"enemies":"Gremlin Leader","floor":27,"turns":7}],"seed_played":"-8107062819647951504","potions_obtained":[{"floor":1.0,"key":"SneckoOil"},{"floor":12.0,"key":"FocusPotion"},{"floor":13.0,"key":"FocusPotion"},{"floor":18.0,"key":"Dexterity Potion"}],"is_trial":false,"path_per_floor":["M","$","?","$","M","E","T","R","T","R","E","M","M","M","R","B",null,"M","M","?","?","$","E","R","$","T","E"],"character_chosen":"DEFECT","items_purchased":["Glacier","Self Repair"],"campfire_rested":1,"item_purchase_floors":[4,22],"current_hp_per_floor":[64,64,64,64,64,64,64,64,64,64,48,50,47,48,48,27,55,55,50,29,29,29,24,43,43,43,0],"gold":246,"neow_bonus":"THREE_ENEMY_KILL","is_prod":false,"is_daily":false,"chose_seed":false,"campfire_upgraded":3,"win_rate":0,"timestamp":1551832185,"path_taken":["M","$","?","$","M","E","?","R","T","R","E","?","M","M","R","BOSS","M","M","?","?","$","E","R","$","T","E"],"build_version":"2019-02-06","purchased_purges":0,"victory":false,"max_hp_per_floor":[71,71,64,64,64,64,64,64,64,64,64,64,64,64,64,64,64,64,64,64,64,64,64,64,64,64,64],"card_choices":[{"not_picked":["Darkness","Streamline"],"picked":"Ball Lightning","floor":1.0},{"not_picked":["Tempest","Lockon"],"picked":"Go for the Eyes","floor":5.0},{"not_picked":["Thunder Strike","Blizzard"],"picked":"FTL","floor":6.0},{"not_picked":["Multi-Cast","Beam Cell","Gash"],"picked":"SKIP","floor":11.0},{"not_picked":["Reprogram","Beam Cell"],"picked":"White Noise","floor":12.0},{"not_picked":["Sweeping Beam","Cold Snap"],"picked":"Conserve Battery","floor":13.0},{"not_picked":["Steam","Steam Power"],"picked":"Storm","floor":14.0},{"not_picked":["Thunder Strike","Reboot"],"picked":"Rainbow","floor":16.0},{"not_picked":["Sunder","Chaos"],"picked":"Genetic Algorithm+1","floor":18.0},{"not_picked":["Redo","Steam Power"],"picked":"Hologram+1","floor":19.0},{"not_picked":["Ball Lightning","Go for the Eyes","Streamline"],"picked":"SKIP","floor":23.0}],"player_experience":997527,"relics_obtained":[{"floor":6.0,"key":"Tiny Chest"},{"floor":7.0,"key":"Bag of Preparation"},{"floor":9.0,"key":"Blood Vial"},{"floor":11.0,"key":"Happy Flower"},{"floor":20.0,"key":"Enchiridion"},{"floor":23.0,"key":"Anchor"},{"floor":23.0,"key":"Smiling Mask"},{"floor":26.0,"key":"Ancient Tea Set"}],"event_choices":[{"damage_healed":0.0,"max_hp_gain":0.0,"max_hp_loss":7.0,"gold_gain":0.0,"event_name":"Golden Idol","player_choice":"Lose Max HP","floor":3.0,"gold_loss":0.0,"damage_taken":0.0,"relics_obtained":["Golden Idol"]},{"damage_healed":0.0,"max_hp_gain":0.0,"max_hp_loss":0.0,"gold_gain":0.0,"event_name":"Cursed Tome","player_choice":"Obtained Book","floor":20.0,"gold_loss":0.0,"damage_taken":21.0},{"damage_healed":0.0,"max_hp_gain":0.0,"max_hp_loss":0.0,"gold_gain":0.0,"event_name":"Addict","player_choice":"Obtained Relic","floor":21.0,"gold_loss":85.0,"damage_taken":0.0,"relics_obtained":["Mummified Hand"]}],"is_beta":true,"boss_relics":[{"not_picked":["FrozenCore","Inserter"],"picked":"Black Star"}],"items_purged_floors":[],"is_endless":false,"potions_floor_spawned":[1,12,13,14,16,18,19],"killed_by":"Gremlin Leader","ascension_level":20}