{"gold_per_floor":[114,126,126,139,64,98,73,73,122,139,171,191,209,239,239,314,314,326,30,30,5,21,21,21],"floor_reached":24,"playtime":1306,"items_purged":["Strike_B"],"score":432,"play_id":"c079ee43-5ae1-4b18-894b-871853143e48","local_time":"20190314021555","is_ascension_mode":true,"campfire_choices":[{"floor":8.0,"key":"REST"},{"floor":15.0,"key":"REST"},{"data":"Chill","floor":23.0,"key":"SMITH"}],"neow_cost":"NONE","seed_source_timestamp":41979108217827,"circlet_count":0,"master_deck":["AscendersBane","Strike_B","Strike_B","Strike_B","Defend_B","Defend_B","Defend_B","Defend_B","Zap","Dualcast","Coolheaded","Tempest","Reinforced Body","White Noise","Leap","Genetic Algorithm","Core Surge","Echo Form","Glacier","Darkness","Chill+1"],"special_seed":0,"relics":["Cracked Core","NeowsBlessing","WarpedTongs","Juzu Bracelet","Strawberry","Emotion Chip","Turnip","Inserter","Lantern","SsserpentHead"],"potions_floor_usage":[24,24],"damage_taken":[{"damage":0.0,"enemies":"Small Slimes","floor":1.0,"turns":1.0},{"damage":0.0,"enemies":"Cultist","floor":2.0,"turns":1.0},{"damage":0.0,"enemies":"Jaw Worm","floor":4.0,"turns":1.0},{"damage":40.0,"enemies":"Gremlin Nob","floor":6.0,"turns":4.0},{"damage":0.0,"enemies":"Looter","floor":10.0,"turns":4.0},{"damage":19.0,"enemies":"3 Sentries","floor":11.0,"turns":14.0},{"damage":1.0,"enemies":"Exordium Thugs","floor":12.0,"turns":6.0},{"damage":0.0,"enemies":"3 Louse","floor":13.0,"turns":2.0},{"damage":25.0,"enemies":"Lagavulin","floor":14.0,"turns":6.0},{"damage":33.0,"enemies":"Slime Boss","floor":16.0,"turns":13.0},{"damage":8.0,"enemies":"2 Thieves","floor":18.0,"turns":3.0},{"damage":3.0,"enemies":"Chosen","floor":22.0,"turns":7.0},{"damage":68,"enemies":"Slavers","floor":24,"turns":6}],"seed_played":"2886251382051054525","potions_obtained":[{"floor":2.0,"key":"Energy Potion"},{"floor":4.0,"key":"Regen Potion"},{"floor":10.0,"key":"PowerPotion"},{"floor":12.0,"key":"Explosive Potion"},{"floor":13.0,"key":"FearPotion"},{"floor":18.0,"key":"SkillPotion"},{"floor":22.0,"key":"Fire Potion"}],"is_trial":false,"path_per_floor":["M","M","?","M","?","E","$","R","T","M","E","M","M","E","R","B",null,"M","$","?","$","M","R","E"],"character_chosen":"DEFECT","items_purchased":["Leap","Lantern","Glacier","Darkness"],"campfire_rested":2,"item_purchase_floors":[7,19,19,19],"current_hp_per_floor":[64,64,64,64,64,34,34,55,62,62,43,42,42,17,40,7,60,52,52,52,52,49,49,0],"gold":21,"neow_bonus":"THREE_ENEMY_KILL","is_prod":false,"is_daily":false,"chose_seed":false,"campfire_upgraded":1,"win_rate":0,"timestamp":1552526155,"path_taken":["M","M","?","?","?","E","$","R","T","M","E","M","M","E","R","BOSS","M","$","?","?","M","R","E"],"build_version":"2019-02-06","purchased_purges":1,"victory":false,"max_hp_per_floor":[71,71,71,71,71,71,71,71,78,78,78,78,78,78,78,78,78,78,78,78,78,78,78,78],"card_choices":[{"not_picked":["Redo","Beam Cell"],"picked":"Coolheaded","floor":1.0},{"not_picked":["Redo","Fusion"],"picked":"Tempest","floor":2.0},{"not_picked":["Compile Driver","Steam"],"picked":"Reinforced Body","floor":4.0},{"not_picked":["Reprogram","Lockon"],"picked":"White Noise","floor":6.0},{"not_picked":["Beam Cell","Turbo","Steam"],"picked":"SKIP","floor":10.0},{"not_picked":["Beam Cell","Coolheaded","Steam"],"picked":"SKIP","floor":11.0},{"not_picked":["Steam Power","Rebound","Reinforced Body"],"picked":"SKIP","floor":12.0},{"not_picked":["Blizzard","Turbo"],"picked":"Genetic Algorithm","floor":13.0},{"not_picked":["Rip and Tear","Reinforced Body"],"picked":"Core Surge","floor":14.0},{"not_picked":["Meteor Strike","Seek"],"picked":"Echo Form","floor":16.0},{"not_picked":["Sweeping Beam","Force Field","Gash"],"picked":"SKIP","floor":18.0},{"not_picked":["Rebound","Glacier"],"picked":"Chill","floor":22.0}],"player_experience":1026581,"relics_obtained":[{"floor":6.0,"key":"Juzu Bracelet"},{"floor":9.0,"key":"Strawberry"},{"floor":11.0,"key":"Emotion Chip"},{"floor":14.0,"key":"Turnip"}],"event_choices":[{"damage_healed":0.0,"max_hp_gain":0.0,"max_hp_loss":0.0,"gold_gain":0.0,"event_name":"Accursed Blacksmith","player_choice":"Rummage","floor":3.0,"gold_loss":0.0,"damage_taken":0.0,"relics_obtained":["WarpedTongs"],"cards_obtained":["Pain"]},{"cards_removed":["Pain"],"damage_healed":0.0,"max_hp_gain":0.0,"max_hp_loss":0.0,"gold_gain":0.0,"event_name":"The Cleric","player_choice":"Card Removal","floor":5.0,"gold_loss":75.0,"damage_taken":0.0},{"damage_healed":0.0,"max_hp_gain":0.0,"max_hp_loss":0.0,"gold_gain":0.0,"event_name":"FaceTrader","player_choice":"Trade","floor":20.0,"gold_loss":0.0,"damage_taken":0.0,"relics_obtained":["SsserpentHead"]}],"is_beta":true,"boss_relics":[{"not_picked":["Empty Cage","FrozenCore"],"picked":"Inserter"}],"items_purged_floors":[21],"is_endless":false,"potions_floor_spawned":[2,4,10,12,13,14,18,22],"killed_by":"Slavers","ascension_level":20}