{"gold_per_floor":[111,111,126,126,51,76,76,226,226,259,20,31,47,59,59,132,132,148,148,168,5,5,5,32,32,32,44,44,57,57],"floor_reached":30,"playtime":994,"items_purged":["Strike_B"],"score":566,"play_id":"e71312d5-37f4-42b4-a672-4a5f35f60c76","local_time":"20190306020024","is_ascension_mode":true,"campfire_choices":[{"data":"1","floor":7.0,"key":"LIFT"},{"data":"Apotheosis","floor":15.0,"key":"SMITH"},{"floor":23,"key":"REST"},{"floor":25,"key":"REST"},{"floor":28,"key":"REST"}],"neow_cost":"NONE","seed_source_timestamp":52385037896938,"circlet_count":0,"master_deck":["AscendersBane","Strike_B+1","Strike_B+1","Defend_B+1","Defend_B+1","Defend_B+1","Defend_B+1","Zap+1","Dualcast","Cold Snap+1","Hologram","Conserve Battery","Doubt","Conserve Battery","Apotheosis+1","Defragment","Electrodynamics","Fission","White Noise","Compile Driver+1"],"special_seed":0,"relics":["Cracked Core","NeowsBlessing","Girya","Oddly Smooth Stone","Sozu","DataDisk","Nloth\u0027s Gift","Sundial","Blood Vial"],"potions_floor_usage":[16,24,29],"damage_taken":[{"damage":0.0,"enemies":"Small Slimes","floor":1.0,"turns":1.0},{"damage":0.0,"enemies":"Jaw Worm","floor":3.0,"turns":1.0},{"damage":0.0,"enemies":"Lagavulin","floor":6.0,"turns":1.0},{"damage":17.0,"enemies":"3 Sentries","floor":10.0,"turns":9.0},{"damage":0.0,"enemies":"2 Louse","floor":12.0,"turns":3.0},{"damage":0.0,"enemies":"2 Fungi Beasts","floor":13.0,"turns":4.0},{"damage":2.0,"enemies":"Exordium Thugs","floor":14.0,"turns":4.0},{"damage":19,"enemies":"Slime Boss","floor":16,"turns":13},{"damage":17,"enemies":"Chosen","floor":18,"turns":5},{"damage":8,"enemies":"Spheric Guardian","floor":20,"turns":4},{"damage":46,"enemies":"Book of Stabbing","floor":24,"turns":7},{"damage":8,"enemies":"Centurion and Healer","floor":27,"turns":7},{"damage":26,"enemies":"Shelled Parasite and Fungi","floor":29,"turns":5},{"damage":0,"enemies":"Cultist and Chosen","floor":30,"turns":3}],"seed_played":"-8927535816432193450","potions_obtained":[{"floor":10.0,"key":"Energy Potion"},{"floor":13.0,"key":"Fire Potion"},{"floor":14.0,"key":"Poison Potion"},{"floor":16,"key":"FocusPotion"}],"is_trial":false,"path_per_floor":["M","?","M","?","$","E","R","?","T","E","$","M","M","M","R","B",null,"M","?","M","$","?","R","E","R","T","M","R","M","M"],"character_chosen":"DEFECT","items_purchased":["Apotheosis","Defragment","DataDisk"],"campfire_rested":3,"item_purchase_floors":[11,11,21],"current_hp_per_floor":[64,64,64,57,57,57,57,57,57,40,40,40,40,38,38,19,58,41,41,33,33,33,54,8,29,29,23,44,20,22],"gold":57,"neow_bonus":"THREE_ENEMY_KILL","is_prod":false,"is_daily":false,"chose_seed":false,"campfire_upgraded":1,"win_rate":0,"timestamp":1551834024,"path_taken":["M","?","M","?","$","E","R","?","T","E","$","M","M","M","R","BOSS","M","?","M","$","?","R","E","R","T","?","R","M","M"],"build_version":"2019-02-06","purchased_purges":1,"victory":false,"max_hp_per_floor":[71,71,71,71,71,71,71,71,71,71,71,71,71,71,71,71,71,71,71,71,71,71,71,71,71,71,71,71,71,71],"card_choices":[{"not_picked":["Leap","Barrage"],"picked":"Cold Snap","floor":1.0},{"not_picked":["Melter","Gash"],"picked":"Hologram","floor":3.0},{"not_picked":["Steam","Beam Cell"],"picked":"Conserve Battery","floor":6.0},{"not_picked":["Double Energy","Go for the Eyes"],"picked":"Conserve Battery","floor":10.0},{"not_picked":["Streamline","Fusion","Stack"],"picked":"SKIP","floor":12.0},{"not_picked":["Reinforced Body","Compile Driver","Streamline"],"picked":"SKIP","floor":13.0},{"not_picked":["Genetic Algorithm","Reprogram","Thunder Strike"],"picked":"SKIP","floor":14.0},{"not_picked":["Thunder Strike","Biased Cognition"],"picked":"Electrodynamics","floor":16},{"not_picked":["Sweeping Beam","Coolheaded","Static Discharge"],"picked":"SKIP","floor":18},{"not_picked":["Tempest","Redo","Hello World"],"picked":"SKIP","floor":20},{"not_picked":["FTL","Barrage"],"picked":"Fission","floor":24},{"not_picked":["Doom and Gloom","Hologram"],"picked":"White Noise","floor":27},{"not_picked":["Steam","Conserve Battery"],"picked":"Compile Driver+1","floor":29}],"player_experience":998875,"relics_obtained":[{"floor":6.0,"key":"Girya"},{"floor":9.0,"key":"Oddly Smooth Stone"},{"floor":10.0,"key":"Whetstone"},{"floor":24,"key":"Sundial"},{"floor":26,"key":"Blood Vial"}],"event_choices":[{"damage_healed":0.0,"max_hp_gain":0.0,"max_hp_loss":0.0,"gold_gain":0.0,"event_name":"Living Wall","player_choice":"Grow","floor":2.0,"gold_loss":0.0,"damage_taken":0.0,"cards_upgraded":["Zap"]},{"cards_removed":["Strike_B"],"damage_healed":0.0,"max_hp_gain":0.0,"max_hp_loss":0.0,"gold_gain":0.0,"event_name":"Golden Wing","player_choice":"Card Removal","floor":4.0,"gold_loss":0.0,"damage_taken":7.0},{"damage_healed":0.0,"max_hp_gain":0.0,"max_hp_loss":0.0,"gold_gain":150.0,"event_name":"Liars Game","player_choice":"AGREE","floor":8.0,"gold_loss":0.0,"damage_taken":0.0,"cards_obtained":["Doubt"]},{"damage_healed":0,"gold_gain":0,"player_choice":"Simplicity","damage_taken":0,"max_hp_gain":0,"max_hp_loss":0,"event_name":"Back to Basics","floor":19,"gold_loss":0,"cards_upgraded":["Strike_B","Defend_B","Defend_B","Defend_B","Defend_B"]},{"damage_healed":0,"gold_gain":0,"player_choice":"Traded Relic","damage_taken":0,"relics_obtained":["Nloth\u0027s Gift"],"max_hp_gain":0,"max_hp_loss":0,"event_name":"N\u0027loth","floor":22,"relics_lost":["Whetstone"],"gold_loss":0}],"is_beta":true,"boss_relics":[{"not_picked":["Ectoplasm","Calling Bell"],"picked":"Sozu"}],"items_purged_floors":[5],"is_endless":false,"potions_floor_spawned":[10,13,14,16,18,24,27],"killed_by":"Cultist and Chosen","ascension_level":20}