{"gold_per_floor":[116,126,1,1,1,30,30,58,58,77,94,120,120,66,66,170,170,183,11,31,51,51,83,93,93,118,118,43,8,8,42,42,139,139,150,150,164,124,74,101,101,121,121,121,149,174,41,52,52,52],"floor_reached":50,"playtime":4584,"items_purged":["Strike_B","Strike_B","Bite","Defend_B"],"score":609,"play_id":"235d699b-d1d5-4001-8e84-4151b2c1bb39","local_time":"20190311164540","is_ascension_mode":true,"campfire_choices":[{"data":"Streamline","floor":7.0,"key":"SMITH"},{"floor":15.0,"key":"REST"},{"floor":25.0,"key":"REST"},{"data":"Sunder","floor":27.0,"key":"SMITH"},{"floor":32.0,"key":"REST"},{"floor":41.0,"key":"REST"},{"floor":44.0,"key":"REST"},{"floor":49.0,"key":"REST"}],"neow_cost":"PERCENT_DAMAGE","seed_source_timestamp":465189133340362,"circlet_count":0,"master_deck":["Zap","Dualcast","Streamline+1","Chill","Ball Lightning","Biased Cognition+1","Auto Shields","Loop","Melter+1","Steam","Sunder+1","Core Surge","Storm","Capacitor","White Noise","Reprogram","Bite","Bite","Bite","Bite","Turbo","Creative AI","Steam+1","Heatsinks+1","Recycle","Heatsinks+1","BootSequence+1","PanicButton","Steam"],"special_seed":0,"relics":["Cracked Core","WingedGreaves","Cables","PreservedInsect","Dodecahedron","Whetstone","Sozu","MutagenicStrength","Smiling Mask","Lantern","Blue Candle","Runic Pyramid","Dead Branch","Darkstone Periapt","MawBank"],"potions_floor_usage":[],"damage_taken":[{"damage":0.0,"enemies":"Cultist","floor":1.0,"turns":3.0},{"damage":0.0,"enemies":"2 Louse","floor":2.0,"turns":3.0},{"damage":16.0,"enemies":"3 Sentries","floor":6.0,"turns":8.0},{"damage":14.0,"enemies":"Gremlin Nob","floor":8.0,"turns":3.0},{"damage":0.0,"enemies":"Small Slimes","floor":10.0,"turns":1.0},{"damage":0.0,"enemies":"3 Louse","floor":11.0,"turns":2.0},{"damage":3.0,"enemies":"Lagavulin","floor":12.0,"turns":4.0},{"damage":25.0,"enemies":"The Guardian","floor":16.0,"turns":12.0},{"damage":11.0,"enemies":"2 Thieves","floor":18.0,"turns":4.0},{"damage":0.0,"enemies":"Spheric Guardian","floor":20.0,"turns":1.0},{"damage":1.0,"enemies":"Centurion and Healer","floor":21.0,"turns":6.0},{"damage":16.0,"enemies":"Book of Stabbing","floor":23.0,"turns":4.0},{"damage":28.0,"enemies":"Shelled Parasite and Fungi","floor":24.0,"turns":3.0},{"damage":14.0,"enemies":"Gremlin Leader","floor":31.0,"turns":5.0},{"damage":57.0,"enemies":"Champ","floor":33.0,"turns":10.0},{"damage":6.0,"enemies":"3 Shapes","floor":35.0,"turns":4.0},{"damage":15.0,"enemies":"Orb Walker","floor":37.0,"turns":2.0},{"damage":29.0,"enemies":"Nemesis","floor":40.0,"turns":6.0},{"damage":11.0,"enemies":"Transient","floor":42.0,"turns":5.0},{"damage":21.0,"enemies":"Reptomancer","floor":45.0,"turns":5.0},{"damage":10.0,"enemies":"Writhing Mass","floor":46.0,"turns":4.0},{"damage":24.0,"enemies":"Maw","floor":48.0,"turns":8.0},{"damage":30,"enemies":"Awakened One","floor":50,"turns":5}],"seed_played":"-4010433700244838917","potions_obtained":[{"floor":2.0,"key":"FearPotion"},{"floor":6.0,"key":"Fire Potion"},{"floor":10.0,"key":"LiquidBronze"},{"floor":11.0,"key":"Fire Potion"}],"is_trial":false,"path_per_floor":["M","M","$","$","?","E","R","E","T","M","M","E","?","$","R","B",null,"M","$","M","M","?","E","M","R","T","R","?","$","?","E","R","B",null,"M","?","M","?","$","E","R","M","T","R","E","M","$","M","R","B"],"character_chosen":"DEFECT","items_purchased":["Ball Lightning","Leap","Storm","Reprogram","PanicButton"],"campfire_rested":6,"item_purchase_floors":[3,14,19,29,47],"current_hp_per_floor":[54,54,54,54,54,38,38,24,24,24,24,21,21,21,43,18,75,64,64,64,63,63,47,19,41,41,41,41,41,41,33,48,15,52,48,48,37,37,37,16,31,28,28,43,24,20,20,4,19,0],"gold":52,"neow_bonus":"ONE_RARE_RELIC","is_prod":false,"is_daily":false,"chose_seed":false,"campfire_upgraded":2,"win_rate":0,"timestamp":1552337140,"path_taken":["M","M","?","$","?","E","R","E","T","M","?","E","?","$","R","BOSS","M","?","M","M","?","E","?","R","T","R","?","$","?","E","R","BOSS","M","?","M","?","$","E","R","M","T","R","E","?","$","M","R","BOSS"],"build_version":"2019-01-23","purchased_purges":4,"victory":false,"max_hp_per_floor":[75,75,75,75,75,75,75,75,75,75,75,75,75,75,75,75,75,75,75,75,75,75,75,75,75,75,75,75,75,52,52,52,52,52,52,52,52,52,52,52,52,52,52,52,52,52,52,52,52,52],"card_choices":[{"not_picked":["Barrage","Hologram"],"picked":"Streamline","floor":1.0},{"not_picked":["Sweeping Beam","Hologram"],"picked":"Chill","floor":2.0},{"not_picked":["Ball Lightning","Blizzard"],"picked":"Biased Cognition","floor":6.0},{"not_picked":["Turbo","Conserve Battery"],"picked":"Auto Shields","floor":8.0},{"not_picked":["Reinforced Body","Chill"],"picked":"Loop","floor":10.0},{"not_picked":["Ball Lightning","Redo"],"picked":"Melter","floor":11.0},{"not_picked":["Streamline","Go for the Eyes"],"picked":"Steam","floor":12.0},{"not_picked":["All For One","Amplify"],"picked":"Core Surge","floor":16.0},{"not_picked":["Gash","Compile Driver","Skim"],"picked":"SKIP","floor":18.0},{"not_picked":["Aggregate","Coolheaded"],"picked":"Capacitor","floor":20.0},{"not_picked":["Sweeping Beam","Go for the Eyes"],"picked":"White Noise","floor":21.0},{"not_picked":["Skim","BootSequence","Conserve Battery"],"picked":"SKIP","floor":23.0},{"not_picked":["Rebound","Hello World","Gash"],"picked":"SKIP","floor":24.0},{"not_picked":["Capacitor","Go for the Eyes"],"picked":"Turbo","floor":31.0},{"not_picked":["Rainbow","Electrodynamics"],"picked":"Creative AI","floor":33.0},{"not_picked":["Compile Driver+1","Redo+1"],"picked":"Steam+1","floor":35.0},{"not_picked":["Self Repair","Turbo"],"picked":"Heatsinks+1","floor":37.0},{"not_picked":["Double Energy+1","Self Repair+1"],"picked":"Recycle","floor":40.0},{"not_picked":["All For One","Conserve Battery+1","Rebound"],"picked":"SKIP","floor":42.0},{"not_picked":["Redo","Reprogram"],"picked":"Heatsinks+1","floor":45.0},{"not_picked":["Streamline","Gash+1"],"picked":"BootSequence+1","floor":46.0},{"not_picked":["Multi-Cast","Sweeping Beam+1"],"picked":"Steam","floor":48.0}],"player_experience":452837,"relics_obtained":[{"floor":6.0,"key":"Cables"},{"floor":8.0,"key":"PreservedInsect"},{"floor":9.0,"key":"Dodecahedron"},{"floor":12.0,"key":"Whetstone"},{"floor":23.0,"key":"Smiling Mask"},{"floor":26.0,"key":"Lantern"},{"floor":31.0,"key":"Blue Candle"},{"floor":40.0,"key":"Dead Branch"},{"floor":43.0,"key":"Darkstone Periapt"},{"floor":45.0,"key":"MawBank"}],"event_choices":[{"cards_removed":["Defend_B"],"damage_healed":0.0,"max_hp_gain":0.0,"max_hp_loss":0.0,"gold_gain":0.0,"event_name":"Purifier","player_choice":"Purged","floor":5.0,"gold_loss":0.0,"damage_taken":0.0},{"damage_healed":0.0,"max_hp_gain":0.0,"max_hp_loss":0.0,"gold_gain":0.0,"cards_transformed":["Defend_B"],"event_name":"Transmorgrifier","player_choice":"Transformed","floor":13.0,"gold_loss":0.0,"damage_taken":0.0,"cards_obtained":["Sunder"]},{"damage_healed":0.0,"max_hp_gain":0.0,"max_hp_loss":0.0,"gold_gain":0.0,"event_name":"Drug Dealer","player_choice":"Inject Mutagens","floor":22.0,"gold_loss":0.0,"damage_taken":0.0,"relics_obtained":["MutagenicStrength"]},{"cards_removed":["Defend_B"],"damage_healed":0.0,"max_hp_gain":0.0,"max_hp_loss":0.0,"gold_gain":0.0,"event_name":"Beggar","player_choice":"Gave Gold","floor":28.0,"gold_loss":75.0,"damage_taken":0.0},{"damage_healed":0.0,"max_hp_gain":0.0,"max_hp_loss":23.0,"gold_gain":0.0,"event_name":"Vampires","player_choice":"Became a vampire","floor":30.0,"gold_loss":0.0,"damage_taken":0.0,"cards_obtained":["Bite","Bite","Bite","Bite","Bite"]},{"cards_removed":["Leap"],"damage_healed":0.0,"max_hp_gain":0.0,"max_hp_loss":0.0,"gold_gain":0.0,"event_name":"Falling","player_choice":"Removed Skill","floor":36.0,"gold_loss":0.0,"damage_taken":0.0},{"damage_healed":0.0,"max_hp_gain":0.0,"max_hp_loss":0.0,"gold_gain":0.0,"event_name":"Designer","player_choice":"Upgrade","floor":38.0,"gold_loss":40.0,"damage_taken":0.0,"cards_upgraded":["Biased Cognition"]}],"is_beta":false,"boss_relics":[{"not_picked":["Fusion Hammer","Lizard Tail"],"picked":"Sozu"},{"not_picked":["Pandora\u0027s Box","Nuclear Battery"],"picked":"Runic Pyramid"}],"items_purged_floors":[3,19,39,47],"is_endless":false,"potions_floor_spawned":[2,6,10,11,18,21,23,33,40,46],"killed_by":"Awakened One","ascension_level":1}