{"gold_per_floor":[115,126,126,141,156,156,186,198,250,276,276,304,304,332,332,406,406,423,423,434,454,467,498,498,529,553,553,154,154,184,196,196,268,268,282,292,292,307,362,391,391,391],"floor_reached":42,"playtime":2957,"items_purged":[],"score":1032,"play_id":"c45f5b7f-03a2-4bdc-9ee2-9fcb3f52e001","local_time":"20190305001053","is_ascension_mode":true,"campfire_choices":[{"data":"Genetic Algorithm","floor":6.0,"key":"SMITH"},{"data":"Self Repair","floor":11.0,"key":"SMITH"},{"data":"Zap","floor":13.0,"key":"SMITH"},{"data":"Undo","floor":15.0,"key":"SMITH"},{"floor":24.0,"key":"REST"},{"floor":27.0,"key":"RECALL"},{"floor":32.0,"key":"REST"},{"floor":41.0,"key":"REST"}],"neow_cost":"NONE","seed_source_timestamp":43610291000781,"circlet_count":0,"master_deck":["AscendersBane","Strike_B","Strike_B","Strike_B+1","Strike_B","Defend_B","Defend_B","Defend_B","Defend_B","Zap+1","Dualcast","Undo+1","Ball Lightning","Genetic Algorithm+1","Ball Lightning","Stack","Leap","Cold Snap+1","Self Repair+1","Cold Snap","Static Discharge+1","Buffer+1","Creative AI+1","Stack+1","Amplify","Leap","Capacitor+1","White Noise","Biased Cognition+1","BootSequence","Darkness+1","Glacier"],"special_seed":0,"relics":["Orrery","Pear","Meat on the Bone","DataDisk","Ancient Tea Set","Frozen Egg 2","StoneCalendar","Fusion Hammer","Molten Egg 2","Darkstone Periapt","Bird Faced Urn","MutagenicStrength","Blue Candle","Inserter","Dead Branch","Whetstone"],"potions_floor_usage":[42],"damage_taken":[{"damage":1.0,"enemies":"Cultist","floor":1.0,"turns":4.0},{"damage":0.0,"enemies":"2 Louse","floor":2.0,"turns":4.0},{"damage":7.0,"enemies":"Small Slimes","floor":4.0,"turns":3.0},{"damage":1.0,"enemies":"Looter","floor":5.0,"turns":4.0},{"damage":27.0,"enemies":"3 Sentries","floor":7.0,"turns":9.0},{"damage":7.0,"enemies":"3 Louse","floor":8.0,"turns":3.0},{"damage":8.0,"enemies":"Lagavulin","floor":10.0,"turns":8.0},{"damage":31.0,"enemies":"Gremlin Nob","floor":12.0,"turns":5.0},{"damage":6.0,"enemies":"3 Sentries","floor":14.0,"turns":8.0},{"damage":27.0,"enemies":"Slime Boss","floor":16.0,"turns":7.0},{"damage":21.0,"enemies":"3 Byrds","floor":18.0,"turns":6.0},{"damage":0.0,"enemies":"Shell Parasite","floor":20.0,"turns":7.0},{"damage":21.0,"enemies":"Snake Plant","floor":21.0,"turns":5.0},{"damage":9.0,"enemies":"Centurion and Healer","floor":22.0,"turns":7.0},{"damage":32.0,"enemies":"Slavers","floor":23.0,"turns":6.0},{"damage":36.0,"enemies":"Gremlin Leader","floor":25.0,"turns":7.0},{"damage":13.0,"enemies":"Book of Stabbing","floor":30.0,"turns":6.0},{"damage":15.0,"enemies":"Cultist and Chosen","floor":31.0,"turns":6.0},{"damage":77.0,"enemies":"Collector","floor":33.0,"turns":8.0},{"damage":0.0,"enemies":"Orb Walker","floor":35.0,"turns":4.0},{"damage":48.0,"enemies":"3 Shapes","floor":36.0,"turns":5.0},{"damage":29.0,"enemies":"Spire Growth","floor":38.0,"turns":7.0},{"damage":45.0,"enemies":"2 Orb Walkers","floor":39.0,"turns":7.0},{"damage":28.0,"enemies":"Giant Head","floor":40.0,"turns":12.0},{"damage":87,"enemies":"Reptomancer","floor":42,"turns":2}],"seed_played":"1718167795765692151","potions_obtained":[{"floor":4.0,"key":"Dexterity Potion"},{"floor":10.0,"key":"Ancient Potion"},{"floor":14.0,"key":"Weak Potion"},{"floor":16.0,"key":"Poison Potion"},{"floor":20.0,"key":"Ancient Potion"},{"floor":25.0,"key":"Swift Potion"},{"floor":33.0,"key":"Swift Potion"},{"floor":38.0,"key":"Dexterity Potion"},{"floor":40.0,"key":"LiquidBronze"}],"is_trial":false,"path_per_floor":["M","M","?","M","M","R","E","M","T","E","R","E","R","E","R","B",null,"M","?","M","M","M","E","R","E","T","R","$","?","E","M","R","B",null,"M","M","?","M","?","E","R","E"],"character_chosen":"DEFECT","items_purchased":["Bird Faced Urn","Capacitor+1"],"campfire_rested":3,"item_purchase_floors":[28,28],"current_hp_per_floor":[63,63,68,61,60,60,33,45,45,56,56,47,47,51,51,46,72,61,61,71,50,51,41,65,51,51,51,51,51,66,77,81,34,69,81,71,71,76,59,65,81,0],"gold":391,"neow_bonus":"BOSS_RELIC","is_prod":false,"is_daily":false,"chose_seed":false,"campfire_upgraded":4,"win_rate":0,"timestamp":1551741053,"path_taken":["M","M","?","M","M","R","E","M","T","E","R","E","R","E","R","BOSS","M","?","M","M","?","E","R","E","T","R","$","?","E","M","R","BOSS","M","M","?","M","?","E","R","E"],"build_version":"2019-02-06","purchased_purges":0,"victory":false,"max_hp_per_floor":[71,71,81,81,81,81,81,81,81,81,81,81,81,81,81,81,81,81,81,81,81,81,81,81,81,81,81,81,81,81,81,81,81,81,81,81,81,81,81,81,81,81],"card_choices":[{"not_picked":["Force Field","Beam Cell"],"picked":"Undo","floor":0.0},{"not_picked":["Reinforced Body","Turbo"],"picked":"Ball Lightning","floor":0.0},{"not_picked":["Streamline","Heatsinks"],"picked":"Genetic Algorithm","floor":0.0},{"not_picked":["Compile Driver","Streamline"],"picked":"Ball Lightning","floor":0.0},{"not_picked":["Streamline","Hologram"],"picked":"Stack","floor":0.0},{"not_picked":["Stack","Go for the Eyes"],"picked":"Leap","floor":1.0},{"not_picked":["Consume","Hologram"],"picked":"Cold Snap","floor":2.0},{"not_picked":["Turbo","Barrage","Stack"],"picked":"SKIP","floor":4.0},{"not_picked":["Hologram","Amplify"],"picked":"Self Repair","floor":5.0},{"not_picked":["Sweeping Beam","Gash","Beam Cell"],"picked":"SKIP","floor":7.0},{"not_picked":["Go for the Eyes","Undo","Hologram"],"picked":"SKIP","floor":8.0},{"not_picked":["Rip and Tear","Stack"],"picked":"Cold Snap","floor":10.0},{"not_picked":["Steam","Stack"],"picked":"Static Discharge","floor":12.0},{"not_picked":["Beam Cell","Consume","Heatsinks+1"],"picked":"SKIP","floor":14.0},{"not_picked":["Core Surge","Reboot"],"picked":"Buffer+1","floor":16.0},{"not_picked":["Steam Power","Genetic Algorithm","Redo"],"picked":"SKIP","floor":18.0},{"not_picked":["Gash","Steam+1"],"picked":"Stack+1","floor":20.0},{"not_picked":["Streamline","Coolheaded","Turbo"],"picked":"SKIP","floor":21.0},{"not_picked":["Stack","Sweeping Beam","Turbo"],"picked":"SKIP","floor":22.0},{"not_picked":["Loop+1","Chaos+1"],"picked":"Amplify","floor":23.0},{"not_picked":["Reinforced Body","Compile Driver+1"],"picked":"Leap","floor":25.0},{"not_picked":["Doom and Gloom+1","Beam Cell+1"],"picked":"White Noise","floor":30.0},{"not_picked":["Rebound+1","Steam","Blizzard+1"],"picked":"SKIP","floor":31.0},{"not_picked":["Hyperbeam+1","Machine Learning+1"],"picked":"Biased Cognition+1","floor":33.0},{"not_picked":["Reprogram","Sweeping Beam+1"],"picked":"BootSequence","floor":35.0},{"not_picked":["White Noise","Rebound+1"],"picked":"Darkness+1","floor":36.0},{"not_picked":["Recycle","Beam Cell+1","Compile Driver+1"],"picked":"SKIP","floor":38.0},{"not_picked":["Reinforced Body","Static Discharge+1"],"picked":"Glacier","floor":39.0},{"not_picked":["Leap","Coolheaded","Gash+1"],"picked":"SKIP","floor":40.0}],"player_experience":987765,"relics_obtained":[{"floor":7.0,"key":"Meat on the Bone"},{"floor":9.0,"key":"DataDisk"},{"floor":10.0,"key":"Ancient Tea Set"},{"floor":12.0,"key":"Frozen Egg 2"},{"floor":14.0,"key":"StoneCalendar"},{"floor":23.0,"key":"Molten Egg 2"},{"floor":25.0,"key":"Darkstone Periapt"},{"floor":30.0,"key":"Blue Candle"},{"floor":39.0,"key":"Dead Branch"},{"floor":40.0,"key":"Whetstone"}],"event_choices":[{"damage_healed":0.0,"max_hp_gain":0.0,"max_hp_loss":0.0,"gold_gain":0.0,"event_name":"Scrap Ooze","player_choice":"Success","floor":3.0,"gold_loss":0.0,"damage_taken":5.0,"relics_obtained":["Pear"]},{"damage_healed":0.0,"max_hp_gain":0.0,"max_hp_loss":0.0,"gold_gain":0.0,"event_name":"Match and Keep!","player_choice":"1 cards matched","floor":19.0,"gold_loss":0.0,"damage_taken":0.0,"cards_obtained":["Creative AI"]},{"damage_healed":0.0,"max_hp_gain":0.0,"max_hp_loss":0.0,"gold_gain":0.0,"event_name":"Drug Dealer","player_choice":"Inject Mutagens","floor":29.0,"gold_loss":0.0,"damage_taken":0.0,"relics_obtained":["MutagenicStrength"]},{"damage_healed":0.0,"max_hp_gain":0.0,"max_hp_loss":0.0,"gold_gain":0.0,"event_name":"Tomb of Lord Red Mask","player_choice":"Ignored","floor":37.0,"gold_loss":0.0,"damage_taken":0.0},{"damage_healed":0.0,"max_hp_gain":0.0,"max_hp_loss":0.0,"gold_gain":0.0,"event_name":"Mysterious Sphere","player_choice":"Fight","floor":39.0,"gold_loss":0.0,"damage_taken":0.0}],"is_beta":true,"boss_relics":[{"not_picked":["White Beast Statue","Pandora\u0027s Box"],"picked":"Fusion Hammer"},{"not_picked":["Eternal Feather","Empty Cage"],"picked":"Inserter"}],"items_purged_floors":[],"is_endless":false,"potions_floor_spawned":[4,10,14,16,20,25,33,38,40],"killed_by":"Reptomancer","ascension_level":20}