{"gold_per_floor":[118,132,31,47,65,96,96,271,294,294,244,261,77,152,152,254,254,229,35,35,46,58,58,76,76,122,122,122,122,142,153,153,153],"floor_reached":33,"playtime":4017,"items_purged":["Strike_R","Doubt","Strike_R"],"score":247,"play_id":"23e6f8a9-e5be-4a4c-a305-ea1eadbe4ef2","local_time":"20190310121915","is_ascension_mode":false,"campfire_choices":[{"data":"Juggernaut","floor":7,"key":"SMITH"},{"data":"True Grit","floor":10,"key":"SMITH"},{"data":"Bloodletting","floor":15,"key":"SMITH"},{"data":"Disarm","floor":23,"key":"SMITH"},{"data":"Hemokinesis","floor":25,"key":"SMITH"},{"data":"Exhume","floor":28,"key":"SMITH"},{"floor":32,"key":"REST"}],"neow_cost":"PERCENT_DAMAGE","seed_source_timestamp":175972473227742,"circlet_count":0,"master_deck":["Strike_R","Strike_R","Defend_R","Defend_R","Defend_R","Defend_R","Bash","Juggernaut+1","Clash","Ghostly Armor","True Grit+1","Sentinel","Disarm+1","Iron Wave","Shrug It Off","Bloodletting+1","Exhume+1","Feel No Pain","Feed","Burning Pact","Hemokinesis+1","Shame","Armaments","Iron Wave","Metallicize+1"],"relics":["Burning Blood","Anchor","Cursed Key","PreservedInsect","MutagenicStrength"],"potions_floor_usage":[6,6,16,30,31],"damage_taken":[{"damage":10,"enemies":"Jaw Worm","floor":1,"turns":5},{"damage":2,"enemies":"2 Louse","floor":2,"turns":2},{"damage":0,"enemies":"Small Slimes","floor":4,"turns":3},{"damage":5,"enemies":"Looter","floor":5,"turns":5},{"damage":16,"enemies":"3 Sentries","floor":6,"turns":10},{"damage":1,"enemies":"Exordium Thugs","floor":12,"turns":5},{"damage":31,"enemies":"The Guardian","floor":16,"turns":12},{"damage":6,"enemies":"2 Thieves","floor":18,"turns":5},{"damage":20,"enemies":"Spheric Guardian","floor":21,"turns":5},{"damage":6,"enemies":"Snake Plant","floor":22,"turns":7},{"damage":13,"enemies":"Sentry and Sphere","floor":24,"turns":5},{"damage":16,"enemies":"3 Cultists","floor":30,"turns":5},{"damage":9,"enemies":"Snake Plant","floor":31,"turns":7},{"damage":95,"enemies":"Automaton","floor":33,"turns":12}],"seed_played":"8291844670762628314","potions_obtained":[{"floor":1,"key":"SkillPotion"},{"floor":2,"key":"Fire Potion"},{"floor":6,"key":"SkillPotion"},{"floor":21,"key":"Poison Potion"},{"floor":24,"key":"Ancient Potion"},{"floor":30,"key":"SkillPotion"}],"is_trial":false,"path_per_floor":["?","?","?","?","?","?","M","M"],"character_chosen":"IRONCLAD","items_purchased":["True Grit","Shrug It Off","Bloodletting","Feed"],"campfire_rested":1,"item_purchase_floors":[3,13,13,19],"current_hp_per_floor":[52,56,56,62,63,53,53,53,53,53,53,58,58,47,47,22,80,80,80,65,51,54,54,50,50,50,50,50,50,40,40,68,0],"gold":153,"neow_bonus":"THREE_RARE_CARDS","is_prod":false,"is_daily":false,"chose_seed":false,"campfire_upgraded":6,"win_rate":0,"timestamp":1552216755,"path_taken":["M","M","$","M","M","E","R","?","T","R","?","M","$","?","R","BOSS","M","$","?","M","M","R","M","R","T","?","R","?","?","?","R","BOSS"],"build_version":"2019-01-23","purchased_purges":3,"victory":false,"max_hp_per_floor":[80,80,80,80,80,80,80,80,80,80,80,80,80,80,80,80,80,80,80,85,85,88,88,91,91,91,91,91,91,91,94,94,94],"card_choices":[{"not_picked":["Berserk","Fiend Fire"],"picked":"Juggernaut","floor":0},{"not_picked":["Twin Strike","Evolve"],"picked":"Clash","floor":1},{"not_picked":["Flex","Clash"],"picked":"Ghostly Armor","floor":2},{"not_picked":["Headbutt","Searing Blow"],"picked":"Sentinel","floor":4},{"not_picked":["Havoc","Warcry","Clothesline"],"picked":"SKIP","floor":5},{"not_picked":["Corruption","Heavy Blade"],"picked":"Disarm","floor":6},{"not_picked":["Havoc","Whirlwind"],"picked":"Iron Wave","floor":12},{"not_picked":["Limit Break","Dark Embrace"],"picked":"Exhume","floor":16},{"not_picked":["Clash+1","Perfected Strike+1"],"picked":"Feel No Pain","floor":18},{"not_picked":["Sword Boomerang+1","Power Through+1"],"picked":"Burning Pact","floor":21},{"not_picked":["Inflame","Clash","Wild Strike"],"picked":"SKIP","floor":22},{"not_picked":["Havoc","Pommel Strike+1"],"picked":"Hemokinesis","floor":24},{"not_picked":["Burning Pact","Warcry+1"],"picked":"Iron Wave","floor":30},{"not_picked":["Anger","Armaments"],"picked":"Metallicize+1","floor":31}],"player_experience":115534,"relics_obtained":[{"floor":6,"key":"Anchor"},{"floor":26,"key":"PreservedInsect"}],"event_choices":[{"damage_healed":0,"gold_gain":175,"player_choice":"AGREE","damage_taken":0,"max_hp_gain":0,"max_hp_loss":0,"event_name":"Liars Game","floor":8,"gold_loss":0,"cards_obtained":["Doubt"]},{"cards_removed":["Strike_R"],"damage_healed":0,"gold_gain":0,"player_choice":"Card Removal","damage_taken":0,"max_hp_gain":0,"max_hp_loss":0,"event_name":"The Cleric","floor":11,"gold_loss":50},{"damage_healed":0,"gold_gain":75,"player_choice":"Gather Gold","damage_taken":11,"max_hp_gain":0,"max_hp_loss":0,"event_name":"World of Goop","floor":14,"gold_loss":0},{"damage_healed":0,"gold_gain":0,"player_choice":"Shed Blood","damage_taken":20,"max_hp_gain":5,"max_hp_loss":0,"event_name":"Forgotten Altar","floor":20,"gold_loss":0},{"damage_healed":0,"gold_gain":0,"player_choice":"Inject Mutagens","damage_taken":0,"relics_obtained":["MutagenicStrength"],"max_hp_gain":0,"max_hp_loss":0,"event_name":"Drug Dealer","floor":27,"gold_loss":0},{"damage_healed":0,"gold_gain":0,"player_choice":"Read","damage_taken":0,"max_hp_gain":0,"max_hp_loss":0,"event_name":"The Library","floor":29,"gold_loss":0,"cards_obtained":["Armaments"]}],"is_beta":false,"boss_relics":[{"not_picked":["Coffee Dripper","Runic Dome"],"picked":"Cursed Key"}],"items_purged_floors":[3,13,19],"is_endless":false,"potions_floor_spawned":[1,2,6,21,24,30],"killed_by":"Automaton","ascension_level":0}