{"gold_per_floor":[117,1,14,32,52,84,84,119,188,188,199,224,224,243,243,338,338,348,366,366,2,18,18,118,137,137,157,172,172,184,92,92,187,187,199,210,132,132,132,158,158,158],"floor_reached":42,"playtime":3619,"items_purged":["Strike_R"],"score":594,"play_id":"8a890239-7ee9-4a59-8f57-208e6b59e4b2","local_time":"20190101200139","is_ascension_mode":true,"campfire_choices":[{"data":"Feel No Pain","floor":7.0,"key":"SMITH"},{"floor":10.0,"key":"REST"},{"data":"Power Through","floor":15.0,"key":"SMITH"},{"data":"Juggernaut","floor":23.0,"key":"SMITH"},{"data":"Second Wind","floor":29.0,"key":"SMITH"},{"data":"Entrench","floor":32.0,"key":"SMITH"},{"data":"Barricade","floor":41.0,"key":"SMITH"}],"neow_cost":"PERCENT_DAMAGE","seed_source_timestamp":505585484719213,"circlet_count":0,"master_deck":["Strike_R","Strike_R","Defend_R","Defend_R","Defend_R","Defend_R","Bash","True Grit","Power Through+1","Thunderclap","Feel No Pain+1","Second Wind+1","Juggernaut","Flex","True Grit","Juggernaut+1","Demon Form","Shrug It Off","Entrench+1","Metallicize","Power Through","Good Instincts","Battle Trance+1","Body Slam","Dual Wield+1","Battle Trance","Shrug It Off","Armaments+1","Body Slam+1","Iron Wave","Barricade+1"],"special_seed":0,"relics":["Black Blood","Calipers","Boot","Pocketwatch","Singing Bowl","Smiling Mask","Mark of Pain","NlothsMask","Molten Egg 2"],"potions_floor_usage":[],"damage_taken":[{"damage":7.0,"enemies":"2 Louse","floor":1.0,"turns":4.0},{"damage":4.0,"enemies":"Cultist","floor":3.0,"turns":5.0},{"damage":15.0,"enemies":"Jaw Worm","floor":4.0,"turns":7.0},{"damage":11.0,"enemies":"Gremlin Gang","floor":5.0,"turns":7.0},{"damage":11.0,"enemies":"Lagavulin","floor":6.0,"turns":11.0},{"damage":28.0,"enemies":"Gremlin Nob","floor":8.0,"turns":5.0},{"damage":27.0,"enemies":"Lots of Slimes","floor":11.0,"turns":5.0},{"damage":0.0,"enemies":"Lagavulin","floor":12.0,"turns":10.0},{"damage":16.0,"enemies":"Exordium Thugs","floor":14.0,"turns":5.0},{"damage":13.0,"enemies":"The Guardian","floor":16.0,"turns":11.0},{"damage":9.0,"enemies":"3 Byrds","floor":18.0,"turns":6.0},{"damage":7.0,"enemies":"Shell Parasite","floor":19.0,"turns":6.0},{"damage":9.0,"enemies":"Centurion and Healer","floor":22.0,"turns":7.0},{"damage":10.0,"enemies":"Snake Plant","floor":25.0,"turns":6.0},{"damage":22.0,"enemies":"Sentry and Sphere","floor":27.0,"turns":6.0},{"damage":0.0,"enemies":"Snecko","floor":28.0,"turns":4.0},{"damage":2.0,"enemies":"Cultist and Chosen","floor":30.0,"turns":5.0},{"damage":25.0,"enemies":"Collector","floor":33.0,"turns":10.0},{"damage":20.0,"enemies":"3 Shapes","floor":35.0,"turns":5.0},{"damage":25.0,"enemies":"3 Darklings","floor":36.0,"turns":6.0},{"damage":54.0,"enemies":"Reptomancer","floor":40.0,"turns":8.0},{"damage":35,"enemies":"Transient","floor":42,"turns":2}],"seed_played":"550192301459926398","potions_obtained":[{"floor":3.0,"key":"FearPotion"},{"floor":5.0,"key":"Fire Potion"},{"floor":12.0,"key":"Fire Potion"},{"floor":19.0,"key":"Poison Potion"},{"floor":22.0,"key":"Regen Potion"},{"floor":25.0,"key":"Weak Potion"},{"floor":33.0,"key":"Regen Potion"}],"is_trial":false,"path_per_floor":["M","$","M","M","M","E","R","E","T","R","M","E","?","M","R","B",null,"M","M","?","$","M","R","?","M","T","M","M","R","M","$","R","B",null,"M","M","$","?","?","E","R","M"],"character_chosen":"IRONCLAD","items_purchased":["True Grit","Power Through","Entrench","Metallicize","Power Through","Good Instincts","Battle Trance","Shrug It Off","LiquidBronze"],"campfire_rested":1,"item_purchase_floors":[2,2,21,21,21,21,31,31,37],"current_hp_per_floor":[55,55,57,48,43,38,38,16,16,40,21,27,82,72,72,65,78,75,76,76,76,75,75,75,73,73,57,63,63,67,67,67,65,84,74,59,59,59,59,30,30,0],"gold":158,"neow_bonus":"ONE_RARE_RELIC","is_prod":false,"is_daily":false,"chose_seed":false,"campfire_upgraded":6,"win_rate":0,"timestamp":1546390899,"path_taken":["M","$","M","M","M","E","R","E","T","R","M","E","?","M","R","BOSS","M","M","?","$","?","R","?","M","T","M","?","R","M","$","R","BOSS","M","?","$","?","?","E","R","?"],"build_version":"2018-12-20","purchased_purges":1,"victory":false,"max_hp_per_floor":[80,80,80,80,80,80,80,80,80,80,82,82,82,82,82,82,82,82,84,84,84,86,86,86,88,88,88,88,88,88,88,88,90,90,90,90,90,90,90,90,90,90],"card_choices":[{"not_picked":["Twin Strike","Pommel Strike"],"picked":"Battle Trance","floor":1.0},{"not_picked":["Disarm","Pommel Strike"],"picked":"Thunderclap","floor":3.0},{"not_picked":["Perfected Strike","Fire Breathing"],"picked":"Feel No Pain","floor":4.0},{"not_picked":["True Grit","Seeing Red"],"picked":"Second Wind","floor":5.0},{"not_picked":["Second Wind","Cleave"],"picked":"Juggernaut","floor":6.0},{"not_picked":["Havoc","Searing Blow"],"picked":"Flex","floor":8.0},{"not_picked":["Flex","Armaments","Anger"],"picked":"Singing Bowl","floor":11.0},{"not_picked":["Havoc","Thunderclap"],"picked":"True Grit","floor":12.0},{"not_picked":["Flex","Iron Wave"],"picked":"Juggernaut","floor":14.0},{"not_picked":["Immolate","Limit Break"],"picked":"Demon Form","floor":16.0},{"not_picked":["Burning Pact+1","Wild Strike+1"],"picked":"Shrug It Off","floor":18.0},{"not_picked":["True Grit","Perfected Strike","Headbutt"],"picked":"Singing Bowl","floor":19.0},{"not_picked":["Whirlwind+1","Clothesline+1","Infernal Blade"],"picked":"Singing Bowl","floor":22.0},{"not_picked":["Pommel Strike+1","Infernal Blade","Sever Soul+1"],"picked":"Singing Bowl","floor":25.0},{"not_picked":["Clash+1","Spot Weakness"],"picked":"Battle Trance+1","floor":27.0},{"not_picked":["Heavy Blade","Shockwave"],"picked":"Body Slam","floor":28.0},{"not_picked":["Clash","Feed"],"picked":"Dual Wield+1","floor":30.0},{"not_picked":["Feed","Reaper","Dark Embrace"],"picked":"Singing Bowl","floor":33.0},{"not_picked":["Perfected Strike","Warcry"],"picked":"Armaments+1","floor":35.0},{"not_picked":["Sword Boomerang","Battle Trance+1"],"picked":"Body Slam+1","floor":36.0},{"not_picked":["Cleave","Thunderclap"],"picked":"Barricade","floor":40.0}],"player_experience":349251,"relics_obtained":[{"floor":6.0,"key":"Boot"},{"floor":8.0,"key":"Pocketwatch"},{"floor":9.0,"key":"Singing Bowl"},{"floor":12.0,"key":"Smiling Mask"},{"floor":40.0,"key":"Molten Egg 2"}],"event_choices":[{"cards_removed":["Battle Trance"],"damage_healed":55.0,"max_hp_gain":0.0,"max_hp_loss":0.0,"gold_gain":0.0,"event_name":"Bonfire Elementals","player_choice":"Offered Uncommon","floor":13.0,"gold_loss":0.0,"damage_taken":0.0},{"damage_healed":0.0,"max_hp_gain":0.0,"max_hp_loss":0.0,"gold_gain":0.0,"event_name":"FaceTrader","player_choice":"Trade","floor":20.0,"gold_loss":0.0,"damage_taken":0.0,"relics_obtained":["NlothsMask"]},{"damage_healed":0.0,"max_hp_gain":0.0,"max_hp_loss":0.0,"gold_gain":100.0,"event_name":"Golden Shrine","player_choice":"Pray","floor":24.0,"gold_loss":0.0,"damage_taken":0.0},{"cards_removed":["Strike_R"],"damage_healed":0.0,"max_hp_gain":0.0,"max_hp_loss":0.0,"gold_gain":0.0,"event_name":"Falling","player_choice":"Removed Attack","floor":38.0,"gold_loss":0.0,"damage_taken":0.0},{"damage_healed":0.0,"max_hp_gain":0.0,"max_hp_loss":0.0,"gold_gain":0.0,"cards_transformed":["Strike_R"],"event_name":"Transmorgrifier","player_choice":"Transformed","floor":39.0,"gold_loss":0.0,"damage_taken":0.0,"cards_obtained":["Iron Wave"]}],"is_beta":false,"boss_relics":[{"not_picked":["Velvet Choker","Cursed Key"],"picked":"Mark of Pain"},{"not_picked":["Empty Cage","Fusion Hammer"],"picked":"Black Blood"}],"items_purged_floors":[21],"is_endless":false,"potions_floor_spawned":[3,5,12,19,22,25,30,33],"killed_by":"Transient","ascension_level":5}