{"gold_per_floor":[116,28,103,121,296,326,66,79,104,130,80,93,108,123,123,220,220,239,239,139,154,154,154,79,79],"floor_reached":25,"playtime":543,"items_purged":["Doubt","Defend_R"],"score":226,"play_id":"c7923e43-efe7-4b0f-bdd6-d7f3eb293240","local_time":"20190223020754","is_ascension_mode":false,"campfire_choices":[{"data":"Discovery","floor":15,"key":"SMITH"},{"floor":23,"key":"REST"}],"neow_cost":"NONE","seed_source_timestamp":0,"circlet_count":0,"master_deck":["Strike_R","Strike_R","Strike_R","Strike_R","Strike_R","Defend_R","Defend_R","Seeing Red","Discovery+1","Flex","Infernal Blade","Feed","RitualDagger","Metallicize"],"special_seed":0,"relics":["Burning Blood","NeowsBlessing","MawBank","Toolbox","Omamori","Odd Mushroom","Eternal Feather"],"potions_floor_usage":[13,16,16],"damage_taken":[{"damage":0.0,"enemies":"Jaw Worm","floor":1.0,"turns":1.0},{"damage":0.0,"enemies":"2 Louse","floor":4.0,"turns":1.0},{"damage":0.0,"enemies":"3 Sentries","floor":6.0,"turns":2.0},{"damage":4,"enemies":"Cultist","floor":8,"turns":4},{"damage":17,"enemies":"The Mushroom Lair","floor":10,"turns":4},{"damage":11,"enemies":"2 Fungi Beasts","floor":12,"turns":3},{"damage":7,"enemies":"Blue Slaver","floor":13,"turns":3},{"damage":5,"enemies":"Looter","floor":14,"turns":4},{"damage":22,"enemies":"The Guardian","floor":16,"turns":11},{"damage":0,"enemies":"Spheric Guardian","floor":18,"turns":3},{"damage":66,"enemies":"3 Byrds","floor":21,"turns":8},{"damage":35,"enemies":"Snecko","floor":25,"turns":7}],"seed_played":"-7212073934715477838","potions_obtained":[{"floor":1.0,"key":"EssenceOfSteel"},{"floor":6.0,"key":"Ancient Potion"},{"floor":12,"key":"BloodPotion"},{"floor":13,"key":"BloodPotion"}],"is_trial":false,"path_per_floor":["M","$","?","M","?","E","$","M","T","?","?","M","M","M","R","B",null,"M","?","$","M","?","R","$","M"],"character_chosen":"IRONCLAD","items_purchased":["Discovery","Toolbox","Metallicize"],"campfire_rested":1,"item_purchase_floors":[2,7,24],"current_hp_per_floor":[80,80,69,75,75,80,80,80,80,69,69,64,71,72,72,64,80,80,74,74,17,17,47,47,12],"gold":79,"neow_bonus":"THREE_ENEMY_KILL","is_prod":false,"is_daily":false,"chose_seed":false,"campfire_upgraded":1,"win_rate":0.0,"timestamp":1550916474,"path_taken":["M","$","?","M","?","E","?","?","T","?","?","M","M","M","R","BOSS","M","?","$","M","?","R","$","?"],"build_version":"2019-01-23","purchased_purges":2,"victory":false,"max_hp_per_floor":[80,80,80,80,80,80,80,80,80,80,80,80,80,80,80,80,80,80,80,80,83,83,83,83,83],"card_choices":[{"not_picked":["Spot Weakness","Twin Strike"],"picked":"Seeing Red","floor":1.0},{"not_picked":["Body Slam","Fire Breathing"],"picked":"Flex","floor":4.0},{"not_picked":["Iron Wave","Spot Weakness","Twin Strike"],"picked":"SKIP","floor":6.0},{"not_picked":["Flex","Clothesline","Second Wind"],"picked":"SKIP","floor":8},{"not_picked":["Battle Trance","Feel No Pain","Inflame"],"picked":"SKIP","floor":12},{"not_picked":["Evolve","Feel No Pain","Second Wind"],"picked":"SKIP","floor":13},{"not_picked":["Combust","Second Wind"],"picked":"Infernal Blade","floor":14},{"not_picked":["Juggernaut","Offering"],"picked":"Feed","floor":16},{"not_picked":["True Grit","Inflame","Headbutt"],"picked":"SKIP","floor":18},{"not_picked":["Twin Strike","Heavy Blade","Havoc"],"picked":"SKIP","floor":21}],"player_experience":10864,"relics_obtained":[{"floor":6.0,"key":"MawBank"},{"floor":9,"key":"Omamori"},{"floor":10,"key":"Odd Mushroom"}],"event_choices":[{"damage_healed":0.0,"max_hp_gain":0.0,"max_hp_loss":0.0,"gold_gain":75.0,"event_name":"World of Goop","player_choice":"Gather Gold","floor":3.0,"gold_loss":0.0,"damage_taken":11.0},{"damage_healed":0.0,"max_hp_gain":0.0,"max_hp_loss":0.0,"gold_gain":175.0,"event_name":"Liars Game","player_choice":"AGREE","floor":5.0,"gold_loss":0.0,"damage_taken":0.0,"cards_obtained":["Doubt"]},{"damage_healed":0,"gold_gain":0,"player_choice":"Fought Mushrooms","damage_taken":0,"max_hp_gain":0,"max_hp_loss":0,"event_name":"Mushrooms","floor":10,"gold_loss":0},{"cards_removed":["Bash"],"damage_healed":0,"gold_gain":0,"player_choice":"Card Removal","damage_taken":0,"max_hp_gain":0,"max_hp_loss":0,"event_name":"The Cleric","floor":11,"gold_loss":50},{"damage_healed":0,"gold_gain":0,"player_choice":"Joined the Cult","damage_taken":6,"max_hp_gain":0,"max_hp_loss":0,"event_name":"Nest","floor":19,"gold_loss":0,"cards_obtained":["RitualDagger"]},{"cards_removed":["Defend_R"],"damage_healed":0,"gold_gain":0,"player_choice":"Offered Basic","damage_taken":0,"max_hp_gain":0,"max_hp_loss":0,"event_name":"Bonfire Elementals","floor":22,"gold_loss":0}],"is_beta":false,"boss_relics":[{"not_picked":["Runic Dome","Black Blood"],"picked":"Eternal Feather"}],"items_purged_floors":[7,20],"is_endless":false,"potions_floor_spawned":[1,6,12,13],"killed_by":"Snecko","ascension_level":0}