{"gold_per_floor":[116,116,116,3,3,3,38,52,52,63,81,81,99,41,41,118,118,132,132,57,76,36,36,51,51,97,97,116,132,146,165,165,165],"floor_reached":33,"playtime":1189,"items_purged":["Strike_B"],"score":486,"play_id":"47a86de6-77fe-4621-8db1-13c4531f4a5c","local_time":"20190312235542","is_ascension_mode":true,"campfire_choices":[{"data":"Sunder","floor":6.0,"key":"SMITH"},{"floor":12.0,"key":"REST"},{"floor":15.0,"key":"REST"},{"data":"Defragment","floor":23.0,"key":"SMITH"},{"data":"Beam Cell","floor":27.0,"key":"SMITH"},{"floor":32,"key":"REST"}],"neow_cost":"NONE","seed_source_timestamp":30063110972000,"circlet_count":0,"master_deck":["AscendersBane","Strike_B","Defend_B","Defend_B","Defend_B","Defend_B","Zap","Dualcast","Go for the Eyes+1","Leap","Sunder+1","Auto Shields","Darkness","Cold Snap","Electrodynamics","Conserve Battery","Buffer","Beam Cell+1","Defragment+1","Gash","Chill","Coolheaded","Steam","Cold Snap","White Noise"],"special_seed":0,"relics":["Cracked Core","Girya","Orrery","Anchor","Ancient Tea Set"],"potions_floor_usage":[33],"damage_taken":[{"damage":1.0,"enemies":"Small Slimes","floor":1.0,"turns":3.0},{"damage":41.0,"enemies":"Gremlin Nob","floor":7.0,"turns":4.0},{"damage":2.0,"enemies":"Jaw Worm","floor":8.0,"turns":3.0},{"damage":0.0,"enemies":"Cultist","floor":10.0,"turns":3.0},{"damage":11.0,"enemies":"Lots of Slimes","floor":11.0,"turns":4.0},{"damage":0.0,"enemies":"Exordium Wildlife","floor":13.0,"turns":2.0},{"damage":2.0,"enemies":"The Guardian","floor":16.0,"turns":10.0},{"damage":0.0,"enemies":"3 Byrds","floor":18.0,"turns":2.0},{"damage":19.0,"enemies":"Spheric Guardian","floor":21.0,"turns":6.0},{"damage":0.0,"enemies":"Centurion and Healer","floor":24.0,"turns":7.0},{"damage":13.0,"enemies":"Snake Plant","floor":28.0,"turns":5.0},{"damage":0.0,"enemies":"Cultist and Chosen","floor":29.0,"turns":10.0},{"damage":26.0,"enemies":"Snecko","floor":30.0,"turns":8.0},{"damage":4,"enemies":"Shelled Parasite and Fungi","floor":31,"turns":6},{"damage":23,"enemies":"Automaton","floor":33,"turns":6}],"seed_played":"-5217447234146204357","potions_obtained":[{"floor":1.0,"key":"SteroidPotion"},{"floor":8.0,"key":"LiquidBronze"},{"floor":10.0,"key":"PowerPotion"},{"floor":22.0,"key":"Swift Potion"},{"floor":22.0,"key":"Block Potion"},{"floor":28.0,"key":"EssenceOfSteel"},{"floor":30.0,"key":"AttackPotion"}],"is_trial":false,"path_per_floor":["M","?","?","$","?","R","E","M","T","M","M","R","M","?","R","B",null,"M","?","$","M","?","R","M","?","T","R","M","M","M","M","R","B"],"character_chosen":"DEFECT","items_purchased":["Leap","Sunder"],"campfire_rested":3,"item_purchase_floors":[4,4],"current_hp_per_floor":[63,63,63,63,56,56,15,13,13,13,2,23,23,23,44,42,64,64,64,64,45,45,45,45,45,45,45,32,32,6,2,23,0],"gold":165,"neow_bonus":"TRANSFORM_CARD","is_prod":false,"is_daily":false,"chose_seed":false,"campfire_upgraded":3,"win_rate":0,"timestamp":1552449342,"path_taken":["M","?","?","?","?","R","E","M","T","M","M","R","M","?","R","BOSS","M","?","?","?","?","R","?","?","T","R","M","M","M","M","R","BOSS"],"build_version":"2019-01-23","purchased_purges":1,"victory":false,"max_hp_per_floor":[71,71,71,71,71,71,71,71,71,71,71,71,71,71,71,71,71,71,71,71,71,71,71,71,71,71,71,71,71,71,71,71,71],"card_choices":[{"not_picked":["BootSequence","Barrage"],"picked":"Go for the Eyes","floor":1.0},{"not_picked":["Fusion","Coolheaded"],"picked":"Auto Shields","floor":7.0},{"not_picked":["Coolheaded","Rebound"],"picked":"Darkness","floor":8.0},{"not_picked":["Static Discharge","Sunder"],"picked":"Cold Snap","floor":10.0},{"not_picked":["Compile Driver","Sweeping Beam"],"picked":"Electrodynamics","floor":11.0},{"not_picked":["Go for the Eyes","Steam"],"picked":"Conserve Battery","floor":13.0},{"not_picked":["Machine Learning","Meteor Strike"],"picked":"Buffer","floor":16.0},{"not_picked":["Turbo","Loop"],"picked":"Beam Cell","floor":17.0},{"not_picked":["Go for the Eyes","Static Discharge"],"picked":"Defragment","floor":17.0},{"not_picked":["Static Discharge","Fusion"],"picked":"Gash","floor":18.0},{"not_picked":["Conserve Battery","Rainbow"],"picked":"Chill","floor":21.0},{"not_picked":["White Noise","Force Field"],"picked":"Coolheaded","floor":24.0},{"not_picked":["Leap","Chaos"],"picked":"Steam","floor":28.0},{"not_picked":["Barrage","Recycle"],"picked":"Cold Snap","floor":29.0},{"not_picked":["Beam Cell","Coolheaded","Go for the Eyes"],"picked":"SKIP","floor":30.0},{"not_picked":["Chaos","Coolheaded"],"picked":"White Noise","floor":31}],"player_experience":1310596,"relics_obtained":[{"floor":9.0,"key":"Girya"},{"floor":26.0,"key":"Ancient Tea Set"}],"event_choices":[{"damage_healed":0.0,"max_hp_gain":0.0,"max_hp_loss":0.0,"gold_gain":0.0,"event_name":"Liars Game","player_choice":"Ignored","floor":2.0,"gold_loss":0.0,"damage_taken":0.0},{"damage_healed":0.0,"max_hp_gain":0.0,"max_hp_loss":0.0,"gold_gain":0.0,"cards_transformed":["Turbo"],"event_name":"Living Wall","player_choice":"Change","floor":3.0,"gold_loss":0.0,"damage_taken":0.0,"cards_obtained":["Gash"]},{"cards_removed":["Strike_B"],"damage_healed":0.0,"max_hp_gain":0.0,"max_hp_loss":0.0,"gold_gain":0.0,"event_name":"Golden Wing","player_choice":"Card Removal","floor":5.0,"gold_loss":0.0,"damage_taken":7.0},{"damage_healed":0.0,"max_hp_gain":0.0,"max_hp_loss":0.0,"gold_gain":0.0,"event_name":"World of Goop","player_choice":"Left Gold","floor":14.0,"gold_loss":58.0,"damage_taken":0.0},{"cards_removed":["Gash"],"damage_healed":0.0,"max_hp_gain":0.0,"max_hp_loss":0.0,"gold_gain":0.0,"event_name":"WeMeetAgain","player_choice":"Gave Card","floor":19.0,"gold_loss":0.0,"damage_taken":0.0,"relics_obtained":["Anchor"]},{"damage_healed":0.0,"max_hp_gain":0.0,"max_hp_loss":0.0,"gold_gain":0.0,"event_name":"The Woman in Blue","player_choice":"Bought 3 Potions","floor":22.0,"gold_loss":0.0,"damage_taken":0.0},{"damage_healed":0.0,"max_hp_gain":0.0,"max_hp_loss":0.0,"gold_gain":0.0,"event_name":"Upgrade Shrine","player_choice":"Upgraded","floor":25.0,"gold_loss":0.0,"damage_taken":0.0,"cards_upgraded":["Go for the Eyes"]}],"is_beta":false,"boss_relics":[{"not_picked":["Fusion Hammer","Calling Bell"],"picked":"Orrery"}],"items_purged_floors":[20],"is_endless":false,"potions_floor_spawned":[1,8,10,28,30],"killed_by":"Automaton","ascension_level":19}