{"gold_per_floor":[117,131,111,122,133,133,165,165,234,247,260,286,306,316,316,389,389,407,38,49,59,59,59,73,73,118,137,137,151,166,86,86,160,160,176,176,189,189,189,189,201,201,201,0,76,94,94,104,104,104,104],"floor_reached":52,"playtime":3291,"items_purged":[],"score":1815,"play_id":"ae9790e5-b817-4da9-94f9-9c6fe2a9524e","local_time":"20190312224331","is_ascension_mode":true,"campfire_choices":[{"floor":6.0,"key":"REST"},{"data":"Sunder","floor":8.0,"key":"SMITH"},{"floor":15.0,"key":"REST"},{"data":"Meteor Strike","floor":23.0,"key":"SMITH"},{"data":"Glacier","floor":25.0,"key":"SMITH"},{"data":"Force Field","floor":28.0,"key":"SMITH"},{"data":"Defragment","floor":32.0,"key":"SMITH"},{"data":"Buffer","floor":40,"key":"SMITH"},{"data":"Echo Form","floor":42,"key":"SMITH"},{"floor":47,"key":"DIG"},{"floor":49,"key":"DIG"}],"neow_cost":"NONE","seed_source_timestamp":518003662126483,"circlet_count":0,"master_deck":["AscendersBane","Strike_B","Strike_B","Strike_B","Defend_B","Defend_B","Defend_B","Zap","Dualcast","Conserve Battery","Sunder+1","Undo","Fusion","Force Field","White Noise","Echo Form+1","Force Field+1","Meteor Strike+1","Self Repair","Streamline+1","Fusion","Melter","Glacier+1","Defragment+1","Buffer+1","Apotheosis","White Noise","Force Field"],"special_seed":0,"relics":["Snecko Eye","Thread and Needle","Darkstone Periapt","Art of War","Philosopher\u0027s Stone","Tiny Chest","Potion Belt","Gremlin Horn","Shovel","Red Mask","Mummified Hand","Kunai","Letter Opener"],"potions_floor_usage":[50,51,51,51,51],"damage_taken":[{"damage":1.0,"enemies":"Cultist","floor":1.0,"turns":4.0},{"damage":9.0,"enemies":"Jaw Worm","floor":2.0,"turns":3.0},{"damage":1.0,"enemies":"2 Louse","floor":4.0,"turns":4.0},{"damage":9.0,"enemies":"Exordium Wildlife","floor":5.0,"turns":4.0},{"damage":10.0,"enemies":"Lagavulin","floor":7.0,"turns":6.0},{"damage":0.0,"enemies":"2 Fungi Beasts","floor":10.0,"turns":3.0},{"damage":6.0,"enemies":"Lots of Slimes","floor":11.0,"turns":6.0},{"damage":0.0,"enemies":"3 Sentries","floor":12.0,"turns":6.0},{"damage":0.0,"enemies":"Looter","floor":13.0,"turns":3.0},{"damage":0.0,"enemies":"Blue Slaver","floor":14.0,"turns":3.0},{"damage":46.0,"enemies":"Slime Boss","floor":16.0,"turns":10.0},{"damage":9.0,"enemies":"2 Thieves","floor":18.0,"turns":4.0},{"damage":0.0,"enemies":"Chosen","floor":20.0,"turns":5.0},{"damage":9.0,"enemies":"Shelled Parasite and Fungi","floor":21.0,"turns":6.0},{"damage":5.0,"enemies":"Snake Plant","floor":24.0,"turns":3.0},{"damage":0.0,"enemies":"3 Cultists","floor":27.0,"turns":5.0},{"damage":0.0,"enemies":"Cultist and Chosen","floor":29.0,"turns":5.0},{"damage":0.0,"enemies":"Snecko","floor":30.0,"turns":4.0},{"damage":0.0,"enemies":"Champ","floor":33.0,"turns":11.0},{"damage":0.0,"enemies":"Orb Walker","floor":35.0,"turns":4.0},{"damage":4,"enemies":"3 Shapes","floor":37,"turns":5},{"damage":0,"enemies":"Maw","floor":41,"turns":8},{"damage":0,"enemies":"Transient","floor":46,"turns":6},{"damage":0,"enemies":"Sphere and 2 Shapes","floor":48,"turns":5},{"damage":6,"enemies":"Awakened One","floor":50,"turns":16},{"damage":15,"enemies":"Time Eater","floor":51,"turns":14}],"seed_played":"-122387213582289559","potions_obtained":[{"floor":2.0,"key":"Poison Potion"},{"floor":3.0,"key":"Fire Potion"},{"floor":5.0,"key":"GamblersBrew"},{"floor":12.0,"key":"Swift Potion"},{"floor":30.0,"key":"Block Potion"},{"floor":35.0,"key":"EntropicBrew"},{"floor":41,"key":"SkillPotion"},{"floor":48,"key":"Ancient Potion"}],"is_trial":false,"path_per_floor":["M","M","?","M","M","R","E","R","T","M","M","E","M","M","R","B",null,"M","$","M","M","?","R","M","R","T","M","R","M","M","$","R","B",null,"M","?","M","T","?","R","M","R","T","?","T","M","R","M","R","B","B",null],"character_chosen":"DEFECT","items_purchased":["Meteor Strike","Self Repair","Tiny Chest","Defragment"],"campfire_rested":2,"item_purchase_floors":[19,19,19,31],"current_hp_per_floor":[63,54,54,53,44,65,55,55,55,55,49,49,49,49,70,24,59,50,50,57,55,55,55,57,57,57,64,64,71,71,71,71,71,71,71,71,71,71,71,71,71,71,71,71,71,71,71,71,71,71,71],"gold":104,"neow_bonus":"BOSS_RELIC","is_prod":false,"is_daily":false,"chose_seed":false,"campfire_upgraded":7,"win_rate":0,"timestamp":1552430611,"path_taken":["M","?","?","M","M","R","E","R","T","M","M","E","?","M","R","BOSS","M","$","M","M","?","R","M","R","T","M","R","M","M","$","R","BOSS","M","?","M","?","?","R","?","R","T","?","?","M","R","M","R","BOSS","BOSS"],"build_version":"2019-01-23","purchased_purges":0,"victory":true,"max_hp_per_floor":[71,71,71,71,71,71,71,71,71,71,71,71,71,71,71,71,71,71,71,71,71,71,71,71,71,71,71,71,71,71,71,71,71,71,71,71,71,71,71,71,71,71,71,71,71,71,71,71,71,71,71],"card_choices":[{"not_picked":["Redo","Darkness","Steam"],"picked":"SKIP","floor":1.0},{"not_picked":["Rebound","Redo"],"picked":"Conserve Battery","floor":2.0},{"not_picked":["Scrape","Fusion"],"picked":"Sunder","floor":4.0},{"not_picked":["Streamline","Redo"],"picked":"Undo","floor":5.0},{"not_picked":["Sweeping Beam","Genetic Algorithm"],"picked":"Fusion","floor":7.0},{"not_picked":["Redo","Hologram"],"picked":"Force Field","floor":10.0},{"not_picked":["Compile Driver","Rebound"],"picked":"White Noise","floor":11.0},{"not_picked":["Ball Lightning","Skim","Rip and Tear"],"picked":"SKIP","floor":12.0},{"not_picked":["Static Discharge","Hello World","Cold Snap"],"picked":"SKIP","floor":13.0},{"not_picked":["Chill","Coolheaded","Biased Cognition"],"picked":"SKIP","floor":14.0},{"not_picked":["Rainbow","Hyperbeam"],"picked":"Echo Form","floor":16.0},{"not_picked":["Coolheaded","Compile Driver+1"],"picked":"Force Field","floor":18.0},{"not_picked":["Double Energy","Recycle","Compile Driver"],"picked":"SKIP","floor":20.0},{"not_picked":["Recycle","Conserve Battery"],"picked":"Streamline+1","floor":21.0},{"not_picked":["Steam","Melter"],"picked":"Glacier","floor":24.0},{"not_picked":["Conserve Battery","Steam","Melter"],"picked":"SKIP","floor":27.0},{"not_picked":["BootSequence","Steam","Rebound"],"picked":"SKIP","floor":29.0},{"not_picked":["Self Repair","Skim+1","Coolheaded"],"picked":"SKIP","floor":30.0},{"not_picked":["Reboot","Amplify"],"picked":"Buffer","floor":33.0},{"not_picked":["Steam Power","Gash+1","Hello World"],"picked":"SKIP","floor":35.0},{"not_picked":["Trip","Forethought"],"picked":"Apotheosis","floor":36},{"not_picked":["Consume+1","Rebound"],"picked":"White Noise","floor":37},{"not_picked":["Stack+1","Compile Driver","Cold Snap+1"],"picked":"SKIP","floor":41},{"not_picked":["Conserve Battery","Consume","Streamline"],"picked":"SKIP","floor":46},{"not_picked":["Streamline+1","Doom and Gloom"],"picked":"Force Field","floor":48}],"player_experience":1359277,"relics_obtained":[{"floor":7.0,"key":"Thread and Needle"},{"floor":9.0,"key":"Darkstone Periapt"},{"floor":12.0,"key":"Art of War"},{"floor":26.0,"key":"Potion Belt"},{"floor":38,"key":"Gremlin Horn"},{"floor":43,"key":"Shovel"},{"floor":45,"key":"Mummified Hand"},{"floor":47,"key":"Kunai"},{"floor":49,"key":"Letter Opener"}],"event_choices":[{"damage_healed":0.0,"max_hp_gain":0.0,"max_hp_loss":0.0,"gold_gain":0.0,"event_name":"The Woman in Blue","player_choice":"Bought 1 Potion","floor":3.0,"gold_loss":0.0,"damage_taken":0.0},{"damage_healed":0.0,"max_hp_gain":0.0,"max_hp_loss":0.0,"gold_gain":0.0,"cards_transformed":["Strike_B","Defend_B"],"event_name":"Drug Dealer","player_choice":"Became Test Subject","floor":22.0,"gold_loss":0.0,"damage_taken":0.0,"cards_obtained":["Fusion","Melter"]},{"damage_healed":0,"gold_gain":0,"player_choice":"Memory 1","damage_taken":0,"max_hp_gain":0,"max_hp_loss":0,"event_name":"SensoryStone","floor":36,"gold_loss":0},{"damage_healed":0,"gold_gain":0,"player_choice":"Ignored","damage_taken":0,"max_hp_gain":0,"max_hp_loss":0,"event_name":"SecretPortal","floor":39,"gold_loss":0},{"damage_healed":0,"gold_gain":0,"player_choice":"Paid","damage_taken":0,"relics_obtained":["Red Mask"],"max_hp_gain":0,"max_hp_loss":0,"event_name":"Tomb of Lord Red Mask","floor":44,"gold_loss":201}],"is_beta":false,"boss_relics":[{"not_picked":["Busted Crown","Runic Pyramid"],"picked":"Philosopher\u0027s Stone"},{"not_picked":["Velvet Choker","Pandora\u0027s Box","Coffee Dripper"]}],"items_purged_floors":[],"is_endless":false,"potions_floor_spawned":[2,4,5,12,14,18,20,30,35,41,48],"ascension_level":20}