{"gold_per_floor":[110,110,128,19,37,63,75,87,126,148,160,188,217,247,259,373,385,411,442,454,479,509,521,10,10,33,60,94,111,111,111,111,216,216,229,245,47,61,80,80,4,4,4,4,4,4,34,34,34,34],"floor_reached":51,"playtime":2964,"items_purged":["Strike_B","Strike_B","Fusion"],"score":747,"play_id":"0a2515fa-bb75-434b-9411-1213e60f2b49","local_time":"20190213144302","is_ascension_mode":false,"campfire_choices":[{"data":"Genetic Algorithm","floor":7,"key":"SMITH"},{"data":"Chaos","floor":11,"key":"SMITH"},{"floor":15,"key":"REST"},{"data":"Thunder Strike","floor":23,"key":"SMITH"},{"data":"Static Discharge","floor":25,"key":"SMITH"},{"data":"Electrodynamics","floor":30,"key":"SMITH"},{"data":"Discovery","floor":32,"key":"SMITH"},{"data":"Static Discharge","floor":40,"key":"SMITH"},{"data":"Thunder Strike","floor":42,"key":"SMITH"},{"data":"Echo Form","floor":46,"key":"SMITH"},{"data":"Buffer","floor":49,"key":"SMITH"}],"neow_cost":"NONE","seed_source_timestamp":1388427300298533,"circlet_count":0,"master_deck":["Zap","Dualcast","Sweeping Beam","Genetic Algorithm+1","Static Discharge+1","Steam","Chaos+1","Machine Learning","Discovery+1","Conserve Battery","Sweeping Beam","Electrodynamics+1","Double Energy","Thunder Strike+1","Steam+1","Conserve Battery","Redo+1","Echo Form+1","Heatsinks+1","Conserve Battery+1","Conserve Battery","Zap","Creative AI","Gash","Buffer+1","Static Discharge+1","Scrape","Thunder Strike+1","Capacitor+1","Consume+1","Self Repair","Storm+1","Hello World","Dark Shackles","Capacitor"],"relics":["Cracked Core","MawBank","Oddly Smooth Stone","Sozu","MutagenicStrength","Bottled Flame","Anchor","Red Mask","Meat on the Bone","Pandora\u0027s Box","Bottled Lightning","Pen Nib","SsserpentHead"],"potions_floor_usage":[2,6,38,50],"damage_taken":[{"damage":0,"enemies":"Jaw Worm","floor":1,"turns":4},{"damage":1,"enemies":"Cultist","floor":3,"turns":4},{"damage":1,"enemies":"2 Louse","floor":5,"turns":3},{"damage":20,"enemies":"Gremlin Nob","floor":6,"turns":4},{"damage":20,"enemies":"Gremlin Gang","floor":10,"turns":4},{"damage":15,"enemies":"Lots of Slimes","floor":12,"turns":3},{"damage":0,"enemies":"Exordium Thugs","floor":13,"turns":3},{"damage":0,"enemies":"3 Louse","floor":14,"turns":3},{"damage":22,"enemies":"Slime Boss","floor":16,"turns":9},{"damage":6,"enemies":"Spheric Guardian","floor":18,"turns":4},{"damage":7,"enemies":"Shell Parasite","floor":19,"turns":5},{"damage":7,"enemies":"Snecko","floor":21,"turns":4},{"damage":6,"enemies":"Cultist and Chosen","floor":22,"turns":5},{"damage":0,"enemies":"Masked Bandits","floor":27,"turns":2},{"damage":0,"enemies":"Gremlin Leader","floor":28,"turns":4},{"damage":3,"enemies":"Shelled Parasite and Fungi","floor":29,"turns":6},{"damage":32,"enemies":"Collector","floor":33,"turns":5},{"damage":0,"enemies":"3 Shapes","floor":35,"turns":4},{"damage":0,"enemies":"Orb Walker","floor":36,"turns":4},{"damage":29,"enemies":"Writhing Mass","floor":38,"turns":5},{"damage":0,"enemies":"3 Darklings","floor":39,"turns":4},{"damage":1,"enemies":"Nemesis","floor":47,"turns":5},{"damage":30,"enemies":"Donu and Deca","floor":50,"turns":5}],"seed_played":"2457778570577804948","potions_obtained":[{"floor":2,"key":"Fruit Juice"},{"floor":2,"key":"SneckoOil"},{"floor":2,"key":"FearPotion"},{"floor":3,"key":"Poison Potion"},{"floor":14,"key":"SkillPotion"},{"floor":16,"key":"FearPotion"}],"is_trial":false,"path_per_floor":["M","?","M","$","M","E","R","?","T","M","R","M","M","M","R","B",null,"M","M","?","M","M","R","$","R","T","?","E","M","R","?","R","B",null,"M","M","$","M","M","R","$","R","T","?","?","R","E","?","R","B",null],"character_chosen":"DEFECT","items_purchased":["Static Discharge","Echo Form","Bottled Flame","Self Repair","Hello World"],"campfire_rested":1,"item_purchase_floors":[4,24,24,37,41],"current_hp_per_floor":[82,87,86,86,85,65,65,65,65,45,45,30,30,30,56,34,87,81,74,74,67,61,61,61,61,61,61,61,58,58,58,58,38,87,87,87,87,58,58,58,58,58,58,58,58,58,64,64,64,46],"gold":34,"neow_bonus":"TEN_PERCENT_HP_BONUS","is_prod":false,"is_daily":false,"chose_seed":false,"campfire_upgraded":10,"win_rate":0.0,"timestamp":1550086982,"path_taken":["M","?","M","$","?","E","R","?","T","M","R","M","?","M","R","BOSS","M","?","?","M","M","R","$","R","T","?","E","M","R","?","R","BOSS","M","M","$","?","M","R","$","R","T","?","?","R","E","?","R","BOSS"],"build_version":"2019-01-03v4","purchased_purges":3,"victory":true,"max_hp_per_floor":[82,87,87,87,87,87,87,87,87,87,87,87,87,87,87,87,87,87,87,87,87,87,87,87,87,87,87,87,87,87,87,87,87,87,87,87,87,87,87,87,87,87,87,87,87,87,87,87,87,87],"card_choices":[{"not_picked":["Tempest","Stack"],"picked":"Sweeping Beam","floor":1},{"not_picked":["Fusion","Sweeping Beam"],"picked":"Genetic Algorithm","floor":3},{"not_picked":["Conserve Battery","Hologram"],"picked":"Steam","floor":5},{"not_picked":["Stack","Sweeping Beam"],"picked":"Chaos","floor":6},{"not_picked":["Doom and Gloom","Rebound"],"picked":"Conserve Battery","floor":10},{"not_picked":["Barrage","Rebound"],"picked":"Sweeping Beam","floor":12},{"not_picked":["Capacitor","Ball Lightning"],"picked":"Electrodynamics","floor":13},{"not_picked":["Steam","Gash"],"picked":"Double Energy","floor":14},{"not_picked":["Multi-Cast","Fission"],"picked":"Thunder Strike","floor":16},{"not_picked":["Streamline","Go for the Eyes+1"],"picked":"Steam+1","floor":18},{"not_picked":["Force Field+1","Gash"],"picked":"Conserve Battery","floor":19},{"not_picked":["Sweeping Beam","Reprogram"],"picked":"Redo+1","floor":21},{"not_picked":["Redo+1","Go for the Eyes","Compile Driver+1"],"picked":"SKIP","floor":22},{"not_picked":["Rip and Tear","Double Energy"],"picked":"Heatsinks+1","floor":27},{"not_picked":["Auto Shields","Ball Lightning"],"picked":"Conserve Battery+1","floor":28},{"not_picked":["Hologram+1","Cold Snap"],"picked":"Conserve Battery","floor":29},{"not_picked":["Buffer","Multi-Cast"],"picked":"Creative AI","floor":33},{"not_picked":["Rip and Tear","Sweeping Beam"],"picked":"Capacitor+1","floor":35},{"not_picked":["Steam","Redo"],"picked":"Consume+1","floor":36},{"not_picked":["Reinforced Body","Barrage+1"],"picked":"Skim","floor":38},{"not_picked":["Beam Cell","Chaos+1"],"picked":"Storm+1","floor":39},{"not_picked":["Finesse","Violence"],"picked":"Dark Shackles","floor":44},{"not_picked":["Scrape","Self Repair+1"],"picked":"Capacitor","floor":47}],"player_experience":376920,"relics_obtained":[{"floor":6,"key":"MawBank"},{"floor":9,"key":"Oddly Smooth Stone"},{"floor":26,"key":"Anchor"},{"floor":27,"key":"Red Mask"},{"floor":28,"key":"Meat on the Bone"},{"floor":43,"key":"Bottled Lightning"},{"floor":47,"key":"Pen Nib"}],"event_choices":[{"damage_healed":0,"gold_gain":0,"player_choice":"Got Potions","damage_taken":0,"max_hp_gain":0,"max_hp_loss":0,"event_name":"Lab","floor":2,"gold_loss":0},{"damage_healed":0,"gold_gain":0,"player_choice":"2 cards matched","damage_taken":0,"max_hp_gain":0,"max_hp_loss":0,"event_name":"Match and Keep!","floor":8,"gold_loss":0,"cards_obtained":["Machine Learning","Discovery"]},{"damage_healed":0,"gold_gain":0,"player_choice":"Inject Mutagens","damage_taken":0,"relics_obtained":["MutagenicStrength"],"max_hp_gain":0,"max_hp_loss":0,"event_name":"Drug Dealer","floor":20,"gold_loss":0},{"damage_healed":0,"gold_gain":0,"player_choice":"Fought Bandits","damage_taken":0,"max_hp_gain":0,"max_hp_loss":0,"event_name":"Masked Bandits","floor":27,"gold_loss":0},{"damage_healed":0,"gold_gain":0,"player_choice":"1 cards matched","damage_taken":0,"max_hp_gain":0,"max_hp_loss":0,"event_name":"Match and Keep!","floor":31,"gold_loss":0,"cards_obtained":["Zap"]},{"damage_healed":0,"gold_gain":0,"player_choice":"Memory 1","damage_taken":0,"max_hp_gain":0,"max_hp_loss":0,"event_name":"SensoryStone","floor":44,"gold_loss":0},{"cards_removed":["Skim"],"damage_healed":0,"gold_gain":0,"player_choice":"Removed Skill","damage_taken":0,"max_hp_gain":0,"max_hp_loss":0,"event_name":"Falling","floor":45,"gold_loss":0},{"damage_healed":0,"gold_gain":0,"player_choice":"Trade","damage_taken":0,"relics_obtained":["SsserpentHead"],"max_hp_gain":0,"max_hp_loss":0,"event_name":"FaceTrader","floor":48,"gold_loss":0}],"is_beta":false,"boss_relics":[{"not_picked":["Black Star","Astrolabe"],"picked":"Sozu"},{"not_picked":["Velvet Choker","Fusion Hammer"],"picked":"Pandora\u0027s Box"}],"items_purged_floors":[4,24,37],"is_endless":false,"potions_floor_spawned":[3,5,14,16,21,28,29,33,47],"ascension_level":0}