{"gold_per_floor":[118,118,9,28,44,72,72,88,142,142,142,142,154,173,173,173],"floor_reached":16,"playtime":720,"items_purged":["Strike_R"],"score":102,"play_id":"1a0e1c45-8867-4e8b-817e-8a08b2559b85","local_time":"20190313111212","is_ascension_mode":false,"campfire_choices":[{"data":"Rampage","floor":7,"key":"SMITH"},{"floor":11,"key":"REST"},{"data":"Limit Break","floor":15,"key":"SMITH"}],"neow_cost":"NONE","seed_source_timestamp":92601689442317,"circlet_count":0,"master_deck":["Strike_R","Strike_R","Strike_R","Strike_R","Defend_R","Defend_R","Defend_R","Defend_R","Bash+1","Deep Breath","Bash","Rampage+1","Iron Wave","Inflame+1","Limit Break+1"],"relics":["Burning Blood","Frozen Egg 2","Boot"],"potions_floor_usage":[12,14,14,14,16],"damage_taken":[{"damage":11,"enemies":"Jaw Worm","floor":1,"turns":3},{"damage":6,"enemies":"Cultist","floor":4,"turns":3},{"damage":7,"enemies":"2 Louse","floor":5,"turns":2},{"damage":36,"enemies":"Lagavulin","floor":6,"turns":5},{"damage":28,"enemies":"Lots of Slimes","floor":8,"turns":6},{"damage":13,"enemies":"2 Fungi Beasts","floor":13,"turns":3},{"damage":14,"enemies":"Gremlin Gang","floor":14,"turns":2},{"damage":38,"enemies":"The Guardian","floor":16,"turns":4}],"seed_played":"-343700685667506513","potions_obtained":[{"floor":4,"key":"Fire Potion"},{"floor":6,"key":"Fire Potion"},{"floor":12,"key":"Fruit Juice"},{"floor":12,"key":"AttackPotion"},{"floor":14,"key":"Weak Potion"}],"is_trial":false,"path_per_floor":["M","?","$","M","M","E","R","M","T","?","R","?","M","M","R","B"],"character_chosen":"IRONCLAD","items_purchased":["Rampage"],"campfire_rested":1,"item_purchase_floors":[3],"current_hp_per_floor":[75,75,75,75,74,44,44,22,22,22,46,51,44,36,36,0],"gold":173,"neow_bonus":"UPGRADE_CARD","is_prod":false,"is_daily":false,"chose_seed":false,"campfire_upgraded":2,"win_rate":0.0,"timestamp":1552489932,"path_taken":["M","?","$","?","M","E","R","M","T","?","R","?","M","M","R","BOSS"],"build_version":"2019-01-23","purchased_purges":1,"victory":false,"max_hp_per_floor":[80,80,80,80,80,80,80,80,80,80,80,85,85,85,85,85],"card_choices":[{"not_picked":["Clash","Spot Weakness","Perfected Strike"],"picked":"SKIP","floor":1},{"not_picked":["Perfected Strike","Combust","True Grit"],"picked":"SKIP","floor":4},{"not_picked":["Flex","Thunderclap","Seeing Red"],"picked":"SKIP","floor":5},{"not_picked":["Wild Strike","Corruption"],"picked":"Iron Wave","floor":6},{"not_picked":["Evolve+1","Whirlwind"],"picked":"Inflame+1","floor":8},{"not_picked":["Corruption+1","Sword Boomerang"],"picked":"Limit Break","floor":13},{"not_picked":["Reckless Charge","Headbutt","Wild Strike"],"picked":"SKIP","floor":14}],"player_experience":35041,"relics_obtained":[{"floor":6,"key":"Frozen Egg 2"},{"floor":9,"key":"Boot"}],"event_choices":[{"damage_healed":0,"gold_gain":0,"player_choice":"2 cards matched","damage_taken":0,"max_hp_gain":0,"max_hp_loss":0,"event_name":"Match and Keep!","floor":2,"gold_loss":0,"cards_obtained":["Deep Breath","Bash"]},{"damage_healed":0,"gold_gain":0,"player_choice":"Ignored","damage_taken":0,"max_hp_gain":0,"max_hp_loss":0,"event_name":"Liars Game","floor":10,"gold_loss":0},{"damage_healed":0,"gold_gain":0,"player_choice":"Got Potions","damage_taken":0,"max_hp_gain":0,"max_hp_loss":0,"event_name":"Lab","floor":12,"gold_loss":0}],"is_beta":false,"boss_relics":[],"items_purged_floors":[3],"is_endless":false,"potions_floor_spawned":[4,6,13,14],"killed_by":"The Guardian","ascension_level":0}