{"gold_per_floor":[113,131,151,169,169,169,244,254,254,265,265,298,298,58,58,153,153,172,172,186,204,204,204,236,236,236,246,305,318,318,35,35,35],"floor_reached":33,"playtime":9689,"items_purged":["Writhe"],"score":362,"play_id":"e6f434aa-ed75-4b43-b7b4-d61fd5381e2b","local_time":"20190306140531","is_ascension_mode":false,"campfire_choices":[{"data":"Zap","floor":6.0,"key":"SMITH"},{"floor":11.0,"key":"REST"},{"data":"Metamorphosis","floor":15.0,"key":"SMITH"},{"floor":23,"key":"REST"},{"data":"Defragment","floor":30,"key":"SMITH"},{"data":"Seek","floor":32,"key":"SMITH"}],"neow_cost":"NONE","seed_source_timestamp":0,"circlet_count":0,"master_deck":["Defend_B","Defend_B","Defend_B","Defend_B","Zap+1","Dualcast","Conserve Battery","Cold Snap","Darkness","Compile Driver","Cold Snap","Double Energy","Go for the Eyes","Redo","Metamorphosis+1","Electrodynamics","Stack","Seek+1","Scrape","Zap","Beam Cell","Defragment+1","Steam","Bite+1","Bite+1","Bite+1","Bite+1","Bite+1","Skim+1","Static Discharge+1","Leap+1","Blizzard+1","Cold Snap+1","Conserve Battery"],"special_seed":0,"relics":["Cracked Core","Regal Pillow","Pen Nib","Nuclear Battery","Molten Egg 2","PreservedInsect","Mercury Hourglass","Tiny Chest"],"potions_floor_usage":[24,28,29,29,33],"damage_taken":[{"damage":0.0,"enemies":"Small Slimes","floor":1.0,"turns":4.0},{"damage":0.0,"enemies":"2 Louse","floor":2.0,"turns":2.0},{"damage":0.0,"enemies":"Cultist","floor":3.0,"turns":3.0},{"damage":7.0,"enemies":"Exordium Wildlife","floor":4.0,"turns":3.0},{"damage":8.0,"enemies":"3 Louse","floor":8.0,"turns":4.0},{"damage":11.0,"enemies":"Exordium Thugs","floor":10.0,"turns":3.0},{"damage":10.0,"enemies":"3 Sentries","floor":12.0,"turns":6.0},{"damage":0.0,"enemies":"Slime Boss","floor":16.0,"turns":6.0},{"damage":15.0,"enemies":"2 Thieves","floor":18.0,"turns":4.0},{"damage":4.0,"enemies":"Shell Parasite","floor":20.0,"turns":5.0},{"damage":18.0,"enemies":"Sentry and Sphere","floor":21.0,"turns":4.0},{"damage":34,"enemies":"Slavers","floor":24,"turns":3},{"damage":27,"enemies":"Snecko","floor":27,"turns":5},{"damage":12,"enemies":"Book of Stabbing","floor":28,"turns":5},{"damage":6,"enemies":"Shelled Parasite and Fungi","floor":29,"turns":5},{"damage":72,"enemies":"Automaton","floor":33,"turns":6}],"seed_played":"-3018476890158630912","potions_obtained":[{"floor":1.0,"key":"GamblersBrew"},{"floor":2.0,"key":"Block Potion"},{"floor":10.0,"key":"SteroidPotion"},{"floor":12.0,"key":"GamblersBrew"},{"floor":21.0,"key":"Swift Potion"},{"floor":24,"key":"Regen Potion"},{"floor":27,"key":"Swift Potion"},{"floor":28,"key":"SpeedPotion"}],"is_trial":false,"path_per_floor":["?","?","?","?","M","?","?"],"character_chosen":"DEFECT","items_purchased":["Redo","Metamorphosis","Blizzard+1","FocusPotion","Cold Snap+1","Conserve Battery"],"campfire_rested":2,"item_purchase_floors":[14,14,31,31,31,31],"current_hp_per_floor":[82,82,82,75,75,75,64,56,56,45,82,72,72,72,72,72,82,67,67,63,45,45,82,48,48,48,36,53,56,56,56,56,0],"gold":35,"neow_bonus":"TEN_PERCENT_HP_BONUS","is_prod":false,"is_daily":false,"chose_seed":false,"campfire_upgraded":4,"win_rate":0.0,"timestamp":1551877531,"path_taken":["M","M","M","M","?","R","?","M","T","M","R","E","?","$","R","BOSS","M","?","M","?","?","R","E","?","T","M","E","M","R","$","R","BOSS"],"build_version":"2019-01-23","purchased_purges":1,"victory":false,"max_hp_per_floor":[82,82,82,82,82,82,82,82,82,82,82,82,82,82,82,82,82,82,82,82,82,82,82,82,57,57,57,57,57,57,57,57,57],"card_choices":[{"not_picked":["FTL","Hello World"],"picked":"Conserve Battery","floor":1.0},{"not_picked":["Leap","Tempest"],"picked":"Cold Snap","floor":2.0},{"not_picked":["Sweeping Beam","Go for the Eyes"],"picked":"Darkness","floor":3.0},{"not_picked":["Auto Shields","Redo"],"picked":"Compile Driver","floor":4.0},{"not_picked":["Force Field","Beam Cell"],"picked":"Cold Snap","floor":8.0},{"not_picked":["Leap","FTL"],"picked":"Double Energy","floor":10.0},{"not_picked":["Cold Snap","Fission"],"picked":"Go for the Eyes","floor":12.0},{"not_picked":["Rainbow","Amplify"],"picked":"Electrodynamics","floor":16.0},{"not_picked":["Beam Cell","Sweeping Beam"],"picked":"Stack","floor":18.0},{"not_picked":["Sweeping Beam+1","Compile Driver"],"picked":"Beam Cell","floor":20.0},{"not_picked":["Heatsinks","Glacier"],"picked":"Defragment","floor":21.0},{"not_picked":["Blizzard+1","Aggregate"],"picked":"Steam","floor":24},{"not_picked":["Steam","Gash+1"],"picked":"Skim+1","floor":27},{"not_picked":["Buffer","Chill"],"picked":"Static Discharge+1","floor":28},{"not_picked":["Genetic Algorithm+1","Stack"],"picked":"Leap+1","floor":29}],"player_experience":10636,"relics_obtained":[{"floor":9.0,"key":"Regal Pillow"},{"floor":12.0,"key":"Pen Nib"},{"floor":24,"key":"PreservedInsect"},{"floor":26,"key":"Mercury Hourglass"},{"floor":28,"key":"Tiny Chest"}],"event_choices":[{"damage_healed":0.0,"max_hp_gain":0.0,"max_hp_loss":0.0,"gold_gain":0.0,"event_name":"The Cleric","player_choice":"Leave","floor":5.0,"gold_loss":0.0,"damage_taken":0.0},{"damage_healed":0.0,"max_hp_gain":0.0,"max_hp_loss":0.0,"gold_gain":75.0,"event_name":"World of Goop","player_choice":"Gather Gold","floor":7.0,"gold_loss":0.0,"damage_taken":11.0},{"damage_healed":0.0,"max_hp_gain":0.0,"max_hp_loss":0.0,"gold_gain":0.0,"event_name":"Golden Wing","player_choice":"Ignored","floor":13.0,"gold_loss":0.0,"damage_taken":0.0},{"damage_healed":0.0,"max_hp_gain":0.0,"max_hp_loss":0.0,"gold_gain":0.0,"event_name":"Match and Keep!","player_choice":"3 cards matched","floor":19.0,"gold_loss":0.0,"damage_taken":0.0,"cards_obtained":["Seek","Scrape","Zap"]},{"damage_healed":0.0,"max_hp_gain":0.0,"max_hp_loss":0.0,"gold_gain":0.0,"event_name":"Match and Keep!","player_choice":"3 cards matched","floor":19.0,"gold_loss":0.0,"damage_taken":0.0,"cards_obtained":["Seek","Scrape","Zap"]},{"damage_healed":0.0,"max_hp_gain":0.0,"max_hp_loss":0.0,"gold_gain":0.0,"event_name":"The Mausoleum","player_choice":"Opened","floor":22.0,"gold_loss":0.0,"damage_taken":0.0,"relics_obtained":["Molten Egg 2"],"cards_obtained":["Writhe"]},{"damage_healed":0,"gold_gain":0,"player_choice":"Became a vampire","damage_taken":0,"max_hp_gain":0,"max_hp_loss":25,"event_name":"Vampires","floor":25,"gold_loss":0,"cards_obtained":["Bite","Bite","Bite","Bite","Bite"]}],"is_beta":false,"boss_relics":[{"not_picked":["Empty Cage","White Beast Statue"],"picked":"Nuclear Battery"}],"items_purged_floors":[31],"is_endless":false,"potions_floor_spawned":[1,2,10,12,21,24,27,28],"killed_by":"Automaton","ascension_level":0}