{"gold_per_floor":[111,61,80,97,110,135,149,149,149,149,164,178,178,178,178,277,277,289,289,83,0,11,42,56,82,152,171,48,61,37,51,51,146,146,156,156,0,18,64,97,115,18,73,126,143,176,196,212,212,212,212,212,23,49,49],"floor_reached":55,"playtime":11978,"items_purged":["Shame","Strike_G"],"score":823,"play_id":"a6ad2c0d-de03-4ee4-a955-5405f417fd7f","local_time":"20190311172310","is_ascension_mode":false,"campfire_choices":[{"data":"Bouncing Flask","floor":10.0,"key":"SMITH"},{"floor":13.0,"key":"REST"},{"data":"Footwork","floor":15.0,"key":"SMITH"},{"data":"After Image","floor":32.0,"key":"SMITH"},{"floor":49,"key":"RECALL"},{"data":"Caltrops","floor":52,"key":"SMITH"}],"neow_cost":"NONE","seed_source_timestamp":0,"circlet_count":0,"master_deck":["Defend_G","Defend_G","Defend_G","Strike_G","Strike_G","Survivor","Neutralize","Cloak And Dagger+1","Riddle With Holes+1","Crippling Poison+1","Deflect","Cloak And Dagger","Deadly Poison","Dagger Spray","Bouncing Flask+1","PiercingWail","Footwork+1","Backstab","After Image+1","Prepared+1","Infinite Blades","Flash of Steel","Caltrops+1","Deadly Poison","Poisoned Stab","Dagger Spray","Dagger Throw","Dash","Cloak And Dagger","Blur","Unload","Caltrops","Writhe","Choke","PiercingWail+1","Terror","Dodge and Roll","Blade Dance+1","Parasite","Phantasmal Killer","Metamorphosis","Caltrops+1"],"special_seed":0,"relics":["Astrolabe","Bag of Marbles","Darkstone Periapt","Pen Nib","Question Card","Busted Crown","Bag of Preparation","Boot","Mercury Hourglass","Runic Pyramid","Red Mask","Happy Flower","Vajra","Dream Catcher","Du-Vu Doll","Ancient Tea Set","Oddly Smooth Stone"],"potions_floor_usage":[44,50,50,50],"damage_taken":[{"damage":0.0,"enemies":"2 Louse","floor":1.0,"turns":2.0},{"damage":0.0,"enemies":"Jaw Worm","floor":3.0,"turns":3.0},{"damage":0.0,"enemies":"Cultist","floor":4.0,"turns":3.0},{"damage":1.0,"enemies":"Exordium Wildlife","floor":5.0,"turns":4.0},{"damage":35.0,"enemies":"Gremlin Nob","floor":6.0,"turns":6.0},{"damage":2.0,"enemies":"Blue Slaver","floor":7.0,"turns":4.0},{"damage":0.0,"enemies":"3 Louse","floor":11.0,"turns":2.0},{"damage":2.0,"enemies":"Exordium Wildlife","floor":12.0,"turns":4.0},{"damage":8.0,"enemies":"The Guardian","floor":16.0,"turns":8.0},{"damage":0.0,"enemies":"3 Byrds","floor":18.0,"turns":4.0},{"damage":0.0,"enemies":"Chosen","floor":22.0,"turns":3.0},{"damage":0.0,"enemies":"Gremlin Leader","floor":23.0,"turns":3.0},{"damage":0.0,"enemies":"Shelled Parasite and Fungi","floor":24.0,"turns":1.0},{"damage":10.0,"enemies":"Slavers","floor":25.0,"turns":6.0},{"damage":6.0,"enemies":"Snake Plant","floor":27.0,"turns":3.0},{"damage":2.0,"enemies":"Centurion and Healer","floor":29.0,"turns":4.0},{"damage":0.0,"enemies":"3 Cultists","floor":31.0,"turns":3.0},{"damage":24.0,"enemies":"Champ","floor":33.0,"turns":10.0},{"damage":4,"enemies":"3 Shapes","floor":35,"turns":3},{"damage":3,"enemies":"3 Darklings","floor":38,"turns":3},{"damage":0,"enemies":"Reptomancer","floor":40,"turns":8},{"damage":0,"enemies":"Sphere and 2 Shapes","floor":41,"turns":3},{"damage":2,"enemies":"2 Orb Walkers","floor":44,"turns":4},{"damage":7,"enemies":"Writhing Mass","floor":45,"turns":5},{"damage":27,"enemies":"Giant Head","floor":46,"turns":8},{"damage":0,"enemies":"Transient","floor":47,"turns":5},{"damage":0,"enemies":"Jaw Worm Horde","floor":48,"turns":3},{"damage":39,"enemies":"Awakened One","floor":50,"turns":13},{"damage":24,"enemies":"Shield and Spear","floor":54,"turns":5},{"damage":66,"enemies":"The Heart","floor":55,"turns":3}],"seed_played":"968890694657248139","potions_obtained":[{"floor":1.0,"key":"Dexterity Potion"},{"floor":3.0,"key":"SneckoOil"},{"floor":6.0,"key":"Weak Potion"},{"floor":7.0,"key":"SteroidPotion"},{"floor":24.0,"key":"FearPotion"},{"floor":25.0,"key":"Regen Potion"},{"floor":29.0,"key":"EssenceOfSteel"},{"floor":31.0,"key":"AttackPotion"},{"floor":40,"key":"Fire Potion"},{"floor":41,"key":"SpeedPotion"},{"floor":44,"key":"AttackPotion"},{"floor":45,"key":"SkillPotion"},{"floor":48,"key":"Regen Potion"},{"floor":54,"key":"Energy Potion"}],"is_trial":false,"path_per_floor":["?","T","M","?","?","?","$","?","?","T","$","?"],"character_chosen":"THE_SILENT","items_purchased":["Infinite Blades","Flash of Steel","Dagger Throw","Cloak And Dagger","Terror","Dodge and Roll","Metamorphosis"],"campfire_rested":1,"item_purchase_floors":[20,20,28,30,42,42,53],"current_hp_per_floor":[70,70,70,70,69,34,32,32,32,32,32,30,51,33,33,25,70,70,76,76,76,76,76,76,66,66,60,60,58,58,58,58,49,76,72,82,82,79,79,79,79,79,79,77,76,49,49,49,49,24,88,88,88,64,0],"gold":49,"neow_bonus":"BOSS_RELIC","is_prod":false,"is_daily":false,"chose_seed":false,"campfire_upgraded":4,"win_rate":0,"timestamp":1552321390,"path_taken":["M","?","M","M","M","E","M","?","T","R","M","?","R","?","R","BOSS","M","?","$","?","M","E","M","E","T","M","?","M","$","M","R","BOSS","M","?","?","M","?","E","M","?","T","?","M","E","M","M","R","BOSS","R","$","E","BOSS"],"build_version":"2019-01-23","purchased_purges":2,"victory":false,"max_hp_per_floor":[70,70,70,70,70,70,70,70,70,70,70,70,70,70,70,70,70,70,76,76,76,76,76,76,76,76,76,76,76,76,76,76,76,76,76,82,82,82,82,82,82,82,82,82,88,88,88,88,88,88,88,88,88,88,88],"card_choices":[{"not_picked":["Choke","Underhanded Strike"],"picked":"Deflect","floor":1.0},{"not_picked":["Expertise","Dagger Spray"],"picked":"Cloak And Dagger","floor":3.0},{"not_picked":["Tactician","Expertise"],"picked":"Deadly Poison","floor":4.0},{"not_picked":["Masterful Stab","Eviscerate"],"picked":"Dagger Spray","floor":5.0},{"not_picked":["Caltrops","Prepared"],"picked":"Bouncing Flask","floor":6.0},{"not_picked":["Dagger Throw","Tactician"],"picked":"PiercingWail","floor":7.0},{"not_picked":["Flying Knee","Wraith Form v2"],"picked":"Footwork","floor":11.0},{"not_picked":["Deadly Poison","Blur"],"picked":"Backstab","floor":12.0},{"not_picked":["Venomology","Unload","Envenom"],"picked":"After Image","floor":16.0},{"not_picked":["Dagger Throw+1"],"picked":"Prepared+1","floor":18.0},{"not_picked":["Poisoned Stab"],"picked":"Caltrops","floor":22.0},{"not_picked":["Acrobatics","Quick Slash"],"picked":"SKIP","floor":23.0},{"not_picked":["PiercingWail"],"picked":"Deadly Poison","floor":24.0},{"not_picked":["Acrobatics+1"],"picked":"Poisoned Stab","floor":25.0},{"not_picked":["Slice+1"],"picked":"Dagger Spray","floor":27.0},{"not_picked":["Die Die Die"],"picked":"Dash","floor":29.0},{"not_picked":["Acrobatics+1"],"picked":"Blur","floor":31.0},{"not_picked":["Bullet Time"],"picked":"Unload","floor":33.0},{"not_picked":["Dagger Throw"],"picked":"Caltrops","floor":35},{"not_picked":["Dagger Spray","Expertise"],"picked":"SKIP","floor":38},{"not_picked":["Dagger Spray"],"picked":"Choke","floor":40},{"not_picked":["Dagger Throw"],"picked":"PiercingWail+1","floor":41},{"not_picked":["Flechettes"],"picked":"Blade Dance+1","floor":44},{"not_picked":["PiercingWail+1","Endless Agony"],"picked":"SKIP","floor":45},{"not_picked":["Escape Plan"],"picked":"Phantasmal Killer","floor":46},{"not_picked":["Bane+1","Backflip"],"picked":"SKIP","floor":47},{"not_picked":["Slice+1","Endless Agony+1"],"picked":"SKIP","floor":48},{"not_picked":["Calculated Gamble+1"],"picked":"Caltrops+1","floor":54}],"player_experience":144095,"relics_obtained":[{"floor":6.0,"key":"Bag of Marbles"},{"floor":8.0,"key":"Darkstone Periapt"},{"floor":9.0,"key":"Pen Nib"},{"floor":23.0,"key":"Boot"},{"floor":25.0,"key":"Mercury Hourglass"},{"floor":39,"key":"Happy Flower"},{"floor":40,"key":"Vajra"},{"floor":43,"key":"Dream Catcher"},{"floor":44,"key":"Du-Vu Doll"},{"floor":46,"key":"Ancient Tea Set"},{"floor":54,"key":"Oddly Smooth Stone"}],"event_choices":[{"cards_removed":["Strike_G"],"damage_healed":0.0,"max_hp_gain":0.0,"max_hp_loss":0.0,"gold_gain":0.0,"event_name":"The Cleric","player_choice":"Card Removal","floor":2.0,"gold_loss":50.0,"damage_taken":0.0},{"damage_healed":0.0,"max_hp_gain":0.0,"max_hp_loss":0.0,"gold_gain":0.0,"event_name":"Scrap Ooze","player_choice":"Success","floor":14.0,"gold_loss":0.0,"damage_taken":18.0,"relics_obtained":["Question Card"]},{"damage_healed":0.0,"max_hp_gain":0.0,"max_hp_loss":0.0,"gold_gain":0.0,"event_name":"Addict","player_choice":"Stole Relic","floor":19.0,"gold_loss":0.0,"damage_taken":0.0,"relics_obtained":["Bag of Preparation"],"cards_obtained":["Shame"]},{"damage_healed":0.0,"max_hp_gain":0.0,"max_hp_loss":0.0,"gold_gain":0.0,"event_name":"Masked Bandits","player_choice":"Paid Fearfully","floor":21.0,"gold_loss":83.0,"damage_taken":0.0},{"damage_healed":19,"gold_gain":0,"player_choice":"Writhe","damage_taken":0,"max_hp_gain":0,"max_hp_loss":0,"event_name":"Winding Halls","floor":36,"gold_loss":0,"cards_obtained":["Writhe"]},{"damage_healed":0,"gold_gain":0,"player_choice":"Paid","damage_taken":0,"relics_obtained":["Red Mask"],"max_hp_gain":0,"max_hp_loss":0,"event_name":"Tomb of Lord Red Mask","floor":37,"gold_loss":156},{"damage_healed":0,"gold_gain":0,"player_choice":"Fight","damage_taken":0,"max_hp_gain":0,"max_hp_loss":0,"event_name":"Mysterious Sphere","floor":44,"gold_loss":0}],"is_beta":false,"boss_relics":[{"not_picked":["Sozu","Black Star"],"picked":"Busted Crown"},{"not_picked":["Snecko Eye","Coffee Dripper"],"picked":"Runic Pyramid"}],"items_purged_floors":[20,28],"is_endless":false,"potions_floor_spawned":[1,3,6,7,24,25,29,31,40,41,44,45,48,54],"killed_by":"The Heart","ascension_level":0}