{"gold_per_floor":[113,113,123,123,198,233,233,260,309,334,401,413,429,439,439,510,510,530,52,71,86,86,86,112,131,178,178,178],"floor_reached":28,"playtime":892,"items_purged":[],"score":566,"play_id":"2642a88d-2571-448d-84a1-cbd752673afc","local_time":"20190303004522","is_ascension_mode":true,"campfire_choices":[{"data":"Streamline","floor":7,"key":"SMITH"},{"data":"Defragment","floor":15,"key":"SMITH"},{"data":"Electrodynamics","floor":23,"key":"SMITH"},{"data":"Rainbow","floor":27,"key":"SMITH"}],"neow_cost":"NONE","seed_source_timestamp":48370084671362,"circlet_count":0,"master_deck":["AscendersBane","Strike_B","Strike_B","Strike_B","Strike_B","Defend_B","Defend_B","Defend_B","Defend_B","Zap","Dualcast","Compile Driver","Cold Snap","Streamline+1","FTL","Electrodynamics+1","Leap","Glacier","Defragment+1","Rainbow+1","Capacitor","Self Repair","Leap","Thunder Strike"],"relics":["Cracked Core","NeowsBlessing","Strawberry","Turnip","Vajra","Blood Vial","Sozu","ClockworkSouvenir","Meat on the Bone","Bronze Scales"],"potions_floor_usage":[8,13,13,16],"damage_taken":[{"damage":0,"enemies":"Cultist","floor":1,"turns":1},{"damage":0,"enemies":"Small Slimes","floor":3,"turns":1},{"damage":0,"enemies":"Gremlin Nob","floor":6,"turns":1},{"damage":9,"enemies":"3 Sentries","floor":8,"turns":8},{"damage":29,"enemies":"Lagavulin","floor":10,"turns":5},{"damage":2,"enemies":"Jaw Worm","floor":12,"turns":2},{"damage":9,"enemies":"3 Louse","floor":13,"turns":2},{"damage":4,"enemies":"Blue Slaver","floor":14,"turns":3},{"damage":1,"enemies":"The Guardian","floor":16,"turns":14},{"damage":6,"enemies":"Shell Parasite","floor":18,"turns":6},{"damage":0,"enemies":"Spheric Guardian","floor":20,"turns":4},{"damage":9,"enemies":"Centurion and Healer","floor":21,"turns":6},{"damage":41,"enemies":"Slavers","floor":24,"turns":6},{"damage":13,"enemies":"Snake Plant","floor":25,"turns":4},{"damage":49,"enemies":"Gremlin Leader","floor":28,"turns":4}],"seed_played":"6069185241491748436","potions_obtained":[{"floor":1,"key":"SteroidPotion"},{"floor":3,"key":"Fire Potion"},{"floor":10,"key":"Fire Potion"},{"floor":13,"key":"Fruit Juice"}],"is_trial":false,"path_per_floor":["M","$","M","$","?","E","R","E","T","E","?","M","M","M","R","B",null,"M","$","M","M","$","R","E","M","T","R","E"],"character_chosen":"DEFECT","items_purchased":["ClockworkSouvenir","Meat on the Bone"],"campfire_rested":0,"item_purchase_floors":[19,19],"current_hp_per_floor":[64,64,64,64,53,60,60,51,51,22,22,22,20,18,18,19,67,63,63,65,65,65,65,38,46,46,46,0],"gold":178,"neow_bonus":"THREE_ENEMY_KILL","is_prod":false,"is_daily":false,"chose_seed":false,"campfire_upgraded":4,"win_rate":0,"timestamp":1551570322,"path_taken":["M","$","M","$","?","E","R","E","T","E","?","?","M","M","R","BOSS","M","$","M","M","$","R","E","M","T","R","E"],"build_version":"2019-02-06","purchased_purges":0,"victory":false,"max_hp_per_floor":[71,71,71,71,71,78,78,78,78,78,78,78,83,83,83,83,83,83,83,83,83,83,83,83,83,83,83,83],"card_choices":[{"not_picked":["Hologram","Gash"],"picked":"Compile Driver","floor":1},{"not_picked":["Hologram","Gash"],"picked":"Cold Snap","floor":3},{"not_picked":["Turbo","Double Energy"],"picked":"Streamline","floor":6},{"not_picked":["Gash","Reinforced Body"],"picked":"FTL","floor":8},{"not_picked":["Glacier","Melter"],"picked":"Electrodynamics","floor":10},{"not_picked":["Go for the Eyes","Redo"],"picked":"Leap","floor":12},{"not_picked":["Barrage","Stack"],"picked":"Glacier","floor":13},{"not_picked":["Beam Cell","Streamline"],"picked":"Defragment","floor":14},{"not_picked":["Thunder Strike","Multi-Cast"],"picked":"Rainbow","floor":16},{"not_picked":["Hologram","White Noise"],"picked":"Capacitor","floor":18},{"not_picked":["Genetic Algorithm","Gash"],"picked":"Self Repair","floor":20},{"not_picked":["Barrage","Rebound"],"picked":"Leap","floor":21},{"not_picked":["Heatsinks","Hologram"],"picked":"Thunder Strike","floor":24},{"not_picked":["Sweeping Beam","Aggregate","Turbo"],"picked":"SKIP","floor":25}],"player_experience":973844,"relics_obtained":[{"floor":6,"key":"Strawberry"},{"floor":8,"key":"Turnip"},{"floor":9,"key":"Vajra"},{"floor":10,"key":"Blood Vial"},{"floor":24,"key":"Bronze Scales"}],"event_choices":[{"damage_healed":0,"gold_gain":75,"player_choice":"Gather Gold","damage_taken":11,"max_hp_gain":0,"max_hp_loss":0,"event_name":"World of Goop","floor":5,"gold_loss":0},{"damage_healed":0,"gold_gain":67,"player_choice":"Gained Gold","damage_taken":0,"max_hp_gain":0,"max_hp_loss":0,"event_name":"Golden Wing","floor":11,"gold_loss":0}],"is_beta":true,"boss_relics":[{"not_picked":["Tiny House","Runic Dome"],"picked":"Sozu"}],"items_purged_floors":[],"is_endless":false,"potions_floor_spawned":[1,3,10,13,18,24],"killed_by":"Gremlin Leader","ascension_level":20}