{"gold_per_floor":[119,119,119,84,9,52,72,86,86,100,100],"floor_reached":11,"playtime":203,"items_purged":[],"score":196,"play_id":"b5a5683f-b2dc-4438-a5b6-50b3028ac332","local_time":"20190305181710","is_ascension_mode":true,"campfire_choices":[],"neow_cost":"NONE","seed_source_timestamp":25930031260457,"circlet_count":0,"master_deck":["AscendersBane","Strike_B","Strike_B","Strike_B","Defend_B","Defend_B","Defend_B","Defend_B","Zap","Dualcast","Rip and Tear","Coolheaded","Coolheaded"],"relics":["Cracked Core","NeowsBlessing","Golden Idol","Du-Vu Doll","Strawberry","Pear"],"potions_floor_usage":[],"damage_taken":[{"damage":0,"enemies":"Small Slimes","floor":1,"turns":1},{"damage":0,"enemies":"Gremlin Nob","floor":6,"turns":1},{"damage":0,"enemies":"2 Louse","floor":7,"turns":1},{"damage":2,"enemies":"Cultist","floor":8,"turns":4},{"damage":5,"enemies":"Blue Slaver","floor":10,"turns":5},{"damage":6,"enemies":"Lagavulin","floor":11,"turns":6}],"seed_played":"614902883826320576","potions_obtained":[{"floor":6,"key":"LiquidBronze"},{"floor":7,"key":"Ancient Potion"}],"is_trial":false,"path_per_floor":["M","?","?","?","?","E","M","M","T","M","E"],"character_chosen":"DEFECT","items_purchased":[],"campfire_rested":0,"item_purchase_floors":[],"current_hp_per_floor":[64,64,57,64,64,71,71,69,79,74,68],"gold":100,"neow_bonus":"THREE_ENEMY_KILL","is_prod":false,"is_daily":false,"chose_seed":false,"campfire_upgraded":0,"win_rate":0,"timestamp":1551806230,"path_taken":["M","?","?","?","?","E","M","M","T","M","E"],"build_version":"2019-02-06","purchased_purges":0,"victory":false,"max_hp_per_floor":[71,64,64,64,64,71,71,71,81,81,81],"card_choices":[{"not_picked":["Turbo","Stack"],"picked":"Rip and Tear","floor":1},{"not_picked":["Lockon","FTL"],"picked":"Coolheaded","floor":6},{"not_picked":["Hologram","Stack"],"picked":"Coolheaded","floor":7},{"not_picked":["Streamline","Sweeping Beam","Rebound"],"picked":"SKIP","floor":8},{"not_picked":["Skim","Streamline","Stack"],"picked":"SKIP","floor":10}],"player_experience":994801,"relics_obtained":[{"floor":6,"key":"Strawberry"},{"floor":9,"key":"Pear"}],"event_choices":[{"damage_healed":0,"gold_gain":0,"player_choice":"Lose Max HP","damage_taken":0,"relics_obtained":["Golden Idol"],"max_hp_gain":0,"max_hp_loss":7,"event_name":"Golden Idol","floor":2,"gold_loss":0},{"cards_removed":["Strike_B"],"damage_healed":0,"gold_gain":0,"player_choice":"Card Removal","damage_taken":7,"max_hp_gain":0,"max_hp_loss":0,"event_name":"Golden Wing","floor":3,"gold_loss":0},{"damage_healed":16,"gold_gain":0,"player_choice":"Healed","damage_taken":0,"max_hp_gain":0,"max_hp_loss":0,"event_name":"The Cleric","floor":4,"gold_loss":35},{"damage_healed":0,"gold_gain":0,"player_choice":"Paid Gold","damage_taken":0,"relics_obtained":["Du-Vu Doll"],"max_hp_gain":0,"max_hp_loss":0,"event_name":"WeMeetAgain","floor":5,"gold_loss":75}],"is_beta":true,"boss_relics":[],"items_purged_floors":[],"is_endless":false,"potions_floor_spawned":[6,7],"killed_by":"Lagavulin","ascension_level":20}