{"gold_per_floor":[109,6,6,6,20,47,60,92,92,112,131,162,181,199,199,199],"floor_reached":16,"playtime":651,"items_purged":["Strike_B"],"score":298,"play_id":"67359344-59df-4460-b961-4c26fcbb8ec7","local_time":"20190306123353","is_ascension_mode":true,"campfire_choices":[{"data":"Loop","floor":15,"key":"SMITH"}],"neow_cost":"NONE","seed_source_timestamp":2496316260022,"circlet_count":0,"master_deck":["AscendersBane","Strike_B","Strike_B","Defend_B","Defend_B","Defend_B","Defend_B","Zap","Dualcast","Chaos","Conserve Battery","Tempest","Electrodynamics","Glacier","Loop+1","Compile Driver","Loop","Cold Snap","Capacitor"],"special_seed":0,"relics":["Cracked Core","NeowsBlessing","Gremlin Horn","Omamori","Turnip","Mercury Hourglass","Shovel"],"potions_floor_usage":[16],"damage_taken":[{"damage":0.0,"enemies":"Small Slimes","floor":1.0,"turns":1.0},{"damage":0.0,"enemies":"Jaw Worm","floor":5.0,"turns":1.0},{"damage":0.0,"enemies":"Lagavulin","floor":6.0,"turns":1.0},{"damage":0.0,"enemies":"Cultist","floor":7.0,"turns":3.0},{"damage":10.0,"enemies":"3 Sentries","floor":8.0,"turns":2.0},{"damage":0.0,"enemies":"Large Slime","floor":10.0,"turns":3.0},{"damage":5.0,"enemies":"Lots of Slimes","floor":11.0,"turns":2.0},{"damage":18.0,"enemies":"Lagavulin","floor":12.0,"turns":7.0},{"damage":7.0,"enemies":"2 Fungi Beasts","floor":13.0,"turns":2.0},{"damage":0.0,"enemies":"Looter","floor":14.0,"turns":3.0},{"damage":6,"enemies":"Hexaghost","floor":16,"turns":10}],"seed_played":"-7542663201458317900","potions_obtained":[{"floor":6.0,"key":"Explosive Potion"},{"floor":8.0,"key":"EssenceOfSteel"},{"floor":11.0,"key":"FearPotion"},{"floor":14.0,"key":"Weak Potion"}],"is_trial":false,"path_per_floor":["M","$","?","?","M","E","M","E","T","M","M","E","M","M","R","B"],"character_chosen":"DEFECT","items_purchased":["Conserve Battery"],"campfire_rested":0,"item_purchase_floors":[2],"current_hp_per_floor":[64,64,53,53,53,53,53,43,43,43,38,20,13,13,13,7],"gold":199,"neow_bonus":"THREE_ENEMY_KILL","is_prod":false,"is_daily":false,"chose_seed":false,"campfire_upgraded":1,"win_rate":0,"timestamp":1551872033,"path_taken":["M","$","?","?","M","E","M","E","T","M","M","E","M","M","R","BOSS"],"build_version":"2019-02-06","purchased_purges":1,"victory":false,"max_hp_per_floor":[71,71,71,71,71,71,71,71,71,71,71,71,71,71,71,71],"card_choices":[{"not_picked":["Beam Cell","Redo"],"picked":"Chaos","floor":1.0},{"not_picked":["Sweeping Beam","Melter"],"picked":"Tempest","floor":5.0},{"not_picked":["Stack","Rip and Tear"],"picked":"Electrodynamics","floor":6.0},{"not_picked":["Ball Lightning","Barrage"],"picked":"Glacier","floor":7.0},{"not_picked":["Redo","Turbo","Reprogram"],"picked":"SKIP","floor":8.0},{"not_picked":["Beam Cell","Streamline"],"picked":"Loop","floor":10.0},{"not_picked":["Streamline","Steam"],"picked":"Compile Driver","floor":11.0},{"not_picked":["Redo","Sweeping Beam"],"picked":"Loop","floor":12.0},{"not_picked":["Ball Lightning","Beam Cell"],"picked":"Cold Snap","floor":13.0},{"not_picked":["Lockon","Gash"],"picked":"Capacitor","floor":14.0}],"player_experience":999883,"relics_obtained":[{"floor":6.0,"key":"Omamori"},{"floor":8.0,"key":"Turnip"},{"floor":9.0,"key":"Mercury Hourglass"},{"floor":12.0,"key":"Shovel"}],"event_choices":[{"damage_healed":0.0,"max_hp_gain":0.0,"max_hp_loss":0.0,"gold_gain":0.0,"event_name":"Scrap Ooze","player_choice":"Success","floor":3.0,"gold_loss":0.0,"damage_taken":11.0,"relics_obtained":["Gremlin Horn"]},{"cards_removed":["Strike_B"],"damage_healed":0.0,"max_hp_gain":0.0,"max_hp_loss":0.0,"gold_gain":0.0,"event_name":"Purifier","player_choice":"Purged","floor":4.0,"gold_loss":0.0,"damage_taken":0.0}],"is_beta":true,"boss_relics":[],"items_purged_floors":[2],"is_endless":false,"potions_floor_spawned":[6,8,11,14],"killed_by":"Hexaghost","ascension_level":20}