{"gold_per_floor":[112,86,86,86,99,139,139,139],"floor_reached":8,"playtime":278,"items_purged":[],"score":108,"play_id":"2f7080f9-003f-466f-bd9d-37caf0b34e60","local_time":"20190310202746","is_ascension_mode":true,"campfire_choices":[{"data":"Rainbow","floor":7,"key":"SMITH"}],"neow_cost":"NONE","seed_source_timestamp":17753062549003,"circlet_count":0,"master_deck":["AscendersBane","Strike_B","Strike_B","Strike_B","Strike_B","Defend_B","Defend_B","Defend_B","Defend_B","Zap","Dualcast","Chill","Ball Lightning","Capacitor","Reboot","BootSequence","Go for the Eyes","Conserve Battery","Cold Snap","Rainbow+1"],"relics":["Orrery","Boot","Golden Idol","Anchor"],"potions_floor_usage":[8],"damage_taken":[{"damage":5,"enemies":"Small Slimes","floor":1,"turns":4},{"damage":0,"enemies":"Jaw Worm","floor":5,"turns":3},{"damage":12,"enemies":"3 Sentries","floor":6,"turns":10},{"damage":20,"enemies":"Gremlin Nob","floor":8,"turns":4}],"seed_played":"5132232739305007959","potions_obtained":[{"floor":6,"key":"AttackPotion"}],"is_trial":false,"path_per_floor":["M","$","?","?","M","E","R","E"],"character_chosen":"DEFECT","items_purchased":["Conserve Battery"],"campfire_rested":0,"item_purchase_floors":[2],"current_hp_per_floor":[59,59,48,48,48,36,36,16],"gold":139,"neow_bonus":"BOSS_RELIC","is_prod":false,"is_daily":false,"chose_seed":false,"campfire_upgraded":1,"win_rate":0,"timestamp":1552246066,"path_taken":["M","$","?","?","M","E","R","E"],"build_version":"2019-02-06","purchased_purges":0,"victory":false,"max_hp_per_floor":[71,71,71,64,64,64,64,64],"card_choices":[{"not_picked":["Compile Driver","Hologram"],"picked":"Chill","floor":0},{"not_picked":["Stack","Hologram"],"picked":"Ball Lightning","floor":0},{"not_picked":["Undo","Sweeping Beam"],"picked":"Capacitor","floor":0},{"not_picked":["Doom and Gloom","Sweeping Beam"],"picked":"Reboot","floor":0},{"not_picked":["Steam Power","Stack"],"picked":"BootSequence","floor":0},{"not_picked":["Fusion","Cold Snap"],"picked":"Go for the Eyes","floor":1},{"not_picked":["Redo","Conserve Battery"],"picked":"Cold Snap","floor":5},{"not_picked":["Chaos","Cold Snap"],"picked":"Rainbow","floor":6}],"player_experience":1005200,"relics_obtained":[{"floor":6,"key":"Anchor"}],"event_choices":[{"damage_healed":0,"gold_gain":0,"player_choice":"Success","damage_taken":11,"relics_obtained":["Boot"],"max_hp_gain":0,"max_hp_loss":0,"event_name":"Scrap Ooze","floor":3,"gold_loss":0},{"damage_healed":0,"gold_gain":0,"player_choice":"Lose Max HP","damage_taken":0,"relics_obtained":["Golden Idol"],"max_hp_gain":0,"max_hp_loss":7,"event_name":"Golden Idol","floor":4,"gold_loss":0}],"is_beta":true,"boss_relics":[],"items_purged_floors":[],"is_endless":false,"potions_floor_spawned":[6],"killed_by":"Gremlin Nob","ascension_level":20}