{"gold_per_floor":[118,129,140,154,174,207,222,237,237,255,255,255,275,287,287,386,386,406,416,416],"floor_reached":20,"playtime":1790,"items_purged":[],"score":184,"play_id":"b679a3bb-893a-407c-9099-e56926d10704","local_time":"20190312142611","is_ascension_mode":false,"campfire_choices":[{"floor":11,"key":"REST"},{"floor":15,"key":"REST"}],"neow_cost":"NONE","seed_source_timestamp":16770403601337,"circlet_count":0,"master_deck":["Strike_B","Strike_B","Strike_B","Strike_B","Defend_B","Defend_B","Defend_B","Defend_B","Zap","Dualcast","Go for the Eyes","Undo","Chaos","Gash","Hello World","Leap","Steam","Creative AI+1","BootSequence","Self Repair","Electrodynamics","Double Energy","Conserve Battery+1"],"relics":["Cracked Core","NeowsBlessing","Happy Flower","Ancient Tea Set","Eternal Feather"],"potions_floor_usage":[19,19,19],"damage_taken":[{"damage":0,"enemies":"2 Louse","floor":1,"turns":1},{"damage":0,"enemies":"Cultist","floor":2,"turns":1},{"damage":0,"enemies":"Small Slimes","floor":3,"turns":1},{"damage":13,"enemies":"2 Fungi Beasts","floor":4,"turns":4},{"damage":0,"enemies":"Large Slime","floor":5,"turns":5},{"damage":40,"enemies":"Gremlin Nob","floor":6,"turns":5},{"damage":0,"enemies":"Looter","floor":7,"turns":4},{"damage":9,"enemies":"Exordium Thugs","floor":8,"turns":5},{"damage":10,"enemies":"Large Slime","floor":10,"turns":6},{"damage":0,"enemies":"Blue Slaver","floor":13,"turns":5},{"damage":10,"enemies":"Looter","floor":14,"turns":4},{"damage":8,"enemies":"Slime Boss","floor":16,"turns":8},{"damage":45,"enemies":"Shell Parasite","floor":18,"turns":7},{"damage":19,"enemies":"3 Byrds","floor":19,"turns":4},{"damage":30,"enemies":"Snecko","floor":20,"turns":4}],"seed_played":"-7576810204696434526","potions_obtained":[{"floor":2,"key":"Weak Potion"},{"floor":3,"key":"Poison Potion"},{"floor":5,"key":"Strength Potion"}],"is_trial":false,"path_per_floor":["M","M","M","M","M","E","M","M","T","M","R","?","M","M","R","B",null,"M","M","M"],"character_chosen":"DEFECT","items_purchased":[],"campfire_rested":2,"item_purchase_floors":[],"current_hp_per_floor":[75,75,75,62,62,22,22,13,13,3,25,25,25,22,44,43,75,37,25,0],"gold":416,"neow_bonus":"THREE_ENEMY_KILL","is_prod":false,"is_daily":false,"chose_seed":false,"campfire_upgraded":0,"win_rate":0.0,"timestamp":1552415171,"path_taken":["M","M","M","M","M","E","M","M","T","M","R","?","M","M","R","BOSS","M","?","M"],"build_version":"2019-01-23","purchased_purges":0,"victory":false,"max_hp_per_floor":[75,75,75,75,75,75,75,75,75,75,75,75,75,75,75,75,75,75,75,75],"card_choices":[{"not_picked":["Tempest","Defragment"],"picked":"Go for the Eyes","floor":1},{"not_picked":["Compile Driver","Streamline"],"picked":"Undo","floor":2},{"not_picked":["Undo","Doom and Gloom"],"picked":"Chaos","floor":3},{"not_picked":["Redo","Hologram"],"picked":"Gash","floor":4},{"not_picked":["Hologram","Force Field"],"picked":"Hello World","floor":5},{"not_picked":["Consume","Barrage"],"picked":"Leap","floor":6},{"not_picked":["Undo","Cold Snap"],"picked":"Steam","floor":7},{"not_picked":["Reprogram","Streamline"],"picked":"Creative AI","floor":8},{"not_picked":["Barrage","Beam Cell"],"picked":"BootSequence","floor":10},{"not_picked":["Stack","Skim"],"picked":"Self Repair","floor":13},{"not_picked":["Consume","Melter","Rip and Tear"],"picked":"SKIP","floor":14},{"not_picked":["Thunder Strike","Seek"],"picked":"Electrodynamics","floor":16},{"not_picked":["Sweeping Beam","Fusion"],"picked":"Double Energy","floor":18},{"not_picked":["Barrage","Rip and Tear"],"picked":"Conserve Battery+1","floor":19}],"player_experience":10193,"relics_obtained":[{"floor":6,"key":"Happy Flower"},{"floor":9,"key":"Ancient Tea Set"}],"event_choices":[{"damage_healed":0,"gold_gain":0,"player_choice":"Upgraded","damage_taken":0,"max_hp_gain":0,"max_hp_loss":0,"event_name":"Upgrade Shrine","floor":12,"gold_loss":0,"cards_upgraded":["Creative AI"]}],"is_beta":false,"boss_relics":[{"not_picked":["Velvet Choker","Snecko Eye"],"picked":"Eternal Feather"}],"items_purged_floors":[],"is_endless":false,"potions_floor_spawned":[2,3,5,10],"killed_by":"Snecko","ascension_level":0}