{"gold_per_floor":[139,139,153,199,199,199,238,238,238,313,354,354,370,388,388,511,511,527,540,555,605,678,713,713,763,763,813,813,834,853,893,893,893],"floor_reached":33,"playtime":732,"items_purged":[],"score":297,"play_id":"b7d25ab4-5d76-421e-98f6-495b9cfb9616","local_time":"20190223000653","is_ascension_mode":false,"campfire_choices":[{"floor":6,"key":"REST"},{"floor":12,"key":"REST"},{"floor":15,"key":"REST"},{"floor":24,"key":"REST"},{"floor":28,"key":"REST"},{"floor":32,"key":"REST"}],"neow_cost":"NONE","seed_source_timestamp":558460339654671,"circlet_count":0,"master_deck":["Strike_R+1","Strike_R","Strike_R","Strike_R","Strike_R","Defend_R","Bash","Anger+1","Flex","Feed","Twin Strike+1","Iron Wave+1","Carnage+1","Anger","Flex+1","Infernal Blade","Forethought","Infernal Blade","Seeing Red","Anger+1","Fire Breathing+1"],"relics":["Burning Blood","Tiny Chest","Golden Idol","Whetstone","Potion Belt","Smiling Mask","SsserpentHead","Bottled Flame","Ornamental Fan","Astrolabe","Pen Nib","Nilry\u0027s Codex","Dodecahedron","Pantograph","Omamori"],"potions_floor_usage":[11,16,16,23,23,29,31,31],"damage_taken":[{"damage":5,"enemies":"Jaw Worm","floor":1,"turns":5},{"damage":7,"enemies":"2 Louse","floor":3,"turns":3},{"damage":36,"enemies":"Lagavulin","floor":7,"turns":4},{"damage":0,"enemies":"Cultist","floor":10,"turns":2},{"damage":28,"enemies":"Gremlin Nob","floor":11,"turns":4},{"damage":6,"enemies":"Looter","floor":13,"turns":2},{"damage":9,"enemies":"Lots of Slimes","floor":14,"turns":4},{"damage":39,"enemies":"Slime Boss","floor":16,"turns":10},{"damage":6,"enemies":"2 Thieves","floor":18,"turns":3},{"damage":6,"enemies":"Spheric Guardian","floor":19,"turns":3},{"damage":8,"enemies":"3 Cultists","floor":20,"turns":5},{"damage":0,"enemies":"Snake Plant","floor":22,"turns":2},{"damage":45,"enemies":"Gremlin Leader","floor":23,"turns":5},{"damage":16,"enemies":"Centurion and Healer","floor":29,"turns":5},{"damage":4,"enemies":"3 Cultists","floor":30,"turns":4},{"damage":18,"enemies":"Slavers","floor":31,"turns":3},{"damage":98,"enemies":"Collector","floor":33,"turns":8}],"seed_played":"-5389363585430013759","potions_obtained":[{"floor":10,"key":"Poison Potion"},{"floor":13,"key":"Explosive Potion"},{"floor":14,"key":"Explosive Potion"},{"floor":18,"key":"Weak Potion"},{"floor":23,"key":"SkillPotion"},{"floor":29,"key":"SkillPotion"},{"floor":30,"key":"AttackPotion"}],"is_trial":false,"path_per_floor":["M","?","M","T","T","R","E","?","T","M","E","R","M","M","R","B",null,"M","M","M","?","M","E","R","?","T","T","R","M","M","E","R","B"],"character_chosen":"IRONCLAD","items_purchased":[],"campfire_rested":6,"item_purchase_floors":[],"current_hp_per_floor":[80,60,59,59,59,80,50,50,50,56,34,58,58,55,79,46,80,83,83,84,60,66,35,60,44,44,44,69,62,64,55,82,0],"gold":893,"neow_bonus":"RANDOM_COMMON_RELIC","is_prod":false,"is_daily":false,"chose_seed":false,"campfire_upgraded":0,"win_rate":0.0,"timestamp":1550909213,"path_taken":["M","?","M","?","?","R","E","?","T","?","E","R","M","M","R","BOSS","M","M","M","?","?","E","R","?","T","?","R","M","M","E","R","BOSS"],"build_version":"2019-01-23","purchased_purges":0,"victory":false,"max_hp_per_floor":[80,80,80,80,80,80,80,80,80,80,80,80,80,80,80,80,80,83,83,86,86,86,86,86,86,86,86,86,89,89,92,92,92],"card_choices":[{"not_picked":["Clash","Iron Wave"],"picked":"Anger","floor":1},{"not_picked":["True Grit","Clash","Perfected Strike"],"picked":"SKIP","floor":3},{"not_picked":["Thunderclap","Sword Boomerang","Twin Strike"],"picked":"SKIP","floor":7},{"not_picked":["Evolve","Pommel Strike","Sever Soul"],"picked":"SKIP","floor":10},{"not_picked":["Barricade","Shrug It Off","Flame Barrier"],"picked":"SKIP","floor":11},{"not_picked":["Wild Strike","Clothesline","Pommel Strike"],"picked":"SKIP","floor":13},{"not_picked":["Limit Break","Spot Weakness"],"picked":"Flex","floor":14},{"not_picked":["Impervious","Limit Break"],"picked":"Feed","floor":16},{"not_picked":["Warcry","True Grit+1"],"picked":"Anger","floor":18},{"not_picked":["Clash+1","Cleave"],"picked":"Flex+1","floor":19},{"not_picked":["Clash","Sword Boomerang"],"picked":"Infernal Blade","floor":20},{"not_picked":["Whirlwind","Cleave+1"],"picked":"Infernal Blade","floor":22},{"not_picked":["Disarm","Offering"],"picked":"Seeing Red","floor":23},{"not_picked":["Ghostly Armor","Perfected Strike","Whirlwind"],"picked":"SKIP","floor":29},{"not_picked":["Wild Strike","Armaments+1"],"picked":"Anger+1","floor":30},{"not_picked":["Pommel Strike","Headbutt+1"],"picked":"Fire Breathing+1","floor":31}],"player_experience":7115,"relics_obtained":[{"floor":4,"key":"Whetstone"},{"floor":5,"key":"Potion Belt"},{"floor":7,"key":"Smiling Mask"},{"floor":9,"key":"Bottled Flame"},{"floor":11,"key":"Ornamental Fan"},{"floor":23,"key":"Pen Nib"},{"floor":25,"key":"Nilry\u0027s Codex"},{"floor":26,"key":"Dodecahedron"},{"floor":27,"key":"Pantograph"},{"floor":31,"key":"Omamori"}],"event_choices":[{"damage_healed":0,"gold_gain":0,"player_choice":"Take Damage","damage_taken":20,"relics_obtained":["Golden Idol"],"max_hp_gain":0,"max_hp_loss":0,"event_name":"Golden Idol","floor":2,"gold_loss":0},{"damage_healed":0,"gold_gain":0,"player_choice":"Trade","damage_taken":0,"relics_obtained":["SsserpentHead"],"max_hp_gain":0,"max_hp_loss":0,"event_name":"FaceTrader","floor":8,"gold_loss":0},{"damage_healed":0,"gold_gain":0,"player_choice":"POTION CARD ","damage_taken":24,"max_hp_gain":0,"max_hp_loss":0,"event_name":"Knowing Skull","floor":21,"potions_obtained":["BloodPotion"],"gold_loss":0,"cards_obtained":["Forethought"]},{"damage_healed":0,"gold_gain":0,"player_choice":"Obtained Book","damage_taken":16,"max_hp_gain":0,"max_hp_loss":0,"event_name":"Cursed Tome","floor":25,"gold_loss":0}],"is_beta":false,"boss_relics":[{"not_picked":["Mark of Pain","Coffee Dripper"],"picked":"Astrolabe"}],"items_purged_floors":[],"is_endless":false,"potions_floor_spawned":[10,13,14,18,23,29,30],"killed_by":"Collector","ascension_level":0}