{"gold_per_floor":[164,181,181,262,272,306,306,336,336,348,360,360,360,389,389,491,491,507,507,522,36,111,146,161,196,247,279,291,307,65,77,77,181,181,198,214,214,224,237,268,280,306,306,317,317,95,95,109,109,109,109,109,73,102,102],"floor_reached":55,"playtime":7150,"items_purged":["Defend_B","Defend_B","Strike_B"],"score":952,"play_id":"80ed93ab-6124-4641-964b-5ff144b89f55","local_time":"20190313193935","is_ascension_mode":true,"campfire_choices":[{"data":"Go for the Eyes","floor":7.0,"key":"SMITH"},{"floor":12.0,"key":"REST"},{"data":"Barrage","floor":15.0,"key":"SMITH"},{"data":"Loop","floor":32.0,"key":"SMITH"},{"data":"Creative AI","floor":45,"key":"SMITH"},{"data":"Capacitor","floor":47,"key":"SMITH"},{"floor":49,"key":"RECALL"},{"data":"Dualcast","floor":52,"key":"SMITH"}],"neow_cost":"NONE","seed_source_timestamp":0,"circlet_count":0,"master_deck":["Strike_B","Strike_B","Strike_B","Defend_B","Defend_B","Zap+1","Dualcast+1","Go for the Eyes+1","Sweeping Beam","Cold Snap","Ball Lightning","Rebound","Turbo+1","Glacier+1","Beam Cell","Barrage+1","Electrodynamics","Redo+1","Hologram+1","Creative AI+1","Leap+1","Loop+1","FTL","Recycle+1","Rainbow+1","Ball Lightning+1","Blizzard","Redo+1","Reprogram+1","Tempest+1","Barrage+1","Capacitor","Capacitor+1","Chill+1","Stack+1","Storm+1"],"special_seed":0,"relics":["Tiny House","Toxic Egg 2","Meat on the Bone","Unceasing Top","Bottled Lightning","Happy Flower","Vajra","Nuclear Battery","Mummified Hand","Singing Bowl","Anchor","The Courier","Runic Capacitor","Sozu","DataDisk","Potion Belt","Symbiotic Virus","Pear"],"potions_floor_usage":[35,55],"damage_taken":[{"damage":6.0,"enemies":"Cultist","floor":1.0,"turns":3.0},{"damage":5.0,"enemies":"2 Louse","floor":2.0,"turns":2.0},{"damage":4.0,"enemies":"Jaw Worm","floor":5.0,"turns":4.0},{"damage":17.0,"enemies":"Lagavulin","floor":6.0,"turns":7.0},{"damage":17.0,"enemies":"3 Sentries","floor":8.0,"turns":3.0},{"damage":4.0,"enemies":"Red Slaver","floor":10.0,"turns":3.0},{"damage":1.0,"enemies":"2 Fungi Beasts","floor":11.0,"turns":3.0},{"damage":0.0,"enemies":"Lagavulin","floor":14.0,"turns":5.0},{"damage":32.0,"enemies":"The Guardian","floor":16.0,"turns":10.0},{"damage":15.0,"enemies":"2 Thieves","floor":18.0,"turns":2.0},{"damage":0.0,"enemies":"Shell Parasite","floor":20.0,"turns":2.0},{"damage":13.0,"enemies":"Book of Stabbing","floor":23.0,"turns":5.0},{"damage":0.0,"enemies":"Chosen and Byrds","floor":24.0,"turns":4.0},{"damage":27.0,"enemies":"Slavers","floor":25.0,"turns":2.0},{"damage":3.0,"enemies":"Gremlin Leader","floor":27.0,"turns":5.0},{"damage":0.0,"enemies":"3 Cultists","floor":28.0,"turns":2.0},{"damage":0.0,"enemies":"Snake Plant","floor":29.0,"turns":3.0},{"damage":0.0,"enemies":"Snecko","floor":31.0,"turns":2.0},{"damage":22.0,"enemies":"Collector","floor":33.0,"turns":9.0},{"damage":0,"enemies":"3 Darklings","floor":35,"turns":2},{"damage":0,"enemies":"Orb Walker","floor":36,"turns":2},{"damage":0,"enemies":"4 Shapes","floor":38,"turns":2},{"damage":2,"enemies":"Spire Growth","floor":39,"turns":3},{"damage":8,"enemies":"Reptomancer","floor":40,"turns":4},{"damage":0,"enemies":"Writhing Mass","floor":41,"turns":4},{"damage":0,"enemies":"Giant Head","floor":42,"turns":4},{"damage":6,"enemies":"3 Darklings","floor":44,"turns":2},{"damage":0,"enemies":"4 Shapes","floor":48,"turns":2},{"damage":49,"enemies":"Time Eater","floor":50,"turns":8},{"damage":13,"enemies":"Shield and Spear","floor":54,"turns":3},{"damage":107,"enemies":"The Heart","floor":55,"turns":5}],"seed_played":"9027474620471143498","potions_obtained":[{"floor":0.0,"key":"FocusPotion"},{"floor":2.0,"key":"Regen Potion"},{"floor":6.0,"key":"PowerPotion"},{"floor":10.0,"key":"Poison Potion"},{"floor":11.0,"key":"LiquidBronze"},{"floor":16.0,"key":"Poison Potion"},{"floor":18.0,"key":"SteroidPotion"},{"floor":27.0,"key":"Fire Potion"},{"floor":28.0,"key":"SkillPotion"},{"floor":31.0,"key":"Swift Potion"}],"is_trial":false,"path_per_floor":["M","?","T","M","?","?","?","M","?","M"],"character_chosen":"DEFECT","items_purchased":["Creative AI","Mummified Hand","Runic Capacitor","Capacitor","Capacitor","Stack+1"],"campfire_rested":1,"item_purchase_floors":[21,21,30,46,46,53],"current_hp_per_floor":[74,69,74,74,70,67,67,50,50,46,45,70,63,63,63,43,85,70,54,54,54,45,44,58,45,45,54,54,54,54,56,56,46,96,96,96,96,96,94,86,88,90,90,84,84,84,84,84,84,47,100,100,100,97,0],"gold":102,"neow_bonus":"BOSS_RELIC","is_prod":false,"is_daily":false,"chose_seed":false,"campfire_upgraded":6,"win_rate":0,"timestamp":1552502375,"path_taken":["M","?","?","?","M","E","R","E","T","M","?","R","?","E","R","BOSS","M","?","M","$","?","E","M","E","T","E","?","M","$","M","R","BOSS","M","M","?","?","M","E","M","E","T","M","R","$","R","M","R","BOSS","R","$","E","BOSS"],"build_version":"2019-01-23","purchased_purges":3,"victory":false,"max_hp_per_floor":[80,80,85,85,85,85,85,85,85,85,85,85,85,85,85,85,85,85,90,90,90,90,90,92,94,94,94,94,94,94,96,96,96,96,96,96,96,96,96,96,98,100,100,100,100,100,100,100,100,100,100,100,100,110,110],"card_choices":[{"not_picked":["Turbo","Gash"],"picked":"Go for the Eyes","floor":0.0},{"not_picked":["Gash","Aggregate"],"picked":"Sweeping Beam","floor":1.0},{"not_picked":["Storm","Steam Power"],"picked":"Cold Snap","floor":2.0},{"not_picked":["Buffer","Gash"],"picked":"Ball Lightning","floor":5.0},{"not_picked":["Heatsinks","Streamline"],"picked":"Rebound","floor":6.0},{"not_picked":["Scrape","Go for the Eyes"],"picked":"Turbo+1","floor":8.0},{"not_picked":["Sweeping Beam","Storm"],"picked":"Glacier+1","floor":10.0},{"not_picked":["Ball Lightning","Stack+1"],"picked":"Beam Cell","floor":11.0},{"not_picked":["Blizzard","Go for the Eyes"],"picked":"Barrage","floor":14.0},{"not_picked":["Creative AI","Meteor Strike"],"picked":"Electrodynamics","floor":16.0},{"not_picked":["Hologram+1","Force Field+1"],"picked":"Redo+1","floor":18.0},{"not_picked":["Force Field+1","Rebound"],"picked":"Hologram+1","floor":20.0},{"not_picked":["Gash","BootSequence+1"],"picked":"Leap+1","floor":23.0},{"not_picked":["Steam Power+1","Rip and Tear","Go for the Eyes"],"picked":"Singing Bowl","floor":24.0},{"not_picked":["Skim+1","Reboot+1","Compile Driver+1"],"picked":"Singing Bowl","floor":25.0},{"not_picked":["Gash","Rip and Tear"],"picked":"Loop","floor":27.0},{"not_picked":["Compile Driver","Gash"],"picked":"FTL","floor":28.0},{"not_picked":["Gash+1","Static Discharge"],"picked":"Recycle+1","floor":29.0},{"not_picked":["FTL+1","Cold Snap","Electrodynamics"],"picked":"Singing Bowl","floor":31.0},{"not_picked":["Buffer","Hyperbeam"],"picked":"Rainbow+1","floor":33.0},{"not_picked":["Self Repair","Hologram+1"],"picked":"Ball Lightning+1","floor":35},{"not_picked":["Leap+1","Rebound"],"picked":"Blizzard","floor":36},{"not_picked":["Cold Snap+1","Steam+1"],"picked":"Redo+1","floor":38},{"not_picked":["Cold Snap+1","Sweeping Beam+1"],"picked":"Reprogram+1","floor":39},{"not_picked":["Stack+1","Conserve Battery+1"],"picked":"Tempest+1","floor":40},{"not_picked":["Steam Power+1","Self Repair+1","Auto Shields+1"],"picked":"Singing Bowl","floor":41},{"not_picked":["Leap+1","All For One","Undo+1"],"picked":"Singing Bowl","floor":42},{"not_picked":["Skim+1","Cold Snap"],"picked":"Barrage+1","floor":44},{"not_picked":["Storm","Scrape"],"picked":"Chill+1","floor":48},{"not_picked":["Compile Driver","Turbo+1"],"picked":"Storm+1","floor":54}],"player_experience":206696,"relics_obtained":[{"floor":4.0,"key":"Toxic Egg 2"},{"floor":6.0,"key":"Meat on the Bone"},{"floor":8.0,"key":"Unceasing Top"},{"floor":9.0,"key":"Bottled Lightning"},{"floor":14.0,"key":"Vajra"},{"floor":23.0,"key":"Singing Bowl"},{"floor":25.0,"key":"Anchor"},{"floor":27.0,"key":"The Courier"},{"floor":40,"key":"DataDisk"},{"floor":42,"key":"Potion Belt"},{"floor":43,"key":"Symbiotic Virus"},{"floor":54,"key":"Pear"}],"event_choices":[{"damage_healed":0.0,"max_hp_gain":5.0,"max_hp_loss":0.0,"gold_gain":0.0,"event_name":"Big Fish","player_choice":"Donut","floor":3.0,"gold_loss":0.0,"damage_taken":0.0},{"damage_healed":0.0,"max_hp_gain":0.0,"max_hp_loss":0.0,"gold_gain":0.0,"event_name":"Scrap Ooze","player_choice":"Success","floor":13.0,"gold_loss":0.0,"damage_taken":7.0,"relics_obtained":["Happy Flower"]},{"damage_healed":0.0,"max_hp_gain":5.0,"max_hp_loss":0.0,"gold_gain":0.0,"event_name":"Forgotten Altar","player_choice":"Shed Blood","floor":19.0,"gold_loss":0.0,"damage_taken":21.0},{"damage_healed":0.0,"max_hp_gain":0.0,"max_hp_loss":0.0,"gold_gain":75.0,"event_name":"FaceTrader","player_choice":"Touch","floor":22.0,"gold_loss":0.0,"damage_taken":9.0},{"damage_healed":0,"gold_gain":0,"player_choice":"Bought 0 Potions","damage_taken":0,"max_hp_gain":0,"max_hp_loss":0,"event_name":"The Woman in Blue","floor":37,"gold_loss":0}],"is_beta":false,"boss_relics":[{"not_picked":["Eternal Feather","Philosopher\u0027s Stone"],"picked":"Nuclear Battery"},{"not_picked":["Coffee Dripper","Runic Pyramid"],"picked":"Sozu"}],"items_purged_floors":[21,30,46],"is_endless":false,"potions_floor_spawned":[2,6,10,11,16,18,27,28,31,39,41,44,48,54],"killed_by":"The Heart","ascension_level":1}