{"gold_per_floor":[113,38,38,84,99,127,127,139,208,235,254,274,274,23,23,121,121,131,149,3,3,22,52,64,74,121,137,137,148,175,175,175,277,277,291,0,19,0,12,12,12,12,12,12,47,57,74,49,49,49,49,49,49,83,83],"floor_reached":56,"playtime":9148,"items_purged":["Strike_G","Defend_G"],"score":1229,"play_id":"80af68ea-1b73-421b-96cc-ee379ea78805","local_time":"20190312165651","is_ascension_mode":false,"campfire_choices":[{"data":"Caltrops","floor":7.0,"key":"SMITH"},{"data":"Footwork","floor":13.0,"key":"SMITH"},{"data":"Sucker Punch","floor":15.0,"key":"SMITH"},{"floor":32.0,"key":"DIG"},{"floor":40,"key":"DIG"},{"floor":42,"key":"DIG"},{"floor":49,"key":"RECALL"},{"floor":52,"key":"DIG"}],"neow_cost":"PERCENT_DAMAGE","seed_source_timestamp":0,"circlet_count":0,"master_deck":["Defend_G","Defend_G+1","Defend_G","Defend_G","Strike_G","Strike_G","Strike_G","Strike_G","Survivor","Neutralize+1","Dash","Caltrops+1","Heel Hook+1","Dagger Spray","Flying Knee","Sucker Punch+1","Footwork+1","Adrenaline","PiercingWail+1","Footwork+1","Quick Slash","Night Terror","Cloak And Dagger","Crippling Poison","Poisoned Stab+1","Ghostly","Ghostly","Ghostly","Ghostly","Ghostly","Dash+1","Grand Finale","Pain","Venomology","Deep Breath","Underhanded Strike","Neutralize","Terror+1","Parasite","Concentrate","Bane+1","Noxious Fumes+1"],"special_seed":0,"relics":["Ring of the Serpent","Ice Cream","Strawberry","PreservedInsect","Sundial","Blood Vial","Pantograph","HoveringKite","Shovel","Bag of Preparation","Bronze Scales","WarpedTongs","Whetstone","Toy Ornithopter","Red Mask","Meat on the Bone","Ancient Tea Set","Question Card","Molten Egg 2","Shuriken","Pen Nib"],"potions_floor_usage":[39,45,45,46,46,47,50,50,50,55,55,55,55],"damage_taken":[{"damage":0.0,"enemies":"2 Louse","floor":1.0,"turns":3.0},{"damage":0.0,"enemies":"Jaw Worm","floor":5.0,"turns":4.0},{"damage":9.0,"enemies":"Gremlin Nob","floor":6.0,"turns":6.0},{"damage":1.0,"enemies":"Cultist","floor":8.0,"turns":3.0},{"damage":0.0,"enemies":"Lagavulin","floor":10.0,"turns":6.0},{"damage":0.0,"enemies":"Lots of Slimes","floor":11.0,"turns":3.0},{"damage":0.0,"enemies":"3 Louse","floor":12.0,"turns":2.0},{"damage":14.0,"enemies":"Hexaghost","floor":16.0,"turns":10.0},{"damage":19.0,"enemies":"Spheric Guardian","floor":18.0,"turns":6.0},{"damage":7.0,"enemies":"Shell Parasite","floor":19.0,"turns":6.0},{"damage":7.0,"enemies":"Snecko","floor":22.0,"turns":6.0},{"damage":29.0,"enemies":"Book of Stabbing","floor":23.0,"turns":5.0},{"damage":1.0,"enemies":"Centurion and Healer","floor":24.0,"turns":8.0},{"damage":12.0,"enemies":"Cultist and Chosen","floor":25.0,"turns":10.0},{"damage":1.0,"enemies":"3 Cultists","floor":27.0,"turns":5.0},{"damage":3.0,"enemies":"Centurion and Healer","floor":29.0,"turns":9.0},{"damage":2.0,"enemies":"Slavers","floor":30.0,"turns":7.0},{"damage":8.0,"enemies":"Collector","floor":33.0,"turns":17.0},{"damage":0,"enemies":"3 Darklings","floor":35,"turns":4},{"damage":7,"enemies":"3 Shapes","floor":37,"turns":6},{"damage":23,"enemies":"3 Darklings","floor":39,"turns":6},{"damage":15,"enemies":"Reptomancer","floor":45,"turns":6},{"damage":12,"enemies":"Writhing Mass","floor":46,"turns":7},{"damage":13,"enemies":"Maw","floor":47,"turns":9},{"damage":7,"enemies":"Donu and Deca","floor":50,"turns":12},{"damage":1,"enemies":"Shield and Spear","floor":54,"turns":7},{"damage":35,"enemies":"The Heart","floor":55,"turns":11}],"seed_played":"-1092405832879084774","potions_obtained":[{"floor":1.0,"key":"EssenceOfSteel"},{"floor":6.0,"key":"Energy Potion"},{"floor":10.0,"key":"Strength Potion"},{"floor":11.0,"key":"AttackPotion"},{"floor":12.0,"key":"FairyPotion"},{"floor":19.0,"key":"Poison Potion"},{"floor":23.0,"key":"PowerPotion"},{"floor":24.0,"key":"Ancient Potion"},{"floor":30.0,"key":"SkillPotion"},{"floor":39,"key":"GhostInAJar"},{"floor":45,"key":"FearPotion"},{"floor":47,"key":"SkillPotion"},{"floor":54,"key":"PowerPotion"}],"is_trial":false,"path_per_floor":["?","T","M","M","M","?","M","?","?","M","?","?","?","M"],"character_chosen":"THE_SILENT","items_purchased":["Pantograph","Quick Slash","Toy Ornithopter","Deep Breath","Bane+1"],"campfire_rested":0,"item_purchase_floors":[14,20,36,36,48],"current_hp_per_floor":[49,49,35,42,42,33,33,32,32,32,34,36,36,36,36,49,77,58,53,53,53,48,21,22,12,12,13,13,12,12,12,12,30,38,38,38,31,31,15,15,15,15,15,15,24,24,30,30,30,37,38,38,38,37,25],"gold":83,"neow_bonus":"ONE_RARE_RELIC","is_prod":false,"is_daily":false,"chose_seed":false,"campfire_upgraded":3,"win_rate":0,"timestamp":1552406211,"path_taken":["M","$","?","?","M","E","R","M","T","E","?","?","R","$","R","BOSS","M","?","$","?","M","E","M","M","T","?","?","M","E","?","R","BOSS","M","$","?","?","M","R","?","R","T","?","E","M","?","$","R","BOSS","R","$","E","BOSS"],"build_version":"2019-01-23","purchased_purges":2,"victory":true,"max_hp_per_floor":[70,70,70,77,77,77,77,77,77,77,77,77,77,77,77,77,77,77,77,77,77,77,77,77,77,77,77,38,38,38,38,38,38,38,38,38,38,38,38,38,38,38,38,38,38,38,38,38,38,38,38,38,38,38,38],"card_choices":[{"not_picked":["Riddle With Holes","Dodge and Roll"],"picked":"Dash","floor":1.0},{"not_picked":["Escape Plan","All Out Attack"],"picked":"Caltrops","floor":5.0},{"not_picked":["Cloak And Dagger","Unload"],"picked":"Heel Hook","floor":6.0},{"not_picked":["Blade Dance","Prepared"],"picked":"Dagger Spray","floor":8.0},{"not_picked":["Prepared","Backflip"],"picked":"Flying Knee","floor":10.0},{"not_picked":["Backflip","Accuracy"],"picked":"Sucker Punch","floor":11.0},{"not_picked":["Skewer","Infinite Blades"],"picked":"Footwork","floor":12.0},{"not_picked":["Night Terror","Storm of Steel"],"picked":"Adrenaline","floor":16.0},{"not_picked":["Sucker Punch","Cloak And Dagger+1"],"picked":"PiercingWail+1","floor":18.0},{"not_picked":["Deadly Poison","Acrobatics"],"picked":"Footwork+1","floor":19.0},{"not_picked":["Bane","Sucker Punch"],"picked":"Night Terror","floor":22.0},{"not_picked":["Setup","Crippling Poison","Dagger Spray"],"picked":"SKIP","floor":23.0},{"not_picked":["Backflip+1","Slice"],"picked":"Cloak And Dagger","floor":24.0},{"not_picked":["Setup","Bane"],"picked":"Crippling Poison","floor":25.0},{"not_picked":["Caltrops","Backflip"],"picked":"Poisoned Stab","floor":27.0},{"not_picked":["Bane","Dagger Spray+1"],"picked":"Dash+1","floor":29.0},{"not_picked":["Backflip","Slice"],"picked":"Grand Finale","floor":30.0},{"not_picked":["Adrenaline","Burst"],"picked":"Venomology","floor":33.0},{"not_picked":["Endless Agony+1","Deflect","Quick Slash"],"picked":"SKIP","floor":35},{"not_picked":["Flying Knee","Poisoned Stab"],"picked":"Underhanded Strike","floor":37},{"not_picked":["Well Laid Plans+1","Dodge and Roll","All Out Attack+1"],"picked":"SKIP","floor":39},{"not_picked":["Deflect","Blade Dance+1","Catalyst+1"],"picked":"Terror+1","floor":45},{"not_picked":["Deadly Poison","Blade Dance+1","Choke+1"],"picked":"Concentrate","floor":46},{"not_picked":["Caltrops","Cloak And Dagger+1","Distraction","Prepared+1"],"picked":"SKIP","floor":47},{"not_picked":["Backflip","Dodge and Roll","Wraith Form v2"],"picked":"Noxious Fumes+1","floor":54}],"player_experience":183184,"relics_obtained":[{"floor":4.0,"key":"Strawberry"},{"floor":6.0,"key":"PreservedInsect"},{"floor":9.0,"key":"Sundial"},{"floor":10.0,"key":"Blood Vial"},{"floor":23.0,"key":"Bag of Preparation"},{"floor":30.0,"key":"Bronze Scales"},{"floor":32.0,"key":"Whetstone"},{"floor":40,"key":"Meat on the Bone"},{"floor":42,"key":"Ancient Tea Set"},{"floor":43,"key":"Question Card"},{"floor":45,"key":"Molten Egg 2"},{"floor":52,"key":"Shuriken"},{"floor":54,"key":"Pen Nib"}],"event_choices":[{"damage_healed":0.0,"max_hp_gain":0.0,"max_hp_loss":0.0,"gold_gain":0.0,"event_name":"Shining Light","player_choice":"Entered Light","floor":3.0,"gold_loss":0.0,"damage_taken":14.0,"cards_upgraded":["Neutralize","Defend_G"]},{"damage_healed":0.0,"max_hp_gain":0.0,"max_hp_loss":0.0,"gold_gain":0.0,"event_name":"WeMeetAgain","player_choice":"Gave Potion","floor":21.0,"gold_loss":0.0,"damage_taken":0.0,"relics_obtained":["Shovel"]},{"damage_healed":0.0,"max_hp_gain":0.0,"max_hp_loss":39.0,"gold_gain":0.0,"event_name":"Ghosts","player_choice":"Became a Ghost","floor":28.0,"gold_loss":0.0,"damage_taken":0.0,"cards_obtained":["Ghostly","Ghostly","Ghostly","Ghostly","Ghostly"]},{"damage_healed":0.0,"max_hp_gain":0.0,"max_hp_loss":0.0,"gold_gain":0.0,"event_name":"Accursed Blacksmith","player_choice":"Rummage","floor":31.0,"gold_loss":0.0,"damage_taken":0.0,"relics_obtained":["WarpedTongs"],"cards_obtained":["Pain"]},{"damage_healed":0,"gold_gain":0,"player_choice":"Paid","damage_taken":0,"relics_obtained":["Red Mask"],"max_hp_gain":0,"max_hp_loss":0,"event_name":"Tomb of Lord Red Mask","floor":38,"gold_loss":19},{"damage_healed":0,"gold_gain":0,"player_choice":"Ignored","damage_taken":0,"max_hp_gain":0,"max_hp_loss":0,"event_name":"The Moai Head","floor":41,"gold_loss":0},{"damage_healed":0,"gold_gain":0,"player_choice":"1 cards matched","damage_taken":0,"max_hp_gain":0,"max_hp_loss":0,"event_name":"Match and Keep!","floor":44,"gold_loss":0,"cards_obtained":["Neutralize"]}],"is_beta":false,"boss_relics":[{"not_picked":["Tiny House","Fusion Hammer"],"picked":"HoveringKite"},{"not_picked":["Eternal Feather","WristBlade"],"picked":"Ring of the Serpent"}],"items_purged_floors":[2,20],"is_endless":false,"potions_floor_spawned":[1,6,10,11,12,19,23,24,30,39,45,47,54],"ascension_level":0}