{"gold_per_floor":[114,128,142,160,160,195,195,227,227,14,25,25,44,55,55,160,160,178,191,20,34,34,34,59,71,126,126,126,126,141,155,155,155],"floor_reached":33,"playtime":2460,"items_purged":["Strike_B","Defend_B"],"score":281,"play_id":"5c3f6c3d-3cdb-4712-a716-88405c8689a4","local_time":"20190213134253","is_ascension_mode":false,"campfire_choices":[{"floor":7.0,"key":"REST"},{"data":"Echo Form","floor":12.0,"key":"SMITH"},{"data":"Streamline","floor":15.0,"key":"SMITH"},{"floor":23.0,"key":"REST"},{"floor":27.0,"key":"REST"},{"floor":29.0,"key":"REST"},{"floor":32.0,"key":"REST"}],"neow_cost":"NONE","seed_source_timestamp":1385516193612061,"circlet_count":0,"master_deck":["Strike_B","Strike_B","Strike_B","Defend_B","Defend_B","Defend_B","Zap","Dualcast","Conserve Battery","BootSequence","Steam","Echo Form+1","Streamline+1","Undo","Cold Snap+1","Good Instincts","Melter+1","Ball Lightning+1","FTL+1","Echo Form+1","Capacitor+1","Lockon+1","Genetic Algorithm","Necronomicurse","BootSequence","Auto Shields","Decay","Conserve Battery"],"special_seed":0,"relics":["Cracked Core","Orichalcum","Frozen Egg 2","Letter Opener","Molten Egg 2","Cursed Key","Necronomicon","Potion Belt","Blood Vial"],"potions_floor_usage":[],"damage_taken":[{"damage":0.0,"enemies":"Cultist","floor":1.0,"turns":4.0},{"damage":3.0,"enemies":"Jaw Worm","floor":2.0,"turns":4.0},{"damage":0.0,"enemies":"Small Slimes","floor":3.0,"turns":2.0},{"damage":1.0,"enemies":"2 Fungi Beasts","floor":4.0,"turns":4.0},{"damage":59.0,"enemies":"Gremlin Nob","floor":6.0,"turns":6.0},{"damage":19.0,"enemies":"3 Sentries","floor":8.0,"turns":9.0},{"damage":0.0,"enemies":"Large Slime","floor":11.0,"turns":5.0},{"damage":7.0,"enemies":"Exordium Thugs","floor":13.0,"turns":4.0},{"damage":0.0,"enemies":"3 Louse","floor":14.0,"turns":3.0},{"damage":4.0,"enemies":"Hexaghost","floor":16.0,"turns":8.0},{"damage":5.0,"enemies":"Spheric Guardian","floor":18.0,"turns":3.0},{"damage":0.0,"enemies":"2 Thieves","floor":19.0,"turns":4.0},{"damage":22.0,"enemies":"Snake Plant","floor":21.0,"turns":5.0},{"damage":45.0,"enemies":"Slavers","floor":24.0,"turns":6.0},{"damage":3.0,"enemies":"Centurion and Healer","floor":25.0,"turns":6.0},{"damage":24.0,"enemies":"Shelled Parasite and Fungi","floor":30.0,"turns":5.0},{"damage":24.0,"enemies":"Snake Plant","floor":31.0,"turns":5.0},{"damage":55,"enemies":"Automaton","floor":33,"turns":12}],"seed_played":"-953698360079267383","potions_obtained":[{"floor":3.0,"key":"Regen Potion"},{"floor":6.0,"key":"Regen Potion"},{"floor":8.0,"key":"FocusPotion"},{"floor":13.0,"key":"Weak Potion"},{"floor":16.0,"key":"FocusPotion"},{"floor":31.0,"key":"GamblersBrew"}],"is_trial":false,"path_per_floor":["M","M","M","M","?","E","R","E","T","$","M","R","M","M","R","B",null,"M","M","$","M","?","R","E","M","T","R","?","R","M","M","R","B"],"character_chosen":"DEFECT","items_purchased":["Cold Snap+1","Good Instincts","Lockon+1"],"campfire_rested":5,"item_purchase_floors":[10,10,20],"current_hp_per_floor":[75,72,72,71,71,12,34,15,15,15,29,29,22,22,22,33,75,70,70,70,48,32,54,9,6,6,28,53,75,51,29,51,0],"gold":155,"neow_bonus":"RANDOM_COLORLESS","is_prod":false,"is_daily":false,"chose_seed":false,"campfire_upgraded":2,"win_rate":0.0,"timestamp":1550083373,"path_taken":["M","M","M","?","?","E","R","E","T","$","M","R","M","M","R","BOSS","M","M","$","M","?","R","E","M","T","R","?","R","M","M","R","BOSS"],"build_version":"2019-01-03v4","purchased_purges":2,"victory":false,"max_hp_per_floor":[75,75,75,75,75,75,75,75,75,75,75,75,75,75,75,75,75,75,75,75,75,75,75,75,75,75,75,75,75,75,75,75,75],"card_choices":[{"not_picked":["Hologram","Beam Cell"],"picked":"Conserve Battery","floor":1.0},{"not_picked":["Reinforced Body","Compile Driver"],"picked":"BootSequence","floor":2.0},{"not_picked":["Hello World","Beam Cell"],"picked":"Steam","floor":3.0},{"not_picked":["Barrage","Rebound"],"picked":"Echo Form","floor":4.0},{"not_picked":["Heatsinks","Redo"],"picked":"Streamline","floor":6.0},{"not_picked":["Lockon","Self Repair+1"],"picked":"Undo","floor":8.0},{"not_picked":["Skim","Stack"],"picked":"Melter+1","floor":11.0},{"not_picked":["Sweeping Beam+1","Rebound+1"],"picked":"Ball Lightning+1","floor":13.0},{"not_picked":["Barrage+1","Beam Cell+1"],"picked":"FTL+1","floor":14.0},{"not_picked":["Machine Learning+1","Buffer+1"],"picked":"Echo Form+1","floor":16.0},{"not_picked":["Leap","Steam","Go for the Eyes+1"],"picked":"SKIP","floor":18.0},{"not_picked":["Gash+1","Tempest"],"picked":"Capacitor+1","floor":19.0},{"not_picked":["Hello World+1","Redo"],"picked":"Genetic Algorithm","floor":21.0},{"not_picked":["Cold Snap+1","Chaos"],"picked":"BootSequence","floor":24.0},{"not_picked":["Doom and Gloom+1","Self Repair+1"],"picked":"Auto Shields","floor":25.0},{"not_picked":["Steam Power","Redo+1"],"picked":"Conserve Battery","floor":30.0},{"not_picked":["Redo","Reprogram","Barrage+1"],"picked":"SKIP","floor":31.0}],"player_experience":374433,"relics_obtained":[{"floor":6.0,"key":"Frozen Egg 2"},{"floor":8.0,"key":"Letter Opener"},{"floor":9.0,"key":"Molten Egg 2"},{"floor":22.0,"key":"Necronomicon"},{"floor":24.0,"key":"Potion Belt"},{"floor":26.0,"key":"Blood Vial"}],"event_choices":[{"cards_removed":["Impatience"],"damage_healed":0.0,"max_hp_gain":0.0,"max_hp_loss":0.0,"gold_gain":0.0,"event_name":"WeMeetAgain","player_choice":"Gave Card","floor":5.0,"gold_loss":0.0,"damage_taken":0.0,"relics_obtained":["Orichalcum"]},{"damage_healed":0.0,"max_hp_gain":0.0,"max_hp_loss":0.0,"gold_gain":0.0,"event_name":"Cursed Tome","player_choice":"Obtained Book","floor":22.0,"gold_loss":0.0,"damage_taken":16.0},{"damage_healed":25.0,"max_hp_gain":0.0,"max_hp_loss":0.0,"gold_gain":0.0,"event_name":"The Library","player_choice":"Heal","floor":28.0,"gold_loss":0.0,"damage_taken":0.0}],"is_beta":false,"boss_relics":[{"not_picked":["Coffee Dripper","Tiny House"],"picked":"Cursed Key"}],"items_purged_floors":[10,20],"is_endless":false,"potions_floor_spawned":[3,6,8,13,16,18,19,31],"killed_by":"Automaton","ascension_level":0}