{"gold_per_floor":[118,132,149,165,179,179,213,213,238,238,238,257,257,290,290,386,386,402,59,59,0,12,12,12,29,29,48,58,58],"floor_reached":29,"playtime":2147,"items_purged":[],"score":345,"play_id":"d8a60cf5-b194-43e5-92df-b187b1aa93ae","local_time":"20190107011441","is_ascension_mode":true,"campfire_choices":[{"floor":6.0,"key":"REST"},{"floor":11.0,"key":"REST"},{"floor":13.0,"key":"REST"},{"floor":15.0,"key":"REST"},{"floor":23,"key":"REST"}],"neow_cost":"NONE","seed_source_timestamp":0,"circlet_count":0,"master_deck":["Defend_G","Defend_G","Defend_G","Defend_G","Defend_G","Strike_G","Strike_G","Strike_G","Strike_G","Survivor","Neutralize+1","Sucker Punch","Dodge and Roll","Prepared","Deadly Poison","Escape Plan","Caltrops","Dash","Wraith Form v2","Caltrops","Caltrops","Caltrops","Wraith Form v2","Deflect+1","Burst","Deadly Poison","Shrug It Off","Dagger Spray"],"special_seed":0,"relics":["Ring of the Snake","NeowsBlessing","PreservedInsect","Dream Catcher","Lantern","Lizard Tail","PrismaticShard","Bag of Preparation","Pen Nib"],"potions_floor_usage":[16,27,28,29],"damage_taken":[{"damage":0.0,"enemies":"2 Louse","floor":1.0,"turns":1.0},{"damage":0.0,"enemies":"Cultist","floor":2.0,"turns":1.0},{"damage":0.0,"enemies":"Jaw Worm","floor":3.0,"turns":1.0},{"damage":19.0,"enemies":"Large Slime","floor":4.0,"turns":13.0},{"damage":24.0,"enemies":"Gremlin Gang","floor":5.0,"turns":9.0},{"damage":35.0,"enemies":"Lagavulin","floor":7.0,"turns":8.0},{"damage":1.0,"enemies":"Exordium Thugs","floor":12.0,"turns":5.0},{"damage":19.0,"enemies":"Gremlin Nob","floor":14.0,"turns":5.0},{"damage":34,"enemies":"The Guardian","floor":16,"turns":9},{"damage":4,"enemies":"3 Byrds","floor":18,"turns":2},{"damage":26,"enemies":"Shell Parasite","floor":22,"turns":8},{"damage":32,"enemies":"Centurion and Healer","floor":25,"turns":12},{"damage":29,"enemies":"3 Cultists","floor":27,"turns":6},{"damage":8,"enemies":"Snake Plant","floor":28,"turns":4},{"damage":33,"enemies":"Slavers","floor":29,"turns":3}],"seed_played":"5820415391070651435","potions_obtained":[{"floor":1.0,"key":"LiquidBronze"},{"floor":3.0,"key":"Fruit Juice"},{"floor":5.0,"key":"SpeedPotion"},{"floor":12.0,"key":"EssenceOfSteel"},{"floor":14.0,"key":"GamblersBrew"},{"floor":18,"key":"Swift Potion"},{"floor":24,"key":"Fire Potion"},{"floor":27,"key":"Block Potion"}],"is_trial":false,"path_per_floor":["M","M","M","M","M","R","E","?","T","?","R","M","R","E","R","B",null,"M","$","T","?","M","R","?","M","T","M","M","E"],"character_chosen":"THE_SILENT","items_purchased":["PrismaticShard","Burst"],"campfire_rested":5,"item_purchase_floors":[19,19],"current_hp_per_floor":[63,63,63,49,25,47,12,12,12,12,34,33,55,36,58,24,62,58,58,58,58,32,54,54,22,22,37,29,0],"gold":58,"neow_bonus":"THREE_ENEMY_KILL","is_prod":false,"is_daily":false,"chose_seed":false,"campfire_upgraded":0,"win_rate":0,"timestamp":1546841681,"path_taken":["M","M","M","M","M","R","E","?","T","?","R","M","R","E","R","BOSS","M","$","?","?","M","R","?","M","T","M","M","E"],"build_version":"2019-01-03v4","purchased_purges":0,"victory":false,"max_hp_per_floor":[70,70,70,75,75,75,75,75,75,75,75,75,75,75,75,75,75,75,75,75,75,75,75,75,75,75,75,75,75],"card_choices":[{"not_picked":["Flechettes","Quick Slash"],"picked":"Sucker Punch","floor":1.0},{"not_picked":["Setup","Dagger Throw"],"picked":"Dodge and Roll","floor":2.0},{"not_picked":["Outmaneuver","Calculated Gamble"],"picked":"Prepared","floor":3.0},{"not_picked":["Bane","Setup"],"picked":"Deadly Poison","floor":4.0},{"not_picked":["Flechettes","Flying Knee"],"picked":"Escape Plan","floor":5.0},{"not_picked":["Sucker Punch","Deadly Poison"],"picked":"Caltrops","floor":7.0},{"not_picked":["Acrobatics","Finisher"],"picked":"Dash","floor":11.0},{"not_picked":["Flechettes","Choke"],"picked":"Wraith Form v2","floor":12.0},{"not_picked":["Outmaneuver","Poisoned Stab"],"picked":"Caltrops","floor":13.0},{"not_picked":["Reflex","Acrobatics"],"picked":"Caltrops","floor":14.0},{"not_picked":["Tactician","Acrobatics"],"picked":"Caltrops","floor":15.0},{"not_picked":["Grand Finale","Adrenaline"],"picked":"Wraith Form v2","floor":16},{"not_picked":["Cloak And Dagger+1","Bane+1"],"picked":"Deflect+1","floor":18},{"not_picked":["Jack Of All Trades","Body Slam","Wild Strike"],"picked":"SKIP","floor":22},{"not_picked":["Havoc+1","Prepared"],"picked":"Deadly Poison","floor":23},{"not_picked":["Heavy Blade","Feel No Pain"],"picked":"Shrug It Off","floor":25},{"not_picked":["Reprogram+1","Dropkick"],"picked":"Dagger Spray","floor":27},{"not_picked":["Beam Cell","Tempest","Barrage"],"picked":"SKIP","floor":28}],"player_experience":366740,"relics_obtained":[{"floor":7.0,"key":"PreservedInsect"},{"floor":9.0,"key":"Dream Catcher"},{"floor":14.0,"key":"Lantern"},{"floor":20,"key":"Bag of Preparation"},{"floor":26,"key":"Pen Nib"}],"event_choices":[{"damage_healed":0.0,"max_hp_gain":0.0,"max_hp_loss":0.0,"gold_gain":0.0,"event_name":"Living Wall","player_choice":"Grow","floor":8.0,"gold_loss":0.0,"damage_taken":0.0,"cards_upgraded":["Neutralize"]},{"cards_removed":["Strike_G"],"damage_healed":0.0,"max_hp_gain":0.0,"max_hp_loss":0.0,"gold_gain":0.0,"event_name":"Bonfire Elementals","player_choice":"Offered Basic","floor":10.0,"gold_loss":0.0,"damage_taken":0.0},{"damage_healed":0,"gold_gain":0,"player_choice":"Paid Fearfully","damage_taken":0,"max_hp_gain":0,"max_hp_loss":0,"event_name":"Masked Bandits","floor":21,"gold_loss":59},{"damage_healed":0,"gold_gain":0,"player_choice":"Got Potions","damage_taken":0,"max_hp_gain":0,"max_hp_loss":0,"event_name":"Lab","floor":24,"gold_loss":0}],"is_beta":false,"boss_relics":[{"not_picked":["White Beast Statue","Eternal Feather"],"picked":"Lizard Tail"}],"items_purged_floors":[],"is_endless":false,"potions_floor_spawned":[1,3,5,12,14,18,27],"killed_by":"Slavers","ascension_level":7}