{"gold_per_floor":[110,41,41,41,57,90,111,124,176,176,126,126,126,51,51,177,177,191,204,222,18,43,64,88,88,88,108,108,108,126,139,139,262,262,276,150,110,124,144,144,144],"floor_reached":41,"playtime":5876,"items_purged":["Strike_G","Strike_G"],"score":422,"play_id":"ce372dbb-7615-46dc-89fe-05adb8d23d20","local_time":"20190310135736","is_ascension_mode":false,"campfire_choices":[{"data":"Noxious Fumes","floor":10,"key":"SMITH"},{"data":"Bouncing Flask","floor":13,"key":"SMITH"},{"data":"Neutralize","floor":15,"key":"SMITH"},{"floor":25,"key":"REST"},{"floor":29,"key":"REST"},{"floor":32,"key":"REST"},{"floor":40,"key":"REST"}],"neow_cost":"NONE","seed_source_timestamp":180010263151322,"circlet_count":0,"master_deck":["Defend_G","Defend_G","Defend_G","Defend_G","Defend_G","Survivor","Neutralize","Deadly Poison","Deadly Poison","Outmaneuver","Heel Hook","Noxious Fumes+1","Bouncing Flask+1","Poisoned Stab","Bane","Neutralize+1","Adrenaline","Unload","Backstab","Flying Knee","Quick Slash+1","Sucker Punch","Catalyst","Noxious Fumes","Poisoned Stab","Poisoned Stab","Backstab+1","Endless Agony+1","Wraith Form v2","Bane+1","Envenom+1","Blade Dance","Crippling Poison+1","Dodge and Roll"],"relics":["Ring of the Serpent","NeowsBlessing","Golden Idol","Kunai","Fusion Hammer","Letter Opener"],"potions_floor_usage":[20,22,24,27,31,33,39],"damage_taken":[{"damage":0,"enemies":"Small Slimes","floor":1,"turns":1},{"damage":0,"enemies":"2 Louse","floor":5,"turns":1},{"damage":0,"enemies":"Gremlin Nob","floor":6,"turns":1},{"damage":0,"enemies":"Cultist","floor":7,"turns":3},{"damage":6,"enemies":"Lots of Slimes","floor":8,"turns":5},{"damage":10,"enemies":"Hexaghost","floor":16,"turns":7},{"damage":9,"enemies":"Shell Parasite","floor":18,"turns":4},{"damage":9,"enemies":"2 Thieves","floor":19,"turns":4},{"damage":11,"enemies":"Snake Plant","floor":20,"turns":3},{"damage":5,"enemies":"3 Cultists","floor":22,"turns":5},{"damage":6,"enemies":"Centurion and Healer","floor":23,"turns":5},{"damage":16,"enemies":"Sentry and Sphere","floor":24,"turns":5},{"damage":0,"enemies":"Snake Plant","floor":27,"turns":3},{"damage":18,"enemies":"Centurion and Healer","floor":30,"turns":4},{"damage":5,"enemies":"Shelled Parasite and Fungi","floor":31,"turns":3},{"damage":52,"enemies":"Collector","floor":33,"turns":7},{"damage":6,"enemies":"Orb Walker","floor":35,"turns":4},{"damage":18,"enemies":"3 Darklings","floor":38,"turns":5},{"damage":21,"enemies":"Jaw Worm Horde","floor":39,"turns":4},{"damage":50,"enemies":"Writhing Mass","floor":41,"turns":4}],"seed_played":"3296298927528143588","potions_obtained":[{"floor":8,"key":"AttackPotion"},{"floor":18,"key":"SneckoOil"},{"floor":19,"key":"AttackPotion"},{"floor":22,"key":"Fire Potion"},{"floor":27,"key":"Strength Potion"},{"floor":30,"key":"GhostInAJar"},{"floor":31,"key":"Energy Potion"}],"is_trial":false,"path_per_floor":["?","?","M","M","?","?","M","?","M","?"],"character_chosen":"THE_SILENT","items_purchased":["Deadly Poison","Outmaneuver","Sucker Punch","Catalyst","Envenom","Blade Dance"],"campfire_rested":4,"item_purchase_floors":[2,2,21,21,36,36],"current_hp_per_floor":[70,70,53,53,53,53,53,47,47,47,47,47,47,47,47,37,70,61,52,41,41,36,30,14,35,35,35,35,56,38,33,54,2,70,64,64,64,46,25,46,0],"gold":144,"neow_bonus":"THREE_ENEMY_KILL","is_prod":false,"is_daily":false,"chose_seed":false,"campfire_upgraded":3,"win_rate":0,"timestamp":1552222656,"path_taken":["M","$","?","?","?","E","M","?","T","R","?","?","R","$","R","BOSS","M","M","M","$","?","M","M","R","T","M","?","R","?","M","R","BOSS","M","$","?","M","M","R","M"],"build_version":"2019-01-23","purchased_purges":2,"victory":false,"max_hp_per_floor":[70,70,70,70,70,70,70,70,70,70,70,70,70,70,70,70,70,70,70,70,70,70,70,70,70,70,70,70,70,70,70,70,70,70,70,70,70,70,70,70,70],"card_choices":[{"not_picked":["Escape Plan","Expertise"],"picked":"Deadly Poison","floor":1},{"not_picked":["Dagger Spray","Choke"],"picked":"Noxious Fumes","floor":5},{"not_picked":["Sucker Punch","Skewer"],"picked":"Bouncing Flask","floor":6},{"not_picked":["Acrobatics","Bane"],"picked":"Poisoned Stab","floor":7},{"not_picked":["Dagger Throw","Dodge and Roll"],"picked":"Bane","floor":8},{"not_picked":["Adrenaline","Tools of the Trade"],"picked":"Unload","floor":16},{"not_picked":["Deflect","Poisoned Stab"],"picked":"Backstab","floor":18},{"not_picked":["Dagger Spray","Underhanded Strike+1"],"picked":"Flying Knee","floor":19},{"not_picked":["Backflip+1","Deadly Poison"],"picked":"Quick Slash+1","floor":20},{"not_picked":["Slice","A Thousand Cuts"],"picked":"Noxious Fumes","floor":22},{"not_picked":["Sucker Punch","PiercingWail+1"],"picked":"Poisoned Stab","floor":23},{"not_picked":["Leg Sweep+1","Dagger Spray"],"picked":"Poisoned Stab","floor":24},{"not_picked":["Eviscerate","Deadly Poison"],"picked":"Backstab+1","floor":27},{"not_picked":["PiercingWail","Dagger Spray","Well Laid Plans"],"picked":"SKIP","floor":30},{"not_picked":["PiercingWail","Dagger Spray","Well Laid Plans"],"picked":"SKIP","floor":30},{"not_picked":["Underhanded Strike+1","Distraction+1"],"picked":"Endless Agony+1","floor":31},{"not_picked":["Tools of the Trade","Night Terror"],"picked":"Wraith Form v2","floor":33},{"not_picked":["Blur+1","Slice"],"picked":"Bane+1","floor":35},{"not_picked":["Blade Dance+1","Cloak And Dagger+1"],"picked":"Crippling Poison+1","floor":38},{"not_picked":["Flying Knee","Backflip+1"],"picked":"Dodge and Roll","floor":39}],"player_experience":119551,"relics_obtained":[{"floor":6,"key":"Kunai"},{"floor":26,"key":"Letter Opener"}],"event_choices":[{"damage_healed":0,"gold_gain":0,"player_choice":"Take Damage","damage_taken":17,"relics_obtained":["Golden Idol"],"max_hp_gain":0,"max_hp_loss":0,"event_name":"Golden Idol","floor":3,"gold_loss":0},{"damage_healed":0,"gold_gain":0,"cards_transformed":["Strike_G"],"player_choice":"Transformed","damage_taken":0,"max_hp_gain":0,"max_hp_loss":0,"event_name":"Transmorgrifier","floor":4,"gold_loss":0,"cards_obtained":["Heel Hook"]},{"cards_removed":["Strike_G"],"damage_healed":0,"gold_gain":0,"player_choice":"Card Removal","damage_taken":0,"max_hp_gain":0,"max_hp_loss":0,"event_name":"The Cleric","floor":11,"gold_loss":50},{"damage_healed":0,"gold_gain":0,"player_choice":"2 cards matched","damage_taken":0,"max_hp_gain":0,"max_hp_loss":0,"event_name":"Match and Keep!","floor":12,"gold_loss":0,"cards_obtained":["Neutralize","Adrenaline"]},{"cards_removed":["Strike_G"],"damage_healed":0,"gold_gain":0,"player_choice":"Card Removal","damage_taken":0,"max_hp_gain":0,"max_hp_loss":0,"event_name":"Wheel of Change","floor":28,"gold_loss":0},{"damage_healed":0,"gold_gain":0,"player_choice":"Upgrade","damage_taken":0,"max_hp_gain":0,"max_hp_loss":0,"event_name":"Designer","floor":37,"gold_loss":40,"cards_upgraded":["Envenom"]}],"is_beta":false,"boss_relics":[{"not_picked":["White Beast Statue","Coffee Dripper"],"picked":"Fusion Hammer"},{"not_picked":["Velvet Choker","Orrery"],"picked":"Ring of the Serpent"}],"items_purged_floors":[14,21],"is_endless":false,"potions_floor_spawned":[8,18,19,22,27,30,31],"killed_by":"Writhing Mass","ascension_level":0}