{"gold_per_floor":[113,45,55,73,90,90,106,106,133,133,163,174,198,216,216,216],"floor_reached":16,"playtime":673,"items_purged":[],"score":104,"play_id":"641ff072-8978-4a96-ace3-2cab9c2fd425","local_time":"20190312150244","is_ascension_mode":false,"campfire_choices":[{"data":"Zap","floor":6,"key":"SMITH"},{"data":"Dualcast","floor":8,"key":"SMITH"},{"data":"Redo","floor":15,"key":"SMITH"}],"neow_cost":"NONE","seed_source_timestamp":20080010476034,"circlet_count":0,"master_deck":["Strike_B","Strike_B","Strike_B","Strike_B","Defend_B+1","Defend_B+1","Defend_B","Defend_B+1","Zap+1","Dualcast+1","Storm","Barrage","Consume","Lockon","Ball Lightning","White Noise","Redo+1"],"relics":["Cracked Core","NeowsBlessing","Anchor","War Paint","PreservedInsect"],"potions_floor_usage":[16,16,16],"damage_taken":[{"damage":0,"enemies":"Cultist","floor":1,"turns":1},{"damage":0,"enemies":"Small Slimes","floor":3,"turns":1},{"damage":0,"enemies":"Jaw Worm","floor":4,"turns":1},{"damage":16,"enemies":"Exordium Wildlife","floor":5,"turns":4},{"damage":36,"enemies":"Lots of Slimes","floor":7,"turns":4},{"damage":18,"enemies":"Lagavulin","floor":11,"turns":5},{"damage":0,"enemies":"Blue Slaver","floor":12,"turns":2},{"damage":0,"enemies":"2 Fungi Beasts","floor":14,"turns":1},{"damage":5,"enemies":"Hexaghost","floor":16,"turns":4}],"seed_played":"4784632308115512207","potions_obtained":[{"floor":1,"key":"PowerPotion"},{"floor":3,"key":"AttackPotion"},{"floor":7,"key":"PowerPotion"},{"floor":14,"key":"FearPotion"}],"is_trial":false,"path_per_floor":["M","$","M","M","M","R","M","R","T","?","E","M","T","M","R","B"],"character_chosen":"DEFECT","items_purchased":["Storm"],"campfire_rested":0,"item_purchase_floors":[2],"current_hp_per_floor":[75,75,75,75,59,59,23,23,23,23,5,5,5,5,5,0],"gold":216,"neow_bonus":"THREE_ENEMY_KILL","is_prod":false,"is_daily":false,"chose_seed":false,"campfire_upgraded":3,"win_rate":0.0,"timestamp":1552417364,"path_taken":["M","?","M","M","M","R","M","R","T","?","E","M","?","M","R","BOSS"],"build_version":"2019-01-23","purchased_purges":0,"victory":false,"max_hp_per_floor":[75,75,75,75,75,75,75,75,75,75,75,75,75,75,75,75],"card_choices":[{"not_picked":["Scrape","Blizzard","Streamline"],"picked":"SKIP","floor":1},{"not_picked":["Cold Snap","Chaos"],"picked":"Barrage","floor":3},{"not_picked":["Barrage","Compile Driver"],"picked":"Consume","floor":4},{"not_picked":["Scrape","Conserve Battery"],"picked":"Lockon","floor":5},{"not_picked":["Reinforced Body","Barrage","Beam Cell"],"picked":"SKIP","floor":7},{"not_picked":["Compile Driver","Aggregate"],"picked":"Ball Lightning","floor":11},{"not_picked":["Force Field","Ball Lightning"],"picked":"White Noise","floor":12},{"not_picked":["Leap","Buffer"],"picked":"Redo","floor":14}],"player_experience":13423,"relics_obtained":[{"floor":9,"key":"Anchor"},{"floor":11,"key":"War Paint"},{"floor":13,"key":"PreservedInsect"}],"event_choices":[{"damage_healed":0,"gold_gain":0,"player_choice":"Grow","damage_taken":0,"max_hp_gain":0,"max_hp_loss":0,"event_name":"Living Wall","floor":10,"gold_loss":0,"cards_upgraded":["Defend_B"]}],"is_beta":false,"boss_relics":[],"items_purged_floors":[],"is_endless":false,"potions_floor_spawned":[1,3,7,14],"killed_by":"Hexaghost","ascension_level":0}