{"gold_per_floor":[116,128,148,161,178,210,228,240,266,266,266,266,236,249,249,372,372,388,169,192,206,26,26,26,3,57,77,92,92,111,126,126,247,247,266,41,66,66,87,87,101,101,101,141,141,141,6,6,6,6],"floor_reached":50,"playtime":7435,"items_purged":["Strike_G","Strike_G"],"score":528,"play_id":"f5d5a9f6-8f34-43bf-9001-c93875f06591","local_time":"20190310094404","is_ascension_mode":false,"campfire_choices":[{"floor":10.0,"key":"REST"},{"floor":12.0,"key":"REST"},{"floor":15.0,"key":"REST"},{"data":"After Image","floor":23.0,"key":"SMITH"},{"floor":29,"key":"REST"},{"data":"Tactician","floor":32,"key":"SMITH"},{"data":"Catalyst","floor":40,"key":"SMITH"},{"floor":42,"key":"REST"},{"floor":45,"key":"REST"},{"floor":49,"key":"RECALL"}],"neow_cost":"NONE","seed_source_timestamp":0,"circlet_count":0,"master_deck":["Defend_G","Defend_G","Defend_G","Defend_G","Defend_G","Strike_G","Strike_G","Strike_G","Survivor","Neutralize","Crippling Poison","Eviscerate","Dagger Throw","Predator","Caltrops","Caltrops","Poisoned Stab","Noxious Fumes","Poisoned Stab","After Image+1","Bane+1","Leg Sweep","Footwork","Eviscerate","Tactician+1","Dagger Throw","Poisoned Stab+1","Choke","Bane","Bane","Corpse Explosion","Catalyst+1","Deadly Poison+1","Acrobatics","Tactician","Catalyst","Caltrops"],"special_seed":0,"relics":["HoveringKite","Dodecahedron","Golden Idol","Snecko Eye","Happy Flower","Lizard Tail","Snake Skull","Pocketwatch","Prayer Wheel","Gremlin Horn"],"potions_floor_usage":[31,33,37,50],"damage_taken":[{"damage":7.0,"enemies":"Cultist","floor":1.0,"turns":6.0},{"damage":13.0,"enemies":"Jaw Worm","floor":2.0,"turns":8.0},{"damage":3.0,"enemies":"2 Louse","floor":3.0,"turns":3.0},{"damage":7.0,"enemies":"Looter","floor":4.0,"turns":3.0},{"damage":1.0,"enemies":"Red Slaver","floor":5.0,"turns":3.0},{"damage":16.0,"enemies":"Gremlin Nob","floor":6.0,"turns":4.0},{"damage":4.0,"enemies":"Exordium Thugs","floor":7.0,"turns":4.0},{"damage":12.0,"enemies":"Looter","floor":8.0,"turns":3.0},{"damage":5.0,"enemies":"3 Louse","floor":14.0,"turns":2.0},{"damage":31.0,"enemies":"Hexaghost","floor":16.0,"turns":8.0},{"damage":0.0,"enemies":"Chosen","floor":18.0,"turns":3.0},{"damage":2.0,"enemies":"Shell Parasite","floor":20.0,"turns":4.0},{"damage":15.0,"enemies":"Snake Plant","floor":21.0,"turns":3.0},{"damage":13,"enemies":"Shelled Parasite and Fungi","floor":27,"turns":3},{"damage":7,"enemies":"Chosen and Byrds","floor":28,"turns":5},{"damage":9,"enemies":"Centurion and Healer","floor":30,"turns":4},{"damage":3,"enemies":"Snecko","floor":31,"turns":4},{"damage":36,"enemies":"Automaton","floor":33,"turns":9},{"damage":23,"enemies":"3 Shapes","floor":35,"turns":2},{"damage":2,"enemies":"3 Darklings","floor":37,"turns":3},{"damage":2,"enemies":"4 Shapes","floor":39,"turns":3},{"damage":8,"enemies":"Jaw Worm Horde","floor":41,"turns":2},{"damage":21,"enemies":"Giant Head","floor":44,"turns":7},{"damage":100,"enemies":"Awakened One","floor":50,"turns":14}],"seed_played":"-3339053040346401424","potions_obtained":[{"floor":1.0,"key":"Weak Potion"},{"floor":5.0,"key":"Energy Potion"},{"floor":7.0,"key":"SteroidPotion"},{"floor":14.0,"key":"AttackPotion"},{"floor":27,"key":"Energy Potion"},{"floor":28,"key":"SteroidPotion"},{"floor":35,"key":"Explosive Potion"},{"floor":44,"key":"SkillPotion"}],"is_trial":false,"path_per_floor":["M","?","?","?","M","T","$","?"],"character_chosen":"THE_SILENT","items_purchased":["Leg Sweep","Footwork","Tactician","Dagger Throw","Snake Skull","Catalyst","Catalyst","Caltrops"],"campfire_rested":6,"item_purchase_floors":[19,19,22,25,36,36,47,47],"current_hp_per_floor":[63,50,47,40,39,23,19,7,7,28,11,32,32,27,48,17,70,70,70,68,53,53,53,53,53,53,40,33,54,45,42,42,6,70,47,47,45,45,43,43,35,56,56,35,56,56,56,56,56,0],"gold":6,"neow_bonus":"BOSS_RELIC","is_prod":false,"is_daily":false,"chose_seed":false,"campfire_upgraded":3,"win_rate":0,"timestamp":1552207444,"path_taken":["M","M","M","M","?","E","M","M","T","R","?","R","?","M","R","BOSS","M","$","M","M","$","R","?","$","T","M","?","R","M","M","R","BOSS","M","$","M","$","M","R","M","R","T","E","R","?","?","?","R","BOSS"],"build_version":"2019-01-23","purchased_purges":2,"victory":false,"max_hp_per_floor":[70,70,70,70,70,70,70,70,70,70,70,70,70,70,70,70,70,70,70,70,70,70,70,70,70,70,70,70,70,70,70,70,70,70,70,70,70,70,70,70,70,70,70,70,70,70,70,70,70,70],"card_choices":[{"not_picked":["Footwork","Masterful Stab"],"picked":"Crippling Poison","floor":1.0},{"not_picked":["Cloak And Dagger","Blur"],"picked":"Eviscerate","floor":2.0},{"not_picked":["Dodge and Roll","Finisher"],"picked":"Dagger Throw","floor":3.0},{"not_picked":["Deadly Poison","Masterful Stab"],"picked":"Predator","floor":4.0},{"not_picked":["Calculated Gamble","Predator"],"picked":"Caltrops","floor":5.0},{"not_picked":["Flechettes","Leg Sweep"],"picked":"Caltrops","floor":6.0},{"not_picked":["All Out Attack","Slice"],"picked":"Poisoned Stab","floor":7.0},{"not_picked":["Dagger Throw","Blur"],"picked":"Noxious Fumes","floor":8.0},{"not_picked":["Finisher","Deflect"],"picked":"Poisoned Stab","floor":14.0},{"not_picked":["Malaise","A Thousand Cuts"],"picked":"After Image","floor":16.0},{"not_picked":["Deadly Poison+1","Deflect"],"picked":"Bane+1","floor":18.0},{"not_picked":["Distraction","PiercingWail","Prepared"],"picked":"SKIP","floor":20.0},{"not_picked":["Catalyst","Bane"],"picked":"Eviscerate","floor":21.0},{"not_picked":["Dodge and Roll","Well Laid Plans+1"],"picked":"Poisoned Stab+1","floor":27},{"not_picked":["Slice","Acrobatics"],"picked":"Choke","floor":28},{"not_picked":["Deflect","Masterful Stab+1"],"picked":"Bane","floor":30},{"not_picked":["Escape Plan","Cloak And Dagger"],"picked":"Bane","floor":31},{"not_picked":["Doppelganger","Die Die Die"],"picked":"Corpse Explosion","floor":33},{"not_picked":["Calculated Gamble","Dagger Spray","Outmaneuver"],"picked":"SKIP","floor":35},{"not_picked":["Dash","Endless Agony"],"picked":"Deadly Poison+1","floor":37},{"not_picked":["Sucker Punch","Flying Knee"],"picked":"Acrobatics","floor":39},{"not_picked":["Heel Hook+1","Sucker Punch","Blade Dance+1"],"picked":"SKIP","floor":41},{"not_picked":["Dagger Spray","Slice"],"picked":"Tactician","floor":44}],"player_experience":107457,"relics_obtained":[{"floor":6.0,"key":"Dodecahedron"},{"floor":26.0,"key":"Happy Flower"},{"floor":43,"key":"Pocketwatch"},{"floor":44,"key":"Prayer Wheel"},{"floor":46,"key":"Gremlin Horn"}],"event_choices":[{"damage_healed":0.0,"max_hp_gain":0.0,"max_hp_loss":0.0,"gold_gain":0.0,"event_name":"Golden Idol","player_choice":"Take Damage","floor":11.0,"gold_loss":0.0,"damage_taken":17.0,"relics_obtained":["Golden Idol"]},{"damage_healed":0.0,"max_hp_gain":0.0,"max_hp_loss":0.0,"gold_gain":0.0,"event_name":"World of Goop","player_choice":"Left Gold","floor":13.0,"gold_loss":30.0,"damage_taken":0.0},{"damage_healed":0.0,"max_hp_gain":0.0,"max_hp_loss":0.0,"gold_gain":0.0,"event_name":"WeMeetAgain","player_choice":"Ignored","floor":24.0,"gold_loss":0.0,"damage_taken":0.0},{"damage_healed":0,"gold_gain":0,"player_choice":"Ignored","damage_taken":0,"max_hp_gain":0,"max_hp_loss":0,"event_name":"Mysterious Sphere","floor":48,"gold_loss":0}],"is_beta":false,"boss_relics":[{"not_picked":["Eternal Feather","White Beast Statue"],"picked":"Snecko Eye"},{"not_picked":["Runic Pyramid","Black Star"],"picked":"Lizard Tail"}],"items_purged_floors":[19,22],"is_endless":false,"potions_floor_spawned":[1,5,7,14,27,28,35,44],"killed_by":"Awakened One","ascension_level":0}