{"gold_per_floor":[119,137,153,172,182,217,217,232,283,283],"floor_reached":10,"playtime":656,"items_purged":[],"score":72,"play_id":"2e693a3f-bb46-4e3b-b563-816ac436bf9a","local_time":"20190312151353","is_ascension_mode":false,"campfire_choices":[{"data":"Zap","floor":7,"key":"SMITH"}],"neow_cost":"NONE","seed_source_timestamp":20766185518514,"circlet_count":0,"master_deck":["Strike_B","Strike_B","Strike_B","Strike_B","Defend_B","Defend_B","Defend_B","Defend_B","Zap+1","Dualcast","Self Repair","Sweeping Beam","Redo","Rebound","Storm","Static Discharge","Self Repair"],"relics":["Runic Pyramid","Potion Belt","Blood Vial"],"potions_floor_usage":[8],"damage_taken":[{"damage":19,"enemies":"Small Slimes","floor":1,"turns":4},{"damage":9,"enemies":"2 Louse","floor":2,"turns":3},{"damage":1,"enemies":"Cultist","floor":3,"turns":4},{"damage":12,"enemies":"3 Louse","floor":4,"turns":3},{"damage":16,"enemies":"Lots of Slimes","floor":5,"turns":3},{"damage":35,"enemies":"3 Sentries","floor":6,"turns":6},{"damage":16,"enemies":"Blue Slaver","floor":8,"turns":4},{"damage":19,"enemies":"3 Louse","floor":10,"turns":2}],"seed_played":"-6084886037838331178","potions_obtained":[{"floor":1,"key":"Strength Potion"},{"floor":4,"key":"SteroidPotion"},{"floor":5,"key":"PowerPotion"},{"floor":8,"key":"Fruit Juice"}],"is_trial":false,"path_per_floor":["M","M","M","M","M","E","R","M","T","M"],"character_chosen":"DEFECT","items_purchased":[],"campfire_rested":0,"item_purchase_floors":[],"current_hp_per_floor":[56,54,60,55,46,18,18,14,14,0],"gold":283,"neow_bonus":"BOSS_RELIC","is_prod":false,"is_daily":false,"chose_seed":false,"campfire_upgraded":1,"win_rate":0.0,"timestamp":1552418033,"path_taken":["M","M","M","M","M","E","R","M","T","M"],"build_version":"2019-01-23","purchased_purges":0,"victory":false,"max_hp_per_floor":[75,75,75,75,75,75,75,80,80,80],"card_choices":[{"not_picked":["Steam Power","Rebound"],"picked":"Self Repair","floor":1},{"not_picked":["Barrage","Undo"],"picked":"Sweeping Beam","floor":2},{"not_picked":["Chaos","Beam Cell"],"picked":"Redo","floor":3},{"not_picked":["Capacitor","Cold Snap"],"picked":"Rebound","floor":4},{"not_picked":["Redo","Stack"],"picked":"Storm","floor":5},{"not_picked":["Storm","Darkness"],"picked":"Static Discharge","floor":6},{"not_picked":["Compile Driver","Sweeping Beam"],"picked":"Self Repair","floor":8}],"player_experience":14096,"relics_obtained":[{"floor":6,"key":"Potion Belt"},{"floor":9,"key":"Blood Vial"}],"event_choices":[],"is_beta":false,"boss_relics":[],"items_purged_floors":[],"is_endless":false,"potions_floor_spawned":[1,4,5,8],"killed_by":"3 Louse","ascension_level":0}