{"gold_per_floor":[18,89,101,26,40,70,82,82,82,32,45,45,65,83,83,188,188,201,214,232,232,332,366,385,63,63,82,141,2,2,21,21,126,126,138,138,13,413,428,459,459,493,520,370,383,435,453,470,470,470,470,470,2,30,30],"floor_reached":56,"playtime":9284,"items_purged":["Defend_R","Defend_R","Defend_R","Strike_R","Strike_R"],"score":1301,"play_id":"d72babb6-873d-44f4-84e4-0e3790f252d7","local_time":"20190313141034","is_ascension_mode":false,"campfire_choices":[{"data":"Armaments","floor":12.0,"key":"SMITH"},{"floor":15.0,"key":"REST"},{"data":"Shockwave","floor":30.0,"key":"SMITH"},{"data":"Heavy Blade","floor":32,"key":"SMITH"},{"data":"Disarm","floor":41,"key":"SMITH"},{"floor":49,"key":"RECALL"},{"data":"Bash","floor":52,"key":"SMITH"}],"neow_cost":"NO_GOLD","seed_source_timestamp":0,"circlet_count":0,"master_deck":["Strike_R","Bash+1","Body Slam","Inflame","Pummel","Shrug It Off","Flame Barrier+1","Armaments+1","Shockwave+1","Spot Weakness+1","Impervious","Heavy Blade+1","Cleave","PanicButton","Disarm+1","Ghostly Armor","Bludgeon","Armaments+1","Warcry+1","Dropkick","Intimidate+1","Bludgeon","Carnage+1"],"special_seed":0,"relics":["Burning Blood","Mango","Singing Bowl","Pen Nib","Ice Cream","Busted Crown","War Paint","Bag of Marbles","Ornamental Fan","Tiny Chest","Snecko Eye","Old Coin","Ginger","Thread and Needle","Omamori","StoneCalendar","Art of War"],"potions_floor_usage":[33,40,45,55,55,55],"damage_taken":[{"damage":1.0,"enemies":"Cultist","floor":1.0,"turns":3.0},{"damage":1.0,"enemies":"2 Louse","floor":3.0,"turns":3.0},{"damage":5.0,"enemies":"Small Slimes","floor":5.0,"turns":3.0},{"damage":55.0,"enemies":"3 Sentries","floor":6.0,"turns":10.0},{"damage":18.0,"enemies":"Exordium Thugs","floor":7.0,"turns":5.0},{"damage":11.0,"enemies":"Lots of Slimes","floor":11.0,"turns":5.0},{"damage":8.0,"enemies":"Blue Slaver","floor":13.0,"turns":4.0},{"damage":0.0,"enemies":"Large Slime","floor":14.0,"turns":5.0},{"damage":31.0,"enemies":"Hexaghost","floor":16.0,"turns":10.0},{"damage":11.0,"enemies":"Spheric Guardian","floor":18.0,"turns":4.0},{"damage":1.0,"enemies":"3 Byrds","floor":19.0,"turns":4.0},{"damage":16.0,"enemies":"Snake Plant","floor":20.0,"turns":4.0},{"damage":17.0,"enemies":"Gremlin Leader","floor":23.0,"turns":5.0},{"damage":10.0,"enemies":"Cultist and Chosen","floor":24.0,"turns":4.0},{"damage":6.0,"enemies":"Chosen and Byrds","floor":27.0,"turns":4.0},{"damage":10.0,"enemies":"Book of Stabbing","floor":28.0,"turns":5.0},{"damage":8.0,"enemies":"Shelled Parasite and Fungi","floor":31.0,"turns":3.0},{"damage":23,"enemies":"Champ","floor":33,"turns":8},{"damage":5,"enemies":"3 Shapes","floor":35,"turns":2},{"damage":0,"enemies":"Mind Bloom Boss Battle","floor":38,"turns":4},{"damage":0,"enemies":"Orb Walker","floor":39,"turns":2},{"damage":19,"enemies":"Reptomancer","floor":40,"turns":3},{"damage":12,"enemies":"Giant Head","floor":42,"turns":6},{"damage":6,"enemies":"Jaw Worm Horde","floor":45,"turns":2},{"damage":4,"enemies":"Writhing Mass","floor":47,"turns":3},{"damage":2,"enemies":"Transient","floor":48,"turns":5},{"damage":16,"enemies":"Time Eater","floor":50,"turns":8},{"damage":21,"enemies":"Shield and Spear","floor":54,"turns":4},{"damage":42,"enemies":"The Heart","floor":55,"turns":7}],"seed_played":"1436091906610551939","potions_obtained":[{"floor":7.0,"key":"SkillPotion"},{"floor":14.0,"key":"Weak Potion"},{"floor":16.0,"key":"GamblersBrew"},{"floor":18.0,"key":"Weak Potion"},{"floor":27.0,"key":"Swift Potion"},{"floor":28.0,"key":"LiquidBronze"},{"floor":33,"key":"AttackPotion"},{"floor":39,"key":"Strength Potion"},{"floor":42,"key":"LiquidBronze"},{"floor":45,"key":"Energy Potion"}],"is_trial":false,"path_per_floor":["T","?","?","M","M","?","?","M","$","?","$","?","M","T","M"],"character_chosen":"IRONCLAD","items_purchased":["Pummel","Bag of Marbles","PanicButton","Ghostly Armor","StoneCalendar"],"campfire_rested":1,"item_purchase_floors":[4,25,25,29,53],"current_hp_per_floor":[94,94,94,94,94,45,33,26,26,26,21,21,21,27,55,30,96,93,98,88,88,88,79,77,77,77,79,75,75,75,75,75,58,106,106,106,106,106,106,95,95,89,89,89,89,89,93,99,99,89,112,112,112,97,61],"gold":30,"neow_bonus":"ONE_RARE_RELIC","is_prod":false,"is_daily":false,"chose_seed":false,"campfire_upgraded":5,"win_rate":0,"timestamp":1552482634,"path_taken":["M","?","M","$","M","E","M","?","T","?","?","R","M","M","R","BOSS","M","?","M","?","?","E","?","?","T","M","E","$","R","M","R","BOSS","M","?","?","?","M","E","R","E","T","$","?","?","?","M","R","BOSS","R","$","E","BOSS"],"build_version":"2019-01-23","purchased_purges":5,"victory":true,"max_hp_per_floor":[94,94,94,94,94,94,94,94,94,94,94,94,96,96,96,96,96,98,98,98,98,98,100,102,102,102,104,104,104,104,106,106,106,106,106,106,106,106,106,108,108,108,108,108,108,108,110,112,112,112,112,112,112,112,112],"card_choices":[{"not_picked":["Clash","Pommel Strike"],"picked":"Body Slam","floor":1.0},{"not_picked":["Body Slam","Cleave"],"picked":"Inflame","floor":3.0},{"not_picked":["Heavy Blade","Uppercut"],"picked":"Shrug It Off","floor":5.0},{"not_picked":["Sword Boomerang","Warcry"],"picked":"Flame Barrier","floor":6.0},{"not_picked":["Rampage","Headbutt"],"picked":"Armaments","floor":7.0},{"not_picked":["Exhume","Carnage"],"picked":"Shockwave","floor":11.0},{"not_picked":["Wild Strike","Havoc","Anger"],"picked":"Singing Bowl","floor":13.0},{"not_picked":["Entrench","True Grit"],"picked":"Spot Weakness","floor":14.0},{"not_picked":["Feed","Fiend Fire"],"picked":"Impervious","floor":16.0},{"not_picked":["Clothesline"],"picked":"Singing Bowl","floor":18.0},{"not_picked":[],"picked":"Heavy Blade","floor":19.0},{"not_picked":[],"picked":"Cleave","floor":20.0},{"not_picked":["Dual Wield"],"picked":"Singing Bowl","floor":23.0},{"not_picked":["Armaments"],"picked":"Singing Bowl","floor":24.0},{"not_picked":["Body Slam"],"picked":"Singing Bowl","floor":27.0},{"not_picked":[],"picked":"Disarm","floor":28.0},{"not_picked":["Wild Strike+1"],"picked":"Singing Bowl","floor":31.0},{"not_picked":[],"picked":"Bludgeon","floor":33},{"not_picked":[],"picked":"Armaments+1","floor":35},{"not_picked":[],"picked":"Warcry+1","floor":38},{"not_picked":[],"picked":"Dropkick","floor":39},{"not_picked":["Flex"],"picked":"Singing Bowl","floor":40},{"not_picked":[],"picked":"Intimidate+1","floor":42},{"not_picked":[],"picked":"Bludgeon","floor":45},{"not_picked":["Cleave"],"picked":"Singing Bowl","floor":47},{"not_picked":["Body Slam"],"picked":"Singing Bowl","floor":48},{"not_picked":[],"picked":"Carnage+1","floor":54}],"player_experience":197412,"relics_obtained":[{"floor":2.0,"key":"Singing Bowl"},{"floor":6.0,"key":"Pen Nib"},{"floor":9.0,"key":"Ice Cream"},{"floor":23.0,"key":"War Paint"},{"floor":26.0,"key":"Ornamental Fan"},{"floor":28.0,"key":"Tiny Chest"},{"floor":38,"key":"Old Coin"},{"floor":40,"key":"Ginger"},{"floor":42,"key":"Thread and Needle"},{"floor":46,"key":"Omamori"},{"floor":54,"key":"Art of War"}],"event_choices":[{"cards_removed":["Strike_R"],"damage_healed":0.0,"max_hp_gain":0.0,"max_hp_loss":0.0,"gold_gain":0.0,"event_name":"Golden Wing","player_choice":"Card Removal","floor":8.0,"gold_loss":0.0,"damage_taken":7.0},{"cards_removed":["Defend_R"],"damage_healed":0.0,"max_hp_gain":0.0,"max_hp_loss":0.0,"gold_gain":0.0,"event_name":"The Cleric","player_choice":"Card Removal","floor":10.0,"gold_loss":50.0,"damage_taken":0.0},{"cards_removed":["Strike_R"],"damage_healed":0.0,"max_hp_gain":0.0,"max_hp_loss":0.0,"gold_gain":0.0,"event_name":"Back to Basics","player_choice":"Elegance","floor":21.0,"gold_loss":0.0,"damage_taken":0.0},{"damage_healed":0.0,"max_hp_gain":0.0,"max_hp_loss":0.0,"gold_gain":100.0,"event_name":"Golden Shrine","player_choice":"Pray","floor":22.0,"gold_loss":0.0,"damage_taken":0.0},{"damage_healed":0,"gold_gain":0,"player_choice":"Ignored","damage_taken":0,"max_hp_gain":0,"max_hp_loss":0,"event_name":"SecretPortal","floor":36,"gold_loss":0},{"damage_healed":0,"gold_gain":0,"player_choice":"Fight","damage_taken":0,"max_hp_gain":0,"max_hp_loss":0,"event_name":"MindBloom","floor":38,"gold_loss":0}],"is_beta":false,"boss_relics":[{"not_picked":["Astrolabe","Sozu"],"picked":"Busted Crown"},{"not_picked":["Lizard Tail","Fusion Hammer"],"picked":"Snecko Eye"}],"items_purged_floors":[25,29,37,44,53],"is_endless":false,"potions_floor_spawned":[7,14,16,18,27,28,33,39,42,45],"ascension_level":0}