{"gold_per_floor":[113,113,131,143,130,161,173,173,250,250,250,264,3,14,14,115,115,129,129,140,175,175,187,187,187,187,78,91,108,108,27,27,128,128,144,144,158,11,22,22,48,65,89,100,110,110,110,110,110,110,110,110,13,39,39],"floor_reached":55,"playtime":9800,"items_purged":["Defend_B","Strike_B"],"score":726,"play_id":"45aef005-952a-4a6f-8fa5-af8bdf748b3a","local_time":"20190310165102","is_ascension_mode":false,"campfire_choices":[{"data":"White Noise","floor":8.0,"key":"SMITH"},{"data":"Hologram","floor":11.0,"key":"SMITH"},{"data":"Consume","floor":15.0,"key":"SMITH"},{"data":"Steam","floor":24.0,"key":"SMITH"},{"data":"Beam Cell","floor":32.0,"key":"SMITH"},{"floor":40.0,"key":"RECALL"},{"floor":49.0,"key":"REST"},{"data":"Leap","floor":52.0,"key":"SMITH"}],"neow_cost":"NONE","seed_source_timestamp":0,"circlet_count":0,"master_deck":["Defend_B","Defend_B","Zap","Dualcast","Self Repair+1","Steam+1","White Noise+1","Consume+1","Hologram+1","Leap+1","Beam Cell+1","White Noise+1","Fission+1","Turbo+1","Rebound+1","Echo Form+1","Streamline+1","Sunder+1","Doom and Gloom","Streamline+1","Recycle+1","Redo+1","Madness+1","Creative AI","Streamline","White Noise+1","Leap+1","White Noise+1","Glacier+1","Stack+1","Parasite","Sunder+1","Force Field+1","Madness+1","Madness+1","Storm","Stack+1","Sunder"],"special_seed":0,"relics":["Cracked Core","Blood Vial","Bottled Lightning","Toxic Egg 2","Astrolabe","WarpedTongs","Red Mask","Dream Catcher","Lizard Tail","Peace Pipe","Happy Flower","Bag of Preparation"],"potions_floor_usage":[54],"damage_taken":[{"damage":0.0,"enemies":"Small Slimes","floor":1.0,"turns":2.0},{"damage":6.0,"enemies":"Cultist","floor":3.0,"turns":3.0},{"damage":13.0,"enemies":"2 Louse","floor":4.0,"turns":3.0},{"damage":2.0,"enemies":"Exordium Thugs","floor":5.0,"turns":5.0},{"damage":28.0,"enemies":"3 Sentries","floor":6.0,"turns":7.0},{"damage":2.0,"enemies":"Looter","floor":7.0,"turns":5.0},{"damage":12.0,"enemies":"Exordium Wildlife","floor":12.0,"turns":4.0},{"damage":12.0,"enemies":"2 Fungi Beasts","floor":14.0,"turns":2.0},{"damage":23.0,"enemies":"Slime Boss","floor":16.0,"turns":8.0},{"damage":37.0,"enemies":"3 Byrds","floor":18.0,"turns":8.0},{"damage":0.0,"enemies":"Spheric Guardian","floor":20.0,"turns":3.0},{"damage":44.0,"enemies":"Masked Bandits","floor":21.0,"turns":5.0},{"damage":6.0,"enemies":"Cultist and Chosen","floor":23.0,"turns":3.0},{"damage":14.0,"enemies":"Chosen and Byrds","floor":28.0,"turns":5.0},{"damage":0.0,"enemies":"Snecko","floor":29.0,"turns":4.0},{"damage":65.0,"enemies":"Champ","floor":33.0,"turns":7.0},{"damage":15.0,"enemies":"3 Shapes","floor":35.0,"turns":3.0},{"damage":42.0,"enemies":"3 Darklings","floor":37.0,"turns":6.0},{"damage":4.0,"enemies":"Maw","floor":39.0,"turns":6.0},{"damage":58.0,"enemies":"Nemesis","floor":41.0,"turns":5.0},{"damage":0.0,"enemies":"Transient","floor":42.0,"turns":5.0},{"damage":12.0,"enemies":"Writhing Mass","floor":44.0,"turns":5.0},{"damage":35.0,"enemies":"Spire Growth","floor":45.0,"turns":5.0},{"damage":26.0,"enemies":"Donu and Deca","floor":50.0,"turns":8.0},{"damage":48,"enemies":"Shield and Spear","floor":54,"turns":7},{"damage":109,"enemies":"The Heart","floor":55,"turns":5}],"seed_played":"-469283481524693606","potions_obtained":[{"floor":3.0,"key":"Swift Potion"},{"floor":4.0,"key":"FairyPotion"},{"floor":5.0,"key":"FairyPotion"},{"floor":7.0,"key":"GamblersBrew"},{"floor":18.0,"key":"AttackPotion"},{"floor":21.0,"key":"Fire Potion"},{"floor":28.0,"key":"PowerPotion"},{"floor":37.0,"key":"SpeedPotion"},{"floor":42.0,"key":"SteroidPotion"},{"floor":54,"key":"FearPotion"}],"is_trial":false,"path_per_floor":["?","M","T","?","M","?","?","M","?","$","?","M","M","M","?","?"],"character_chosen":"DEFECT","items_purchased":["Toxic Egg 2","Recycle+1","Madness+1","Leap+1","PowerPotion","Stack+1"],"campfire_rested":1,"item_purchase_floors":[13,27,31,38,53,53],"current_hp_per_floor":[82,82,82,79,82,64,74,74,74,74,74,74,74,64,64,53,82,55,55,67,45,45,51,51,51,51,51,49,71,71,71,71,28,82,82,82,50,50,58,58,2,14,14,4,16,16,16,6,30,6,82,82,82,34,0],"gold":39,"neow_bonus":"TEN_PERCENT_HP_BONUS","is_prod":false,"is_daily":false,"chose_seed":false,"campfire_upgraded":6,"win_rate":0,"timestamp":1552233062,"path_taken":["M","?","?","M","M","E","M","R","T","?","R","M","$","M","R","BOSS","M","?","?","?","?","M","R","$","T","$","M","?","?","?","R","BOSS","M","?","M","$","M","R","E","?","T","?","?","?","$","?","R","BOSS","R","$","E","BOSS"],"build_version":"2019-01-23","purchased_purges":2,"victory":false,"max_hp_per_floor":[82,82,82,82,82,82,82,82,82,82,82,82,82,82,82,82,82,82,82,82,82,82,82,82,82,82,82,82,82,82,82,82,82,82,82,82,82,82,82,82,82,82,82,82,82,82,82,82,82,82,82,82,82,82,82],"card_choices":[{"not_picked":["Stack","Redo"],"picked":"Self Repair","floor":1.0},{"not_picked":["Leap","Consume"],"picked":"Steam","floor":3.0},{"not_picked":["Beam Cell","Turbo"],"picked":"White Noise","floor":4.0},{"not_picked":["Barrage","Steam"],"picked":"Consume","floor":5.0},{"not_picked":["Static Discharge","Biased Cognition"],"picked":"Hologram","floor":6.0},{"not_picked":["White Noise","Fusion"],"picked":"Leap","floor":7.0},{"not_picked":["Barrage","Gash"],"picked":"Beam Cell","floor":12.0},{"not_picked":["Steam+1","Rip and Tear"],"picked":"White Noise+1","floor":14.0},{"not_picked":["Reboot+1","Meteor Strike"],"picked":"Fission+1","floor":16.0},{"not_picked":["Cold Snap","Coolheaded+1"],"picked":"Streamline+1","floor":18.0},{"not_picked":["Cold Snap","Conserve Battery+1"],"picked":"Sunder+1","floor":20.0},{"not_picked":["Consume+1","Ball Lightning+1"],"picked":"Doom and Gloom","floor":21.0},{"not_picked":["Barrage","Hologram+1"],"picked":"Streamline+1","floor":23.0},{"not_picked":["Blizzard","Turbo+1","Undo+1"],"picked":"SKIP","floor":28.0},{"not_picked":["Auto Shields+1","Undo+1"],"picked":"Cold Snap+1","floor":29.0},{"not_picked":["Biased Cognition","All For One"],"picked":"Creative AI","floor":33.0},{"not_picked":["Coolheaded+1","Recycle+1"],"picked":"Streamline","floor":35.0},{"not_picked":["Turbo+1","Self Repair"],"picked":"White Noise+1","floor":37.0},{"not_picked":["Melter+1","Gash+1"],"picked":"White Noise+1","floor":39.0},{"not_picked":["Hologram+1","Sweeping Beam+1"],"picked":"Glacier+1","floor":41.0},{"not_picked":["Reinforced Body+1","BootSequence+1"],"picked":"Stack+1","floor":42.0},{"not_picked":["Conserve Battery+1","Fusion+1"],"picked":"Sunder+1","floor":44.0},{"not_picked":["Rebound+1","Creative AI"],"picked":"Force Field+1","floor":45.0},{"not_picked":["Beam Cell","Cold Snap"],"picked":"Storm","floor":49.0},{"not_picked":["Hologram+1","Echo Form"],"picked":"Sunder","floor":54}],"player_experience":125427,"relics_obtained":[{"floor":6.0,"key":"Blood Vial"},{"floor":9.0,"key":"Bottled Lightning"},{"floor":21.0,"key":"Red Mask"},{"floor":26.0,"key":"Dream Catcher"},{"floor":41.0,"key":"Peace Pipe"},{"floor":43.0,"key":"Happy Flower"},{"floor":54,"key":"Bag of Preparation"}],"event_choices":[{"damage_healed":0.0,"max_hp_gain":0.0,"max_hp_loss":0.0,"gold_gain":0.0,"event_name":"Upgrade Shrine","player_choice":"Upgraded","floor":2.0,"gold_loss":0.0,"damage_taken":0.0,"cards_upgraded":["Self Repair"]},{"damage_healed":0.0,"max_hp_gain":0.0,"max_hp_loss":0.0,"gold_gain":0.0,"event_name":"Accursed Blacksmith","player_choice":"Rummage","floor":19.0,"gold_loss":0.0,"damage_taken":0.0,"relics_obtained":["WarpedTongs"],"cards_obtained":["Pain"]},{"damage_healed":0.0,"max_hp_gain":0.0,"max_hp_loss":0.0,"gold_gain":0.0,"event_name":"Masked Bandits","player_choice":"Fought Bandits","floor":21.0,"gold_loss":0.0,"damage_taken":0.0},{"cards_removed":["Pain"],"damage_healed":0.0,"max_hp_gain":0.0,"max_hp_loss":0.0,"gold_gain":0.0,"event_name":"Back to Basics","player_choice":"Elegance","floor":22.0,"gold_loss":0.0,"damage_taken":0.0},{"damage_healed":0.0,"max_hp_gain":0.0,"max_hp_loss":0.0,"gold_gain":0.0,"cards_transformed":["Defend_B","Cold Snap"],"event_name":"Drug Dealer","player_choice":"Became Test Subject","floor":30.0,"gold_loss":0.0,"damage_taken":0.0,"cards_obtained":["Echo Form","Redo"]},{"damage_healed":0.0,"max_hp_gain":0.0,"max_hp_loss":0.0,"gold_gain":0.0,"event_name":"NoteForYourself","player_choice":"Ignored","floor":36.0,"gold_loss":0.0,"damage_taken":0.0},{"cards_removed":["Echo Form"],"damage_healed":0.0,"max_hp_gain":0.0,"max_hp_loss":0.0,"gold_gain":0.0,"event_name":"Falling","player_choice":"Removed Power","floor":46.0,"gold_loss":0.0,"damage_taken":0.0},{"damage_healed":0.0,"max_hp_gain":0.0,"max_hp_loss":0.0,"gold_gain":0.0,"event_name":"Winding Halls","player_choice":"Embrace Madness","floor":48.0,"gold_loss":0.0,"damage_taken":10.0,"cards_obtained":["Madness","Madness"]}],"is_beta":false,"boss_relics":[{"not_picked":["Orrery","Busted Crown"],"picked":"Astrolabe"},{"not_picked":["Inserter","Calling Bell"],"picked":"Lizard Tail"}],"items_purged_floors":[27,38],"is_endless":false,"potions_floor_spawned":[3,4,5,7,18,21,28,37,42,54],"killed_by":"The Heart","ascension_level":0}