{"gold_per_floor":[113,113,113,139,289,289,301,327,327,339,368,368,368,394,394,466,466,476,490,501,41,52,52,52,78,102,113,113,28,28],"floor_reached":30,"playtime":1712,"items_purged":[],"score":567,"play_id":"c78e4ec6-0177-497e-b61d-41cb176eb4cc","local_time":"20181223143640","is_ascension_mode":true,"campfire_choices":[{"data":"Neutralize","floor":6.0,"key":"SMITH"},{"floor":12.0,"key":"REST"},{"data":"Escape Plan","floor":15.0,"key":"SMITH"},{"floor":23.0,"key":"REST"}],"neow_cost":"NONE","seed_source_timestamp":13218271269881,"circlet_count":0,"master_deck":["AscendersBane","Defend_G","Defend_G","Defend_G","Defend_G","Defend_G","Strike_G","Strike_G","Strike_G","Strike_G","Strike_G","Survivor","Neutralize+1","Leg Sweep+1","Dodge and Roll","Dagger Spray","Deflect","Escape Plan+1","Flechettes","After Image","All Out Attack+1","Cloak And Dagger","Cloak And Dagger","Apotheosis","Crippling Poison+1","PiercingWail"],"special_seed":0,"relics":["Ring of the Snake","NeowsBlessing","Kunai","Boot","Pantograph","Bottled Flame","Matryoshka","Turnip","WristBlade","Gremlin Horn","Sundial","Snake Skull","Happy Flower"],"potions_floor_usage":[30],"damage_taken":[{"damage":0.0,"enemies":"Jaw Worm","floor":1.0,"turns":1.0},{"damage":0.0,"enemies":"2 Louse","floor":7.0,"turns":1.0},{"damage":0.0,"enemies":"Lagavulin","floor":8.0,"turns":1.0},{"damage":0.0,"enemies":"Cultist","floor":10.0,"turns":4.0},{"damage":33.0,"enemies":"Gremlin Nob","floor":11.0,"turns":6.0},{"damage":27.0,"enemies":"3 Sentries","floor":14.0,"turns":12.0},{"damage":29.0,"enemies":"The Guardian","floor":16.0,"turns":23.0},{"damage":2.0,"enemies":"Spheric Guardian","floor":18.0,"turns":14.0},{"damage":0.0,"enemies":"3 Byrds","floor":19.0,"turns":4.0},{"damage":13.0,"enemies":"Centurion and Healer","floor":20.0,"turns":24.0},{"damage":30.0,"enemies":"Snecko","floor":22.0,"turns":7.0},{"damage":10.0,"enemies":"Slavers","floor":25.0,"turns":7.0},{"damage":4,"enemies":"Snake Plant","floor":27,"turns":6},{"damage":16,"enemies":"Book of Stabbing","floor":30,"turns":5}],"seed_played":"2397735850775670938","potions_obtained":[{"floor":7.0,"key":"Explosive Potion"},{"floor":8.0,"key":"EssenceOfSteel"},{"floor":22.0,"key":"GhostInAJar"}],"is_trial":false,"path_per_floor":["M","?","?","T","?","R","M","E","T","M","E","R","?","E","R","B",null,"M","M","M","$","M","R","$","E","T","M","?","$","E"],"character_chosen":"THE_SILENT","items_purchased":["Apotheosis","Gremlin Horn","GhostInAJar"],"campfire_rested":2,"item_purchase_floors":[21,21,29],"current_hp_per_floor":[59,59,54,54,54,54,54,54,54,54,21,40,40,13,13,9,52,50,50,37,37,7,26,26,16,16,12,12,12,0],"gold":28,"neow_bonus":"THREE_ENEMY_KILL","is_prod":false,"is_daily":false,"chose_seed":false,"campfire_upgraded":2,"win_rate":0,"timestamp":1545572200,"path_taken":["M","?","?","?","?","R","M","E","T","?","E","R","?","E","R","BOSS","M","M","M","$","M","R","?","E","T","M","?","$","E"],"build_version":"2018-12-20","purchased_purges":0,"victory":false,"max_hp_per_floor":[66,66,66,66,66,66,66,66,66,66,66,66,66,66,66,66,66,66,66,66,66,66,66,66,66,66,66,66,66,66],"card_choices":[{"not_picked":["Sucker Punch","Bane"],"picked":"Leg Sweep","floor":1.0},{"not_picked":["Prepared","Acrobatics"],"picked":"Dodge and Roll","floor":7.0},{"not_picked":["Acrobatics","Deadly Poison"],"picked":"Dagger Spray","floor":8.0},{"not_picked":["Skewer","Storm of Steel"],"picked":"Deflect","floor":10.0},{"not_picked":["Bane","Deflect"],"picked":"Escape Plan","floor":11.0},{"not_picked":["Prepared","Catalyst"],"picked":"Flechettes","floor":14.0},{"not_picked":["Wraith Form v2","Night Terror"],"picked":"After Image","floor":16.0},{"not_picked":["Bane","Terror"],"picked":"All Out Attack+1","floor":18.0},{"not_picked":["Dodge and Roll","Quick Slash"],"picked":"Cloak And Dagger","floor":19.0},{"not_picked":["Dagger Throw","Prepared"],"picked":"Cloak And Dagger","floor":20.0},{"not_picked":["Dodge and Roll","Acrobatics","Deadly Poison"],"picked":"SKIP","floor":22.0},{"not_picked":["Well Laid Plans","Catalyst"],"picked":"Crippling Poison+1","floor":25.0},{"not_picked":["Crippling Poison","Slice+1"],"picked":"PiercingWail","floor":27}],"player_experience":860618,"relics_obtained":[{"floor":4.0,"key":"Boot"},{"floor":8.0,"key":"Pantograph"},{"floor":9.0,"key":"Bottled Flame"},{"floor":11.0,"key":"Matryoshka"},{"floor":14.0,"key":"Turnip"},{"floor":25.0,"key":"Sundial"},{"floor":26.0,"key":"Snake Skull"},{"floor":26.0,"key":"Happy Flower"}],"event_choices":[{"damage_healed":0.0,"max_hp_gain":0.0,"max_hp_loss":0.0,"gold_gain":0.0,"event_name":"Living Wall","player_choice":"Grow","floor":2.0,"gold_loss":0.0,"damage_taken":0.0,"cards_upgraded":["Leg Sweep"]},{"damage_healed":0.0,"max_hp_gain":0.0,"max_hp_loss":0.0,"gold_gain":0.0,"event_name":"Scrap Ooze","player_choice":"Success","floor":3.0,"gold_loss":0.0,"damage_taken":5.0,"relics_obtained":["Kunai"]},{"damage_healed":0.0,"max_hp_gain":0.0,"max_hp_loss":0.0,"gold_gain":150.0,"event_name":"Liars Game","player_choice":"AGREE","floor":5.0,"gold_loss":0.0,"damage_taken":0.0,"cards_obtained":["Doubt"]},{"cards_removed":["Doubt"],"damage_healed":0.0,"max_hp_gain":0.0,"max_hp_loss":0.0,"gold_gain":0.0,"event_name":"Wheel of Change","player_choice":"Card Removal","floor":13.0,"gold_loss":0.0,"damage_taken":0.0},{"damage_healed":0,"gold_gain":0,"player_choice":"Ignored","damage_taken":0,"max_hp_gain":0,"max_hp_loss":0,"event_name":"Ghosts","floor":28,"gold_loss":0}],"is_beta":true,"boss_relics":[{"not_picked":["Coffee Dripper","HoveringKite"],"picked":"WristBlade"}],"items_purged_floors":[],"is_endless":false,"potions_floor_spawned":[7,8,22],"killed_by":"Book of Stabbing","ascension_level":19}