{"gold_per_floor":[119,133,308,328,328,328,346,366,393,409,422,130,104,114,114,114],"floor_reached":16,"playtime":885,"items_purged":["Bash"],"score":98,"play_id":"81c06445-4d07-41a1-9cc7-310d94d9886c","local_time":"20190222215031","is_ascension_mode":false,"campfire_choices":[{"data":"Strike_R","floor":6,"key":"SMITH"},{"floor":15,"key":"REST"}],"neow_cost":"","seed_source_timestamp":550125111230133,"circlet_count":0,"master_deck":["Strike_R","Strike_R","Strike_R","Strike_R+1","Strike_R","Defend_R+1","Defend_R+1","Defend_R","Defend_R","Doubt","Rampage","Rage"],"relics":["Burning Blood","War Paint","Anchor"],"potions_floor_usage":[8,11,16],"damage_taken":[{"damage":14,"enemies":"2 Louse","floor":1,"turns":3},{"damage":15,"enemies":"Jaw Worm","floor":2,"turns":4},{"damage":6,"enemies":"Cultist","floor":4,"turns":3},{"damage":23,"enemies":"Large Slime","floor":7,"turns":9},{"damage":14,"enemies":"Gremlin Gang","floor":8,"turns":8},{"damage":8,"enemies":"2 Fungi Beasts","floor":10,"turns":5},{"damage":27,"enemies":"Exordium Wildlife","floor":11,"turns":6},{"damage":9,"enemies":"Exordium Thugs","floor":13,"turns":5},{"damage":8,"enemies":"Lots of Slimes","floor":14,"turns":6},{"damage":19,"enemies":"The Guardian","floor":16,"turns":3}],"seed_played":"-9021036709132019726","potions_obtained":[{"floor":1,"key":"SteroidPotion"},{"floor":7,"key":"Poison Potion"},{"floor":10,"key":"Ancient Potion"},{"floor":11,"key":"Swift Potion"}],"is_trial":false,"path_per_floor":["M","M","?","M","?","R","M","M","T","M","M","$","M","M","R","B"],"character_chosen":"IRONCLAD","items_purchased":["Rage","Anchor"],"campfire_rested":1,"item_purchase_floors":[12,12],"current_hp_per_floor":[72,63,63,63,63,63,46,38,38,36,15,15,12,10,34,15],"gold":114,"neow_bonus":"","is_prod":false,"is_daily":false,"chose_seed":false,"campfire_upgraded":1,"win_rate":0.0,"timestamp":1550901031,"path_taken":["M","M","?","M","?","R","?","M","T","M","M","?","M","M","R","BOSS"],"build_version":"2019-01-23","purchased_purges":1,"victory":false,"max_hp_per_floor":[80,80,80,80,80,80,80,80,80,80,80,80,80,80,80,80],"card_choices":[{"not_picked":["Rupture","Perfected Strike","Iron Wave"],"picked":"SKIP","floor":1},{"not_picked":["True Grit","Corruption","Thunderclap"],"picked":"SKIP","floor":2},{"not_picked":["Pummel","Twin Strike","Iron Wave"],"picked":"SKIP","floor":4},{"not_picked":["Dual Wield","Cleave","Combust"],"picked":"SKIP","floor":7},{"not_picked":["Juggernaut","Iron Wave","Thunderclap"],"picked":"SKIP","floor":8},{"not_picked":["Sword Boomerang","Body Slam"],"picked":"Rampage","floor":10},{"not_picked":["Armaments","Uppercut","Feel No Pain"],"picked":"SKIP","floor":11},{"not_picked":["Reckless Charge","Entrench","Hemokinesis"],"picked":"SKIP","floor":13},{"not_picked":["Armaments","Iron Wave","Berserk"],"picked":"SKIP","floor":14}],"player_experience":0,"relics_obtained":[{"floor":9,"key":"War Paint"}],"event_choices":[{"damage_healed":0,"gold_gain":175,"player_choice":"AGREE","damage_taken":0,"max_hp_gain":0,"max_hp_loss":0,"event_name":"Liars Game","floor":3,"gold_loss":0,"cards_obtained":["Doubt"]},{"damage_healed":0,"gold_gain":0,"player_choice":"Ignored","damage_taken":0,"max_hp_gain":0,"max_hp_loss":0,"event_name":"Golden Idol","floor":5,"gold_loss":0}],"is_beta":false,"boss_relics":[],"items_purged_floors":[12],"is_endless":false,"potions_floor_spawned":[1,7,10,11],"killed_by":"The Guardian","ascension_level":0}