{"gold_per_floor":[112,112,112,37,37,66,66,82,82,95,95,120,135,135,135,209,209,209],"floor_reached":18,"playtime":559,"items_purged":[],"score":390,"play_id":"ff76acc0-d026-4cc7-9948-3b7aa3bfb40c","local_time":"20190309220844","is_ascension_mode":true,"campfire_choices":[{"data":"Defragment","floor":7.0,"key":"SMITH"},{"floor":15,"key":"REST"}],"neow_cost":"NONE","seed_source_timestamp":35883466749605,"circlet_count":0,"master_deck":["AscendersBane","Strike_B","Strike_B","Strike_B","Strike_B","Defend_B+1","Defend_B","Defend_B","Defend_B","Zap+1","Dualcast+1","Cold Snap","Defragment+1","Go for the Eyes","Ball Lightning","Glacier","Thunder Strike+1","Leap","Echo Form","Normality","Writhe","Doubt"],"special_seed":0,"relics":["Cracked Core","NeowsBlessing","Matryoshka","Unceasing Top","Juzu Bracelet","Art of War","Calling Bell","Pen Nib","Kunai","Thread and Needle"],"potions_floor_usage":[11,18],"damage_taken":[{"damage":0.0,"enemies":"Small Slimes","floor":1.0,"turns":1.0},{"damage":0.0,"enemies":"Lagavulin","floor":6.0,"turns":1.0},{"damage":0.0,"enemies":"Jaw Worm","floor":8.0,"turns":1.0},{"damage":0.0,"enemies":"Cultist","floor":10.0,"turns":2.0},{"damage":0,"enemies":"Gremlin Gang","floor":11,"turns":1},{"damage":30,"enemies":"3 Sentries","floor":12,"turns":8},{"damage":9,"enemies":"Exordium Wildlife","floor":13,"turns":2},{"damage":18,"enemies":"The Guardian","floor":16,"turns":12},{"damage":22,"enemies":"Chosen","floor":18,"turns":5}],"seed_played":"8745256194561886021","potions_obtained":[{"floor":1.0,"key":"SmokeBomb"},{"floor":16,"key":"PowerPotion"}],"is_trial":false,"path_per_floor":["M","?","?","$","T","E","R","M","T","M","M","E","M","?","R","B",null,"M"],"character_chosen":"DEFECT","items_purchased":["Defragment"],"campfire_rested":1,"item_purchase_floors":[4],"current_hp_per_floor":[64,43,43,43,43,43,43,43,43,43,43,13,4,4,25,7,55,33],"gold":209,"neow_bonus":"THREE_ENEMY_KILL","is_prod":false,"is_daily":false,"chose_seed":false,"campfire_upgraded":1,"win_rate":0,"timestamp":1552165724,"path_taken":["M","?","?","$","?","E","R","M","T","M","M","E","M","?","R","BOSS","M"],"build_version":"2019-02-06","purchased_purges":0,"victory":false,"max_hp_per_floor":[71,71,71,71,71,71,71,71,71,71,71,71,71,71,71,71,71,71],"card_choices":[{"not_picked":["Steam","Lockon"],"picked":"Cold Snap","floor":1.0},{"not_picked":["Undo","Streamline"],"picked":"Go for the Eyes","floor":6.0},{"not_picked":["Coolheaded","Beam Cell"],"picked":"Ball Lightning","floor":8.0},{"not_picked":["Force Field","Static Discharge"],"picked":"Glacier","floor":10.0},{"not_picked":["Stack","Gash"],"picked":"Thunder Strike","floor":12},{"not_picked":["Cold Snap","Skim"],"picked":"Leap","floor":13},{"not_picked":["Buffer","Hyperbeam"],"picked":"Echo Form","floor":16}],"player_experience":1003418,"relics_obtained":[{"floor":5.0,"key":"Matryoshka"},{"floor":6.0,"key":"Unceasing Top"},{"floor":9.0,"key":"Juzu Bracelet"},{"floor":12,"key":"Art of War"},{"floor":17,"key":"Pen Nib"},{"floor":17,"key":"Kunai"},{"floor":17,"key":"Thread and Needle"}],"event_choices":[{"damage_healed":0.0,"max_hp_gain":0.0,"max_hp_loss":0.0,"gold_gain":0.0,"event_name":"Shining Light","player_choice":"Entered Light","floor":2.0,"gold_loss":0.0,"damage_taken":21.0,"cards_upgraded":["Dualcast","Defend_B"]},{"damage_healed":0.0,"max_hp_gain":0.0,"max_hp_loss":0.0,"gold_gain":0.0,"event_name":"Living Wall","player_choice":"Grow","floor":3.0,"gold_loss":0.0,"damage_taken":0.0,"cards_upgraded":["Zap"]},{"damage_healed":0,"gold_gain":0,"player_choice":"Upgraded","damage_taken":0,"max_hp_gain":0,"max_hp_loss":0,"event_name":"Upgrade Shrine","floor":14,"gold_loss":0,"cards_upgraded":["Thunder Strike"]}],"is_beta":true,"boss_relics":[{"not_picked":["FrozenCore","Runic Dome"],"picked":"Calling Bell"}],"items_purged_floors":[],"is_endless":false,"potions_floor_spawned":[1,11,16],"killed_by":"Chosen","ascension_level":20}