{"gold_per_floor":[111,111,131,131,131,131,145,179,179,179,207,266,266,277,277,354,354,373,373,387,215,233,233],"floor_reached":23,"playtime":806,"items_purged":[],"score":398,"play_id":"b9cb89d0-17cd-46a8-b537-59767086d832","local_time":"20190305183300","is_ascension_mode":true,"campfire_choices":[{"data":"Zap","floor":6.0,"key":"SMITH"},{"data":"Genetic Algorithm","floor":10.0,"key":"SMITH"},{"floor":13.0,"key":"RECALL"},{"floor":15.0,"key":"REST"}],"neow_cost":"NONE","seed_source_timestamp":26140222108939,"circlet_count":0,"master_deck":["AscendersBane","Strike_B","Strike_B","Strike_B","Strike_B","Defend_B","Defend_B+1","Defend_B","Defend_B","Zap+1","Dualcast+1","Chaos+1","Doom and Gloom","Genetic Algorithm+1","Redo+1","Barrage+1","Capacitor","Creative AI","Conserve Battery+1","Glacier+1","BootSequence+1","FTL+1"],"special_seed":0,"relics":["Cracked Core","NeowsBlessing","Meat on the Bone","War Paint","Toxic Egg 2","Molten Egg 2","Ancient Tea Set","Inserter","Bag of Preparation"],"potions_floor_usage":[23],"damage_taken":[{"damage":0.0,"enemies":"2 Louse","floor":1.0,"turns":1.0},{"damage":0.0,"enemies":"Jaw Worm","floor":3.0,"turns":1.0},{"damage":0.0,"enemies":"Small Slimes","floor":7.0,"turns":1.0},{"damage":20.0,"enemies":"Lagavulin","floor":8.0,"turns":5.0},{"damage":35.0,"enemies":"3 Sentries","floor":11.0,"turns":11.0},{"damage":6.0,"enemies":"3 Sentries","floor":12.0,"turns":4.0},{"damage":8.0,"enemies":"Blue Slaver","floor":14.0,"turns":3.0},{"damage":23.0,"enemies":"Slime Boss","floor":16.0,"turns":8.0},{"damage":13.0,"enemies":"3 Byrds","floor":18.0,"turns":4.0},{"damage":16,"enemies":"2 Thieves","floor":20,"turns":5},{"damage":19,"enemies":"Snake Plant","floor":22,"turns":4},{"damage":48,"enemies":"Gremlin Leader","floor":23,"turns":5}],"seed_played":"1353854148720919518","potions_obtained":[{"floor":3.0,"key":"Strength Potion"},{"floor":8.0,"key":"Dexterity Potion"},{"floor":11.0,"key":"SpeedPotion"},{"floor":16.0,"key":"Poison Potion"}],"is_trial":false,"path_per_floor":["M","?","M","?","$","R","M","E","T","R","E","?","R","M","R","B",null,"M","?","M","$","M","E"],"character_chosen":"DEFECT","items_purchased":["Bag of Preparation"],"campfire_rested":1,"item_purchase_floors":[21],"current_hp_per_floor":[64,64,64,59,59,59,59,39,39,39,16,22,22,26,47,36,62,49,49,45,45,38,0],"gold":233,"neow_bonus":"THREE_ENEMY_KILL","is_prod":false,"is_daily":false,"chose_seed":false,"campfire_upgraded":2,"win_rate":0,"timestamp":1551807180,"path_taken":["M","?","M","?","$","R","M","E","T","R","E","?","R","M","R","BOSS","M","?","M","$","M","E"],"build_version":"2019-02-06","purchased_purges":0,"victory":false,"max_hp_per_floor":[71,71,71,71,71,71,71,71,71,71,71,71,71,71,71,71,71,71,71,71,71,71,71],"card_choices":[{"not_picked":["Steam","Recycle"],"picked":"Chaos","floor":1.0},{"not_picked":["Rip and Tear","Reinforced Body","Recycle"],"picked":"SKIP","floor":3.0},{"not_picked":["Consume","Storm"],"picked":"Doom and Gloom","floor":7.0},{"not_picked":["Cold Snap","Doom and Gloom"],"picked":"Genetic Algorithm","floor":8.0},{"not_picked":["Turbo+1","Heatsinks"],"picked":"Redo+1","floor":11.0},{"not_picked":["Turbo+1","Fusion+1"],"picked":"Barrage+1","floor":12.0},{"not_picked":["Sweeping Beam+1","Heatsinks"],"picked":"Capacitor","floor":14.0},{"not_picked":["All For One+1","Reboot+1"],"picked":"Creative AI","floor":16.0},{"not_picked":["Hologram+1","Tempest+1"],"picked":"Conserve Battery+1","floor":18.0},{"not_picked":["Go for the Eyes+1","Redo+1"],"picked":"BootSequence+1","floor":20},{"not_picked":["Streamline+1","Go for the Eyes+1"],"picked":"FTL+1","floor":22}],"player_experience":995004,"relics_obtained":[{"floor":8.0,"key":"War Paint"},{"floor":9.0,"key":"Toxic Egg 2"},{"floor":11.0,"key":"Molten Egg 2"},{"floor":12.0,"key":"Ancient Tea Set"}],"event_choices":[{"damage_healed":0.0,"max_hp_gain":0.0,"max_hp_loss":0.0,"gold_gain":0.0,"event_name":"Living Wall","player_choice":"Grow","floor":2.0,"gold_loss":0.0,"damage_taken":0.0,"cards_upgraded":["Chaos"]},{"damage_healed":0.0,"max_hp_gain":0.0,"max_hp_loss":0.0,"gold_gain":0.0,"event_name":"Scrap Ooze","player_choice":"Success","floor":4.0,"gold_loss":0.0,"damage_taken":5.0,"relics_obtained":["Meat on the Bone"]},{"damage_healed":0.0,"max_hp_gain":0.0,"max_hp_loss":0.0,"gold_gain":0.0,"event_name":"Dead Adventurer","player_choice":"Searched \u00272\u0027 times","floor":12.0,"gold_loss":0.0,"damage_taken":0.0},{"damage_healed":0.0,"max_hp_gain":0.0,"max_hp_loss":0.0,"gold_gain":0.0,"event_name":"The Library","player_choice":"Read","floor":19.0,"gold_loss":0.0,"damage_taken":0.0,"cards_obtained":["Glacier"]}],"is_beta":true,"boss_relics":[{"not_picked":["Coffee Dripper","Tiny House"],"picked":"Inserter"}],"items_purged_floors":[],"is_endless":false,"potions_floor_spawned":[3,8,11,16],"killed_by":"Gremlin Leader","ascension_level":20}