{"gold_per_floor":[117,117,191,191,156,194,194,207,278,26,26,39,58,81,81,202,202,221,74,87,186,207,207,241,261,261,261,276,300,300,320,320,450,450,464,464,484,508,67,67,67,87,87,212,236,236,236,236,236,236],"floor_reached":51,"playtime":5549,"items_purged":["Strike_R","Strike_R"],"score":855,"play_id":"75f85ff3-7c9d-46d5-88e7-99cfc6e4e878","local_time":"20190102155245","is_ascension_mode":true,"campfire_choices":[{"data":"Shrug It Off","floor":7.0,"key":"SMITH"},{"data":"Flex","floor":15.0,"key":"SMITH"},{"data":"Rampage","floor":23.0,"key":"SMITH"},{"floor":32.0,"key":"REST"},{"floor":40.0,"key":"REST"},{"data":"Pommel Strike","floor":47,"key":"SMITH"},{"floor":49,"key":"REST"}],"neow_cost":"NONE","seed_source_timestamp":0,"circlet_count":0,"master_deck":["Strike_R","Strike_R","Strike_R","Defend_R","Defend_R","Defend_R","Defend_R","Bash+1","Shrug It Off+1","Battle Trance","Flex+1","Infernal Blade+1","Pommel Strike+1","Impervious+1","Impervious+1","Rampage+1","Inflame+1","Flame Barrier+1","Armaments+1","Shockwave+1","Offering+1","True Grit+1","Limit Break+1","Armaments+1","Sword Boomerang+1","Impatience+1"],"special_seed":0,"relics":["Burning Blood","Golden Idol","Self Forming Clay","Toxic Egg 2","Frozen Egg 2","Velvet Choker","Centennial Puzzle","Ornamental Fan","Nloth\u0027s Gift","Sozu","HandDrill","PreservedInsect","Champion Belt"],"potions_floor_usage":[50],"damage_taken":[{"damage":0.0,"enemies":"Small Slimes","floor":1.0,"turns":1.0},{"damage":0.0,"enemies":"Gremlin Nob","floor":6.0,"turns":1.0},{"damage":0.0,"enemies":"2 Louse","floor":8.0,"turns":1.0},{"damage":18.0,"enemies":"Jaw Worm","floor":12.0,"turns":4.0},{"damage":22.0,"enemies":"Exordium Thugs","floor":13.0,"turns":7.0},{"damage":0.0,"enemies":"3 Louse","floor":14.0,"turns":4.0},{"damage":35.0,"enemies":"The Guardian","floor":16.0,"turns":15.0},{"damage":9.0,"enemies":"Chosen","floor":18.0,"turns":6.0},{"damage":0.0,"enemies":"Spheric Guardian","floor":20.0,"turns":4.0},{"damage":14.0,"enemies":"Cultist and Chosen","floor":22.0,"turns":6.0},{"damage":31.0,"enemies":"Slavers","floor":24.0,"turns":8.0},{"damage":0.0,"enemies":"Snake Plant","floor":25.0,"turns":4.0},{"damage":9.0,"enemies":"Snecko","floor":28.0,"turns":5.0},{"damage":14.0,"enemies":"Chosen and Byrds","floor":29.0,"turns":5.0},{"damage":0.0,"enemies":"Gremlin Leader","floor":30.0,"turns":2.0},{"damage":2.0,"enemies":"Shelled Parasite and Fungi","floor":31.0,"turns":7.0},{"damage":65.0,"enemies":"Collector","floor":33.0,"turns":15.0},{"damage":7.0,"enemies":"3 Darklings","floor":35.0,"turns":5.0},{"damage":6.0,"enemies":"3 Shapes","floor":37.0,"turns":9.0},{"damage":20.0,"enemies":"Maw","floor":38.0,"turns":8.0},{"damage":13.0,"enemies":"Spire Growth","floor":42.0,"turns":4.0},{"damage":3.0,"enemies":"Mind Bloom Boss Battle","floor":44.0,"turns":8.0},{"damage":8,"enemies":"3 Darklings","floor":45,"turns":8},{"damage":70,"enemies":"Awakened One","floor":50,"turns":14}],"seed_played":"-1990128602942698982","potions_obtained":[{"floor":6.0,"key":"Fire Potion"},{"floor":8.0,"key":"SmokeBomb"},{"floor":14.0,"key":"Dexterity Potion"},{"floor":20.0,"key":"Block Potion"},{"floor":24.0,"key":"EssenceOfSteel"},{"floor":28.0,"key":"PowerPotion"},{"floor":33.0,"key":"FearPotion"}],"is_trial":false,"path_per_floor":["M","?","?","?","?","E","R","M","T","$","$","M","M","M","R","B",null,"M","$","M","?","M","R","E","M","T","?","M","M","E","M","R","B",null,"M","?","M","M","$","R","$","M","T","?","M","?","R","?","R","B",null],"character_chosen":"IRONCLAD","items_purchased":["Frozen Egg 2","Inflame+1","Limit Break+1","HandDrill"],"campfire_rested":3,"item_purchase_floors":[10,19,39,39],"current_hp_per_floor":[80,80,80,60,80,80,80,80,80,80,80,68,52,58,58,29,67,64,64,70,70,62,62,37,43,43,43,40,32,38,42,66,7,62,61,61,61,47,47,71,71,64,64,67,65,65,65,65,80,16],"gold":236,"neow_bonus":"THREE_ENEMY_KILL","is_prod":false,"is_daily":false,"chose_seed":false,"campfire_upgraded":4,"win_rate":0,"timestamp":1546462365,"path_taken":["M","?","?","?","?","E","R","?","T","?","$","M","M","M","R","BOSS","M","$","M","?","M","R","E","M","T","?","M","?","E","M","R","BOSS","M","?","M","M","$","R","$","M","T","?","?","?","R","?","R","BOSS"],"build_version":"2018-12-20","purchased_purges":2,"victory":true,"max_hp_per_floor":[80,80,80,80,80,80,80,80,80,80,80,80,80,80,80,80,80,80,80,80,80,80,80,80,80,80,80,80,80,80,80,80,80,80,80,80,80,80,80,80,80,80,80,80,80,80,80,80,80,80],"card_choices":[{"not_picked":["True Grit","Heavy Blade"],"picked":"Shrug It Off","floor":1.0},{"not_picked":["Wild Strike","Clash"],"picked":"Battle Trance","floor":6.0},{"not_picked":["Clash","Infernal Blade"],"picked":"Flex","floor":8.0},{"not_picked":["Double Tap+1","Warcry+1"],"picked":"Infernal Blade+1","floor":12.0},{"not_picked":["Fire Breathing+1","Headbutt"],"picked":"Pommel Strike","floor":13.0},{"not_picked":["Perfected Strike","Carnage"],"picked":"Impervious+1","floor":14.0},{"not_picked":["Reaper","Exhume+1"],"picked":"Impervious+1","floor":16.0},{"not_picked":["Perfected Strike","Burning Pact+1"],"picked":"Rampage","floor":18.0},{"not_picked":["Thunderclap","Headbutt","Clothesline+1"],"picked":"SKIP","floor":20.0},{"not_picked":["Seeing Red+1","Infernal Blade+1","Carnage+1"],"picked":"SKIP","floor":22.0},{"not_picked":["Infernal Blade+1","Rage+1"],"picked":"Flame Barrier+1","floor":24.0},{"not_picked":["Power Through+1","Flex+1"],"picked":"Armaments+1","floor":25.0},{"not_picked":["Hemokinesis","Anger+1","Perfected Strike+1"],"picked":"SKIP","floor":28.0},{"not_picked":["Flex+1","Warcry+1"],"picked":"Shockwave+1","floor":29.0},{"not_picked":["Sword Boomerang","Uppercut+1","Fiend Fire"],"picked":"SKIP","floor":31.0},{"not_picked":["Exhume+1","Immolate"],"picked":"Offering+1","floor":33.0},{"not_picked":["Cleave","Dropkick+1","Clothesline+1"],"picked":"SKIP","floor":35.0},{"not_picked":["Offering+1","Havoc+1"],"picked":"True Grit+1","floor":37.0},{"not_picked":["Whirlwind","True Grit+1","Sword Boomerang"],"picked":"SKIP","floor":38.0},{"not_picked":["Dropkick","Blood for Blood+1","Body Slam+1"],"picked":"SKIP","floor":42.0},{"not_picked":["Whirlwind","Hemokinesis"],"picked":"Armaments+1","floor":44.0},{"not_picked":["Uppercut","Warcry+1"],"picked":"Sword Boomerang+1","floor":45},{"not_picked":["Purity+1","HandOfGreed"],"picked":"Impatience+1","floor":46}],"player_experience":358499,"relics_obtained":[{"floor":6.0,"key":"Self Forming Clay"},{"floor":9.0,"key":"Toxic Egg 2"},{"floor":24.0,"key":"Centennial Puzzle"},{"floor":26.0,"key":"Ornamental Fan"},{"floor":43.0,"key":"PreservedInsect"},{"floor":44.0,"key":"Champion Belt"}],"event_choices":[{"damage_healed":0.0,"max_hp_gain":0.0,"max_hp_loss":0.0,"gold_gain":0.0,"event_name":"Living Wall","player_choice":"Grow","floor":2.0,"gold_loss":0.0,"damage_taken":0.0,"cards_upgraded":["Bash"]},{"damage_healed":0.0,"max_hp_gain":0.0,"max_hp_loss":0.0,"gold_gain":74.0,"event_name":"Golden Wing","player_choice":"Gained Gold","floor":3.0,"gold_loss":0.0,"damage_taken":0.0},{"damage_healed":0.0,"max_hp_gain":0.0,"max_hp_loss":0.0,"gold_gain":0.0,"event_name":"Golden Idol","player_choice":"Take Damage","floor":4.0,"gold_loss":0.0,"damage_taken":20.0,"relics_obtained":["Golden Idol"]},{"damage_healed":20.0,"max_hp_gain":0.0,"max_hp_loss":0.0,"gold_gain":0.0,"event_name":"The Cleric","player_choice":"Healed","floor":5.0,"gold_loss":35.0,"damage_taken":0.0},{"damage_healed":0.0,"max_hp_gain":0.0,"max_hp_loss":0.0,"gold_gain":99.0,"event_name":"Nest","player_choice":"Stole From Cult","floor":21.0,"gold_loss":0.0,"damage_taken":0.0},{"damage_healed":0.0,"max_hp_gain":0.0,"max_hp_loss":0.0,"gold_gain":0.0,"event_name":"N\u0027loth","player_choice":"Traded Relic","floor":27.0,"relics_lost":["NeowsBlessing"],"gold_loss":0.0,"damage_taken":0.0,"relics_obtained":["Nloth\u0027s Gift"]},{"damage_healed":0.0,"max_hp_gain":0.0,"max_hp_loss":0.0,"gold_gain":0.0,"event_name":"Tomb of Lord Red Mask","player_choice":"Ignored","floor":36.0,"gold_loss":0.0,"damage_taken":0.0},{"damage_healed":0.0,"max_hp_gain":0.0,"max_hp_loss":0.0,"gold_gain":0.0,"event_name":"MindBloom","player_choice":"Fight","floor":44.0,"gold_loss":0.0,"damage_taken":0.0},{"damage_healed":0,"gold_gain":0,"player_choice":"Memory 1","damage_taken":0,"max_hp_gain":0,"max_hp_loss":0,"event_name":"SensoryStone","floor":46,"gold_loss":0},{"damage_healed":0,"gold_gain":0,"player_choice":"Ignored","damage_taken":0,"max_hp_gain":0,"max_hp_loss":0,"event_name":"Mysterious Sphere","floor":48,"gold_loss":0}],"is_beta":false,"boss_relics":[{"not_picked":["Cursed Key","Lizard Tail"],"picked":"Velvet Choker"},{"not_picked":["Pandora\u0027s Box","Coffee Dripper"],"picked":"Sozu"}],"items_purged_floors":[19,39],"is_endless":false,"potions_floor_spawned":[6,8,14,20,24,28,33,37,38],"ascension_level":5}