{"gold_per_floor":[109,128,128,146,146,146,176,194,194,206,206],"floor_reached":11,"playtime":342,"items_purged":[],"score":150,"play_id":"7f85a1d4-3c44-4bb5-b879-b6d509b9e86e","local_time":"20190305181339","is_ascension_mode":true,"campfire_choices":[{"data":"Zap","floor":6.0,"key":"SMITH"}],"neow_cost":"NONE","seed_source_timestamp":25421679920054,"circlet_count":0,"master_deck":["AscendersBane","Strike_B","Defend_B","Defend_B","Defend_B","Zap+1","Dualcast","Steam+1","Redo+1","Barrage+1","Tempest","Ball Lightning","Leap","Creative AI","Cold Snap","Turbo+1"],"special_seed":0,"relics":["Astrolabe","Darkstone Periapt","Toxic Egg 2"],"potions_floor_usage":[11,11],"damage_taken":[{"damage":0.0,"enemies":"Small Slimes","floor":1.0,"turns":4.0},{"damage":1.0,"enemies":"Cultist","floor":2.0,"turns":3.0},{"damage":7.0,"enemies":"Jaw Worm","floor":4.0,"turns":3.0},{"damage":15.0,"enemies":"Lagavulin","floor":7.0,"turns":6.0},{"damage":10.0,"enemies":"Looter","floor":8.0,"turns":4.0},{"damage":0.0,"enemies":"Red Slaver","floor":10.0,"turns":3.0},{"damage":31,"enemies":"Gremlin Nob","floor":11,"turns":3}],"seed_played":"6710259691184760813","potions_obtained":[{"floor":1.0,"key":"Dexterity Potion"},{"floor":2.0,"key":"Fire Potion"}],"is_trial":false,"path_per_floor":["M","M","?","M","$","R","E","M","T","M","E"],"character_chosen":"DEFECT","items_purchased":[],"campfire_rested":0,"item_purchase_floors":[],"current_hp_per_floor":[64,63,63,56,56,56,41,31,31,31,0],"gold":206,"neow_bonus":"BOSS_RELIC","is_prod":false,"is_daily":false,"chose_seed":false,"campfire_upgraded":1,"win_rate":0,"timestamp":1551806019,"path_taken":["M","M","?","M","$","R","E","M","T","?","E"],"build_version":"2019-02-06","purchased_purges":0,"victory":false,"max_hp_per_floor":[71,71,71,71,71,71,71,71,71,71,71],"card_choices":[{"not_picked":["Recycle","Lockon"],"picked":"Tempest","floor":1.0},{"not_picked":["Beam Cell","Redo"],"picked":"Ball Lightning","floor":2.0},{"not_picked":["Sweeping Beam","Streamline"],"picked":"Leap","floor":4.0},{"not_picked":["Reprogram","Genetic Algorithm"],"picked":"Creative AI","floor":7.0},{"not_picked":["Ball Lightning","Turbo"],"picked":"Cold Snap","floor":8.0},{"not_picked":["Barrage","Rebound"],"picked":"Turbo+1","floor":10.0}],"player_experience":994459,"relics_obtained":[{"floor":7.0,"key":"Darkstone Periapt"},{"floor":9.0,"key":"Toxic Egg 2"}],"event_choices":[{"cards_removed":["Defend_B"],"damage_healed":0.0,"max_hp_gain":0.0,"max_hp_loss":0.0,"gold_gain":0.0,"event_name":"Purifier","player_choice":"Purged","floor":3.0,"gold_loss":0.0,"damage_taken":0.0}],"is_beta":true,"boss_relics":[],"items_purged_floors":[],"is_endless":false,"potions_floor_spawned":[1,2],"killed_by":"Gremlin Nob","ascension_level":20}