{"gold_per_floor":[112,112,262,277,12,12,43,61,61,99,123,123,123,137,137,228,228,247,46,70,70,70,70,103,103,103,121,159,159,192,218,230,331,343,369,714,740,334,349,375,375,402,402,436,488,297,297,72,72,72,72],"floor_reached":51,"playtime":2430,"items_purged":["Doubt","Corruption+1"],"score":1673,"play_id":"8050f629-4155-48c4-9829-9f2aeea0a7a7","local_time":"20190113232535","is_ascension_mode":true,"campfire_choices":[{"data":"Armaments","floor":6.0,"key":"SMITH"},{"data":"Corruption","floor":12.0,"key":"SMITH"},{"data":"Uppercut","floor":15.0,"key":"SMITH"},{"data":"Sentinel","floor":23.0,"key":"SMITH"},{"floor":32.0,"key":"REST"},{"floor":49.0,"key":"RECALL"}],"neow_cost":"NONE","seed_source_timestamp":130967741590183,"circlet_count":0,"master_deck":["AscendersBane","Strike_R+1","Strike_R+1","Strike_R+1","Strike_R+1","Strike_R+1","Defend_R+1","Defend_R+1","Defend_R+1","Defend_R+1","Bash","Shrug It Off","Armaments+1","Spot Weakness+1","Flame Barrier","Flame Barrier","Sever Soul","Uppercut+1","Feed+1","Panache","Sentinel+1","Pommel Strike+1","Impervious","Body Slam+1","Juggernaut+1","Flame Barrier","Immolate","Corruption+1","Metallicize+1","Pommel Strike+1","Entrench+1","Shockwave+1","Panache+1","Disarm","Body Slam"],"special_seed":0,"relics":["Burning Blood","NeowsBlessing","Vajra","Charon\u0027s Ashes","Incense Burner","Boot","Runic Pyramid","Juzu Bracelet","Frozen Egg 2","Paper Frog","MawBank","Eternal Feather","Membership Card","Bottled Tornado","Whetstone","FossilizedHelix","Potion Belt","Turnip","Pen Nib","Self Forming Clay","Torii"],"potions_floor_usage":[51,51],"damage_taken":[{"damage":0.0,"enemies":"2 Louse","floor":1.0,"turns":1.0},{"damage":0.0,"enemies":"Small Slimes","floor":4.0,"turns":1.0},{"damage":0.0,"enemies":"Lagavulin","floor":7.0,"turns":1.0},{"damage":2.0,"enemies":"Jaw Worm","floor":8.0,"turns":3.0},{"damage":33.0,"enemies":"3 Sentries","floor":10.0,"turns":6.0},{"damage":15.0,"enemies":"Exordium Wildlife","floor":11.0,"turns":5.0},{"damage":1.0,"enemies":"Looter","floor":14.0,"turns":4.0},{"damage":16.0,"enemies":"The Guardian","floor":16.0,"turns":11.0},{"damage":6.0,"enemies":"2 Thieves","floor":18.0,"turns":4.0},{"damage":0.0,"enemies":"Spheric Guardian","floor":20.0,"turns":4.0},{"damage":18.0,"enemies":"Slavers","floor":24.0,"turns":4.0},{"damage":16.0,"enemies":"Snake Plant","floor":27.0,"turns":5.0},{"damage":9.0,"enemies":"Book of Stabbing","floor":28.0,"turns":3.0},{"damage":25.0,"enemies":"Slavers","floor":30.0,"turns":6.0},{"damage":0.0,"enemies":"Chosen and Byrds","floor":31.0,"turns":4.0},{"damage":66.0,"enemies":"Collector","floor":33.0,"turns":9.0},{"damage":3.0,"enemies":"3 Darklings","floor":35.0,"turns":3.0},{"damage":0.0,"enemies":"3 Shapes","floor":37.0,"turns":2.0},{"damage":21.0,"enemies":"Sphere and 2 Shapes","floor":39.0,"turns":5.0},{"damage":5.0,"enemies":"Giant Head","floor":40.0,"turns":5.0},{"damage":8.0,"enemies":"Nemesis","floor":42.0,"turns":5.0},{"damage":13.0,"enemies":"Giant Head","floor":44.0,"turns":6.0},{"damage":1.0,"enemies":"2 Orb Walkers","floor":45.0,"turns":4.0},{"damage":17.0,"enemies":"Donu and Deca","floor":50.0,"turns":7.0},{"damage":95,"enemies":"Awakened One","floor":51,"turns":9}],"seed_played":"4209537326111651948","potions_obtained":[{"floor":4.0,"key":"FearPotion"},{"floor":7.0,"key":"LiquidBronze"},{"floor":11.0,"key":"GamblersBrew"},{"floor":18.0,"key":"Poison Potion"},{"floor":20.0,"key":"GamblersBrew"},{"floor":31.0,"key":"SteroidPotion"},{"floor":35.0,"key":"AttackPotion"},{"floor":39.0,"key":"BloodPotion"},{"floor":44.0,"key":"SneckoOil"}],"is_trial":false,"path_per_floor":["M","?","?","M","$","R","E","M","T","E","M","R","?","M","R","B",null,"M","$","M","$","?","R","E","?","T","M","E","$","E","M","R","B",null,"M","?","M","$","M","E","?","E","T","E","?","$","T","$","R","B","B"],"character_chosen":"IRONCLAD","items_purchased":["Vajra","Armaments","Panache","Membership Card","Bottled Tornado","Pen Nib","Panache+1","Disarm","Torii","Body Slam"],"campfire_rested":1,"item_purchase_floors":[5,5,19,38,38,46,46,48,48,48],"current_hp_per_floor":[74,68,68,68,68,68,68,68,68,41,32,32,32,37,37,27,58,62,62,72,72,72,72,64,64,64,54,55,55,39,48,75,15,71,74,74,80,80,65,66,66,68,68,61,70,70,70,70,91,84,0],"gold":72,"neow_bonus":"THREE_ENEMY_KILL","is_prod":false,"is_daily":false,"chose_seed":false,"campfire_upgraded":4,"win_rate":0,"timestamp":1547418335,"path_taken":["M","?","?","M","?","R","E","M","T","E","?","R","?","M","R","BOSS","M","?","?","?","?","R","E","?","T","M","E","$","E","M","R","BOSS","M","?","M","$","M","E","?","E","T","E","?","$","?","$","R","BOSS","BOSS"],"build_version":"2019-01-10","purchased_purges":2,"victory":false,"max_hp_per_floor":[75,68,68,68,68,68,68,68,68,68,68,68,68,68,68,68,68,72,72,76,76,76,76,80,80,80,80,84,84,87,90,90,90,90,90,90,90,90,90,90,90,94,94,94,98,98,98,98,98,102,102],"card_choices":[{"not_picked":["Sword Boomerang","Rupture"],"picked":"Shrug It Off","floor":1.0},{"not_picked":["True Grit","Heavy Blade"],"picked":"Corruption","floor":4.0},{"not_picked":["Sever Soul","Reaper"],"picked":"Spot Weakness","floor":7.0},{"not_picked":["Cleave","Dropkick"],"picked":"Flame Barrier","floor":8.0},{"not_picked":["True Grit","Thunderclap"],"picked":"Flame Barrier","floor":10.0},{"not_picked":["Pommel Strike","Thunderclap"],"picked":"Sever Soul","floor":11.0},{"not_picked":["Wild Strike","Flex"],"picked":"Uppercut","floor":14.0},{"not_picked":["Berserk","Barricade"],"picked":"Feed","floor":16.0},{"not_picked":["Thunderclap","Perfected Strike","Anger"],"picked":"SKIP","floor":18.0},{"not_picked":["Pommel Strike","Iron Wave"],"picked":"Sentinel","floor":20.0},{"not_picked":["Iron Wave","Thunderclap"],"picked":"Pommel Strike+1","floor":24.0},{"not_picked":["Hemokinesis","Perfected Strike"],"picked":"Body Slam","floor":27.0},{"not_picked":["Anger","Infernal Blade","Carnage"],"picked":"SKIP","floor":28.0},{"not_picked":["Thunderclap","Shrug It Off"],"picked":"Juggernaut+1","floor":30.0},{"not_picked":["Flex","Bloodletting"],"picked":"Flame Barrier","floor":31.0},{"not_picked":["Bludgeon","Demon Form+1"],"picked":"Immolate","floor":33.0},{"not_picked":["Power Through","Twin Strike","Heavy Blade"],"picked":"SKIP","floor":35.0},{"not_picked":["Rupture+1","Pommel Strike+1"],"picked":"Corruption+1","floor":37.0},{"not_picked":["Perfected Strike+1","Shockwave+1"],"picked":"Metallicize+1","floor":39.0},{"not_picked":["Headbutt","Intimidate"],"picked":"Pommel Strike+1","floor":40.0},{"not_picked":["Clothesline","Headbutt","Rupture+1"],"picked":"SKIP","floor":42.0},{"not_picked":["Pommel Strike","Double Tap"],"picked":"Entrench+1","floor":44.0},{"not_picked":["Clothesline","Intimidate"],"picked":"Shockwave+1","floor":45.0}],"player_experience":922301,"relics_obtained":[{"floor":7.0,"key":"Charon\u0027s Ashes"},{"floor":9.0,"key":"Incense Burner"},{"floor":10.0,"key":"Boot"},{"floor":24.0,"key":"Juzu Bracelet"},{"floor":26.0,"key":"Frozen Egg 2"},{"floor":28.0,"key":"Paper Frog"},{"floor":30.0,"key":"MawBank"},{"floor":40.0,"key":"Whetstone"},{"floor":42.0,"key":"FossilizedHelix"},{"floor":44.0,"key":"Potion Belt"},{"floor":45.0,"key":"Turnip"},{"floor":47.0,"key":"Self Forming Clay"}],"event_choices":[{"damage_healed":0.0,"max_hp_gain":0.0,"max_hp_loss":7.0,"gold_gain":0.0,"event_name":"Golden Idol","player_choice":"Lose Max HP","floor":2.0,"gold_loss":0.0,"damage_taken":0.0,"relics_obtained":["Golden Idol"]},{"damage_healed":0.0,"max_hp_gain":0.0,"max_hp_loss":0.0,"gold_gain":150.0,"event_name":"Liars Game","player_choice":"AGREE","floor":3.0,"gold_loss":0.0,"damage_taken":0.0,"cards_obtained":["Doubt"]},{"damage_healed":0.0,"max_hp_gain":0.0,"max_hp_loss":0.0,"gold_gain":0.0,"event_name":"Upgrade Shrine","player_choice":"Upgraded","floor":13.0,"gold_loss":0.0,"damage_taken":0.0,"cards_upgraded":["Spot Weakness"]},{"damage_healed":0.0,"max_hp_gain":0.0,"max_hp_loss":0.0,"gold_gain":0.0,"event_name":"Back to Basics","player_choice":"Simplicity","floor":22.0,"gold_loss":0.0,"damage_taken":0.0,"cards_upgraded":["Strike_R","Strike_R","Strike_R","Strike_R","Strike_R","Defend_R","Defend_R","Defend_R","Defend_R"]},{"damage_healed":0.0,"max_hp_gain":0.0,"max_hp_loss":0.0,"gold_gain":0.0,"event_name":"The Library","player_choice":"Read","floor":25.0,"gold_loss":0.0,"damage_taken":0.0,"cards_obtained":["Impervious"]},{"damage_healed":0.0,"max_hp_gain":0.0,"max_hp_loss":0.0,"gold_gain":333.0,"event_name":"The Moai Head","player_choice":"Gave Idol","floor":36.0,"relics_lost":["Golden Idol"],"gold_loss":0.0,"damage_taken":0.0},{"damage_healed":0.0,"max_hp_gain":0.0,"max_hp_loss":0.0,"gold_gain":0.0,"event_name":"Tomb of Lord Red Mask","player_choice":"Ignored","floor":41.0,"gold_loss":0.0,"damage_taken":0.0},{"damage_healed":0.0,"max_hp_gain":0.0,"max_hp_loss":0.0,"gold_gain":0.0,"event_name":"Mysterious Sphere","player_choice":"Fight","floor":45.0,"gold_loss":0.0,"damage_taken":0.0}],"is_beta":true,"boss_relics":[{"not_picked":["Ectoplasm","Empty Cage"],"picked":"Runic Pyramid"},{"not_picked":["Coffee Dripper","White Beast Statue"],"picked":"Eternal Feather"}],"items_purged_floors":[5,38],"is_endless":false,"potions_floor_spawned":[4,7,11,18,20,31,35,39,44],"killed_by":"Awakened One","ascension_level":20}