{"gold_per_floor":[111,123,138,157,28,62,137,137,163,195,206,236,246,258,258,359,359,379,390,1110,304,324,110,137,137,164,164,164,164,181,197,197,299,299,311,56,69,69,80,80,80,106,106,117,117,142,142],"floor_reached":47,"playtime":4231,"items_purged":["Strike_B","Defend_B","Fusion+1"],"score":653,"play_id":"7e3870df-7967-41d8-805b-c65eaa4bc0fd","local_time":"20190213160530","is_ascension_mode":true,"campfire_choices":[{"floor":8.0,"key":"REST"},{"floor":15.0,"key":"REST"},{"floor":27.0,"key":"REST"},{"data":"Scrape","floor":29.0,"key":"SMITH"},{"floor":32.0,"key":"REST"},{"floor":40,"key":"REST"}],"neow_cost":"NONE","seed_source_timestamp":1392198337622937,"circlet_count":0,"master_deck":["Defend_B","Zap","Dualcast","Scrape+1","Gash","Go for the Eyes","Cold Snap","Go for the Eyes","Reinforced Body","Reboot","Melter","Steam","Steam","All For One","Loop+1","Lockon+1","Hello World","Gash","Consume","Machine Learning","Gash","Capacitor","Bite","Bite","Bite","Bite","Bite","Steam+1","Multi-Cast","Loop+1","Scrape","Coolheaded","Streamline+1","Madness","Madness","Stack+1","Steam","Capacitor"],"special_seed":0,"relics":["Lizard Tail","Regal Pillow","PreservedInsect","Lantern","Omamori","Astrolabe","Lee\u0027s Waffle","Peace Pipe","Orichalcum","Happy Flower","Vajra","Black Star","Strawberry","Ice Cream","Torii","Anchor","Blood Vial"],"potions_floor_usage":[37],"damage_taken":[{"damage":0.0,"enemies":"Small Slimes","floor":1.0,"turns":3.0},{"damage":3.0,"enemies":"2 Louse","floor":2.0,"turns":3.0},{"damage":0.0,"enemies":"Cultist","floor":3.0,"turns":3.0},{"damage":15.0,"enemies":"2 Fungi Beasts","floor":4.0,"turns":4.0},{"damage":19.0,"enemies":"Gremlin Nob","floor":6.0,"turns":5.0},{"damage":15.0,"enemies":"3 Sentries","floor":10.0,"turns":8.0},{"damage":1.0,"enemies":"Looter","floor":11.0,"turns":4.0},{"damage":3.0,"enemies":"Lagavulin","floor":12.0,"turns":6.0},{"damage":13.0,"enemies":"Exordium Wildlife","floor":13.0,"turns":3.0},{"damage":4.0,"enemies":"Blue Slaver","floor":14.0,"turns":4.0},{"damage":23.0,"enemies":"The Guardian","floor":16.0,"turns":15.0},{"damage":8.0,"enemies":"Chosen","floor":18.0,"turns":5.0},{"damage":0.0,"enemies":"Spheric Guardian","floor":19.0,"turns":3.0},{"damage":18.0,"enemies":"Shelled Parasite and Fungi","floor":22.0,"turns":8.0},{"damage":36.0,"enemies":"Slavers","floor":24.0,"turns":7.0},{"damage":28.0,"enemies":"Sentry and Sphere","floor":30.0,"turns":4.0},{"damage":22.0,"enemies":"Snake Plant","floor":31.0,"turns":4.0},{"damage":35.0,"enemies":"Collector","floor":33.0,"turns":13.0},{"damage":17.0,"enemies":"3 Darklings","floor":35.0,"turns":9.0},{"damage":20,"enemies":"3 Shapes","floor":37,"turns":4},{"damage":24,"enemies":"Maw","floor":39,"turns":11},{"damage":85,"enemies":"Giant Head","floor":42,"turns":10},{"damage":24,"enemies":"4 Shapes","floor":44,"turns":9},{"damage":48,"enemies":"Nemesis","floor":46,"turns":11},{"damage":24,"enemies":"Spire Growth","floor":47,"turns":3}],"seed_played":"4937731998243001189","potions_obtained":[{"floor":1.0,"key":"Fire Potion"},{"floor":2.0,"key":"GamblersBrew"},{"floor":6.0,"key":"LiquidBronze"},{"floor":10.0,"key":"LiquidBronze"},{"floor":42,"key":"EntropicBrew"}],"is_trial":false,"path_per_floor":["M","M","M","M","$","E","?","R","T","E","M","E","M","M","R","B",null,"M","M","?","$","M","$","E","?","T","R","?","R","M","M","R","B",null,"M","$","M","$","M","R","?","E","T","M","?","E","M"],"character_chosen":"DEFECT","items_purchased":["Go for the Eyes","Gash","Lee\u0027s Waffle","Consume","Machine Learning","Peace Pipe","Capacitor","Orichalcum","Scrape","Coolheaded"],"campfire_rested":5,"item_purchase_floors":[5,21,21,21,21,21,23,23,36,36],"current_hp_per_floor":[75,72,72,57,57,38,27,64,64,49,48,45,32,28,65,42,75,67,67,4,82,64,64,28,28,28,57,57,57,31,17,49,22,57,44,44,34,34,20,52,45,20,20,10,56,12,0],"gold":142,"neow_bonus":"BOSS_RELIC","is_prod":false,"is_daily":false,"chose_seed":false,"campfire_upgraded":1,"win_rate":0,"timestamp":1550091930,"path_taken":["M","M","M","M","$","E","?","R","T","E","M","E","M","M","R","BOSS","M","M","?","$","M","?","E","?","T","R","?","R","M","M","R","BOSS","M","$","M","$","M","R","?","E","T","M","?","E","M"],"build_version":"2019-01-03v4","purchased_purges":3,"victory":false,"max_hp_per_floor":[75,75,75,75,75,75,75,75,75,75,75,75,75,75,75,75,75,75,75,75,82,82,82,82,57,57,57,57,57,57,57,57,57,57,57,57,57,57,57,57,57,64,64,64,56,56,56],"card_choices":[{"not_picked":["Reprogram","Beam Cell"],"picked":"Scrape","floor":1.0},{"not_picked":["BootSequence","Rebound"],"picked":"Gash","floor":2.0},{"not_picked":["Skim","Fusion"],"picked":"Go for the Eyes","floor":3.0},{"not_picked":["Leap","Coolheaded"],"picked":"Cold Snap","floor":4.0},{"not_picked":["Chaos","Storm"],"picked":"Reinforced Body","floor":6.0},{"not_picked":["Hologram","Barrage"],"picked":"Reboot","floor":10.0},{"not_picked":["Turbo","Redo","Static Discharge"],"picked":"SKIP","floor":11.0},{"not_picked":["Capacitor","Turbo"],"picked":"Melter","floor":12.0},{"not_picked":["Multi-Cast","Blizzard"],"picked":"Steam","floor":13.0},{"not_picked":["Storm","Darkness"],"picked":"Steam","floor":14.0},{"not_picked":["Thunder Strike","Multi-Cast"],"picked":"All For One","floor":16.0},{"not_picked":["Genetic Algorithm","Ball Lightning","Redo"],"picked":"SKIP","floor":18.0},{"not_picked":["Turbo+1","Cold Snap"],"picked":"Hello World","floor":19.0},{"not_picked":["Sunder","Hello World+1"],"picked":"Gash","floor":22.0},{"not_picked":["Static Discharge","Stack","Barrage"],"picked":"SKIP","floor":24.0},{"not_picked":["Sweeping Beam+1","Ball Lightning","Leap"],"picked":"SKIP","floor":30.0},{"not_picked":["Streamline","Conserve Battery"],"picked":"Steam+1","floor":31.0},{"not_picked":["Rainbow","Electrodynamics"],"picked":"Multi-Cast","floor":33.0},{"not_picked":["Rebound","Leap"],"picked":"Loop+1","floor":35.0},{"not_picked":["Leap+1","Ball Lightning+1"],"picked":"Streamline+1","floor":37},{"not_picked":["Genetic Algorithm+1","Conserve Battery","Barrage"],"picked":"SKIP","floor":39},{"not_picked":["Reinforced Body","Doom and Gloom+1"],"picked":"Stack+1","floor":42},{"not_picked":["Fusion+1","Rebound+1"],"picked":"Steam","floor":44},{"not_picked":["Rebound+1","Beam Cell+1"],"picked":"Capacitor","floor":46}],"player_experience":379884,"relics_obtained":[{"floor":6.0,"key":"Regal Pillow"},{"floor":9.0,"key":"PreservedInsect"},{"floor":10.0,"key":"Lantern"},{"floor":12.0,"key":"Omamori"},{"floor":24.0,"key":"Happy Flower"},{"floor":26.0,"key":"Vajra"},{"floor":42,"key":"Strawberry"},{"floor":42,"key":"Ice Cream"},{"floor":43,"key":"Torii"},{"floor":46,"key":"Anchor"},{"floor":46,"key":"Blood Vial"}],"event_choices":[{"damage_healed":0.0,"max_hp_gain":0.0,"max_hp_loss":0.0,"gold_gain":75.0,"event_name":"World of Goop","player_choice":"Gather Gold","floor":7.0,"gold_loss":0.0,"damage_taken":11.0},{"damage_healed":0.0,"max_hp_gain":0.0,"max_hp_loss":0.0,"gold_gain":720.0,"event_name":"Knowing Skull","player_choice":"GOLD GOLD GOLD GOLD GOLD GOLD GOLD GOLD ","floor":20.0,"potions_obtained":[],"gold_loss":0.0,"damage_taken":63.0,"cards_obtained":[]},{"damage_healed":0.0,"max_hp_gain":0.0,"max_hp_loss":25.0,"gold_gain":0.0,"event_name":"Vampires","player_choice":"Became a vampire","floor":25.0,"gold_loss":0.0,"damage_taken":0.0,"cards_obtained":["Bite","Bite","Bite","Bite","Bite"]},{"damage_healed":0.0,"max_hp_gain":0.0,"max_hp_loss":0.0,"gold_gain":0.0,"event_name":"The Mausoleum","player_choice":"Ignored","floor":28.0,"gold_loss":0.0,"damage_taken":0.0},{"damage_healed":0,"gold_gain":0,"player_choice":"Embrace Madness","damage_taken":7,"max_hp_gain":0,"max_hp_loss":0,"event_name":"Winding Halls","floor":41,"gold_loss":0,"cards_obtained":["Madness","Madness"]},{"damage_healed":56,"gold_gain":0,"player_choice":"Heal","damage_taken":0,"max_hp_gain":0,"max_hp_loss":8,"event_name":"The Moai Head","floor":45,"gold_loss":0}],"is_beta":false,"boss_relics":[{"not_picked":["Inserter","Ectoplasm"],"picked":"Astrolabe"},{"not_picked":["Velvet Choker","White Beast Statue"],"picked":"Black Star"}],"items_purged_floors":[5,21,36],"is_endless":false,"potions_floor_spawned":[1,2,6,10,11,18,22,24,31,42,44],"killed_by":"Spire Growth","ascension_level":1}