{"gold_per_floor":[115,129,204,215,215,215,245,245,271,290,19,33,48,62,62,159,159,177,102,17,17,33,63,75,75,127,77,111,111,129,144,144,249,249,265,78,178,251,51,51,78,89,135,85,97,97,97,97,97,97],"floor_reached":51,"playtime":7513,"items_purged":["Strike_R","Fire Breathing"],"score":740,"play_id":"c1bde5c9-f2d2-4997-8533-386f5c9342b1","local_time":"20190307200752","is_ascension_mode":false,"campfire_choices":[{"data":"Flame Barrier","floor":6.0,"key":"SMITH"},{"floor":8.0,"key":"REST"},{"data":"Armaments","floor":15.0,"key":"SMITH"},{"floor":25.0,"key":"REST"},{"floor":32.0,"key":"REST"},{"floor":40,"key":"REST"},{"data":"Rage","floor":46,"key":"SMITH"},{"data":"Demon Form","floor":49,"key":"SMITH"}],"neow_cost":"PERCENT_DAMAGE","seed_source_timestamp":0,"circlet_count":0,"master_deck":["Defend_R","Defend_R","Defend_R","Bash","Pommel Strike","Flame Barrier+1","Armaments+1","Spot Weakness","Rampage","Sword Boomerang","Sword Boomerang","Flex","Heavy Blade","Demon Form+1","Sword Boomerang","Twin Strike","Rage+1","Clash","Rage+1","Thunderclap","Heavy Blade","Impervious","Clash+1","Fire Breathing","Anger+1","Iron Wave+1","Headbutt+1","Heavy Blade+1"],"special_seed":0,"relics":["Burning Blood","Boot","Happy Flower","Lantern","Philosopher\u0027s Stone","Blood Vial","Oddly Smooth Stone","Strawberry","Mummified Hand","Eternal Feather","Bronze Scales","Unceasing Top","Meat on the Bone","Brimstone","Bag of Marbles","Smiling Mask"],"potions_floor_usage":[41,50,50],"damage_taken":[{"damage":1.0,"enemies":"Cultist","floor":1.0,"turns":4.0},{"damage":1.0,"enemies":"2 Louse","floor":2.0,"turns":3.0},{"damage":0.0,"enemies":"Small Slimes","floor":4.0,"turns":3.0},{"damage":17.0,"enemies":"Lagavulin","floor":7.0,"turns":7.0},{"damage":2.0,"enemies":"Exordium Wildlife","floor":10.0,"turns":3.0},{"damage":6.0,"enemies":"Exordium Thugs","floor":12.0,"turns":5.0},{"damage":7.0,"enemies":"Large Slime","floor":13.0,"turns":4.0},{"damage":5.0,"enemies":"Red Slaver","floor":14.0,"turns":2.0},{"damage":41.0,"enemies":"The Guardian","floor":16.0,"turns":7.0},{"damage":9.0,"enemies":"Shell Parasite","floor":18.0,"turns":3.0},{"damage":11.0,"enemies":"Spheric Guardian","floor":22.0,"turns":3.0},{"damage":9.0,"enemies":"Gremlin Leader","floor":23.0,"turns":6.0},{"damage":35.0,"enemies":"Shelled Parasite and Fungi","floor":24.0,"turns":4.0},{"damage":46.0,"enemies":"Slavers","floor":28.0,"turns":4.0},{"damage":13.0,"enemies":"Sentry and Sphere","floor":30.0,"turns":3.0},{"damage":0.0,"enemies":"Chosen and Byrds","floor":31.0,"turns":4.0},{"damage":64.0,"enemies":"Automaton","floor":33.0,"turns":9.0},{"damage":9,"enemies":"3 Shapes","floor":35,"turns":3},{"damage":62,"enemies":"Mind Bloom Boss Battle","floor":37,"turns":6},{"damage":4,"enemies":"Giant Head","floor":41,"turns":5},{"damage":0,"enemies":"Orb Walker","floor":42,"turns":2},{"damage":2,"enemies":"Sphere and 2 Shapes","floor":45,"turns":3},{"damage":74,"enemies":"Awakened One","floor":50,"turns":6}],"seed_played":"3338685551059818873","potions_obtained":[{"floor":1.0,"key":"Dexterity Potion"},{"floor":4.0,"key":"EssenceOfSteel"},{"floor":7.0,"key":"Fire Potion"},{"floor":10.0,"key":"Strength Potion"},{"floor":23.0,"key":"Dexterity Potion"},{"floor":24.0,"key":"LiquidBronze"},{"floor":30.0,"key":"SpeedPotion"},{"floor":37,"key":"AttackPotion"},{"floor":41,"key":"Poison Potion"},{"floor":42,"key":"BloodPotion"}],"is_trial":false,"path_per_floor":["M","?","?","$","M","?","?","?","M","?","M","?","T","$","?","?"],"character_chosen":"IRONCLAD","items_purchased":["Lantern","Flex","Bronze Scales","Fire Breathing","Brimstone"],"campfire_rested":4,"item_purchase_floors":[11,11,36,36,39],"current_hp_per_floor":[61,66,55,61,54,54,43,67,67,71,71,71,70,71,71,36,80,77,77,77,77,74,73,46,70,77,77,39,39,34,42,68,12,87,84,84,30,30,30,71,75,83,83,83,87,87,87,87,87,39],"gold":97,"neow_bonus":"TRANSFORM_TWO_CARDS","is_prod":false,"is_daily":false,"chose_seed":false,"campfire_upgraded":4,"win_rate":0.0,"timestamp":1551985672,"path_taken":["M","?","?","M","?","R","E","R","T","M","?","M","M","?","R","BOSS","M","?","?","?","M","E","?","R","T","?","E","$","?","M","R","BOSS","M","$","?","?","?","R","E","M","T","$","M","R","?","?","R","BOSS"],"build_version":"2019-01-23","purchased_purges":2,"victory":true,"max_hp_per_floor":[80,80,80,80,80,80,80,80,80,80,80,80,80,80,80,80,80,80,80,80,80,80,80,80,80,87,87,87,87,87,87,87,87,87,87,87,87,87,87,87,87,87,87,87,87,87,87,87,87,87],"card_choices":[{"not_picked":["Feel No Pain","Ghostly Armor"],"picked":"Armaments","floor":1.0},{"not_picked":["Flame Barrier","Headbutt"],"picked":"Spot Weakness","floor":2.0},{"not_picked":["Thunderclap","Clothesline"],"picked":"Rampage","floor":4.0},{"not_picked":["Shrug It Off","Iron Wave"],"picked":"Sword Boomerang","floor":7.0},{"not_picked":["Iron Wave","Body Slam"],"picked":"Sword Boomerang","floor":10.0},{"not_picked":["Armaments","Shockwave"],"picked":"Combust","floor":12.0},{"not_picked":["Armaments","Clash"],"picked":"Heavy Blade","floor":13.0},{"not_picked":["Bloodletting","Reckless Charge"],"picked":"Fire Breathing","floor":14.0},{"not_picked":["Berserk","Impervious"],"picked":"Demon Form","floor":16.0},{"not_picked":["Thunderclap+1","Body Slam"],"picked":"Sword Boomerang","floor":18.0},{"not_picked":["Perfected Strike+1","Cleave+1"],"picked":"Rage","floor":22.0},{"not_picked":["Cleave","Clothesline"],"picked":"Clash","floor":23.0},{"not_picked":["Spot Weakness","Bloodletting","Perfected Strike"],"picked":"SKIP","floor":24.0},{"not_picked":["Metallicize","Sword Boomerang"],"picked":"Rage+1","floor":28.0},{"not_picked":["Pommel Strike","Cleave"],"picked":"Thunderclap","floor":30.0},{"not_picked":["Whirlwind+1","Body Slam"],"picked":"Heavy Blade","floor":31.0},{"not_picked":["Demon Form","Brutality"],"picked":"Impervious","floor":33.0},{"not_picked":["Cleave","Reckless Charge+1"],"picked":"Clash+1","floor":35},{"not_picked":["Burning Pact","Corruption"],"picked":"Anger+1","floor":37},{"not_picked":["Bloodletting","Fiend Fire"],"picked":"Iron Wave+1","floor":41},{"not_picked":["Bloodletting+1","Twin Strike+1"],"picked":"Headbutt+1","floor":42},{"not_picked":["Perfected Strike","Twin Strike"],"picked":"Heavy Blade+1","floor":45}],"player_experience":32181,"relics_obtained":[{"floor":7.0,"key":"Boot"},{"floor":9.0,"key":"Happy Flower"},{"floor":23.0,"key":"Oddly Smooth Stone"},{"floor":26.0,"key":"Strawberry"},{"floor":28.0,"key":"Mummified Hand"},{"floor":37,"key":"Unceasing Top"},{"floor":38,"key":"Meat on the Bone"},{"floor":41,"key":"Bag of Marbles"},{"floor":43,"key":"Smiling Mask"}],"event_choices":[{"damage_healed":0.0,"max_hp_gain":0.0,"max_hp_loss":0.0,"gold_gain":75.0,"event_name":"World of Goop","player_choice":"Gather Gold","floor":3.0,"gold_loss":0.0,"damage_taken":11.0},{"cards_removed":["Strike_R"],"damage_healed":0.0,"max_hp_gain":0.0,"max_hp_loss":0.0,"gold_gain":0.0,"event_name":"Golden Wing","player_choice":"Card Removal","floor":5.0,"gold_loss":0.0,"damage_taken":7.0},{"cards_removed":["Strike_R"],"damage_healed":0.0,"max_hp_gain":0.0,"max_hp_loss":0.0,"gold_gain":0.0,"event_name":"Beggar","player_choice":"Gave Gold","floor":19.0,"gold_loss":75.0,"damage_taken":0.0},{"damage_healed":0.0,"max_hp_gain":0.0,"max_hp_loss":0.0,"gold_gain":0.0,"event_name":"Addict","player_choice":"Obtained Relic","floor":20.0,"gold_loss":85.0,"damage_taken":0.0,"relics_obtained":["Blood Vial"]},{"damage_healed":0.0,"max_hp_gain":0.0,"max_hp_loss":0.0,"gold_gain":0.0,"cards_transformed":["Strike_R"],"event_name":"Transmorgrifier","player_choice":"Transformed","floor":21.0,"gold_loss":0.0,"damage_taken":0.0,"cards_obtained":["Twin Strike"]},{"damage_healed":0.0,"max_hp_gain":0.0,"max_hp_loss":0.0,"gold_gain":0.0,"event_name":"The Joust","player_choice":"Bet on Murderer","floor":27.0,"gold_loss":50.0,"damage_taken":0.0},{"damage_healed":0,"gold_gain":0,"player_choice":"Fight","damage_taken":0,"max_hp_gain":0,"max_hp_loss":0,"event_name":"MindBloom","floor":37,"gold_loss":0},{"damage_healed":0,"gold_gain":0,"player_choice":"Ignored","damage_taken":0,"max_hp_gain":0,"max_hp_loss":0,"event_name":"Mysterious Sphere","floor":47,"gold_loss":0},{"cards_removed":["Combust"],"damage_healed":0,"gold_gain":0,"player_choice":"Purged","damage_taken":0,"max_hp_gain":0,"max_hp_loss":0,"event_name":"Purifier","floor":48,"gold_loss":0}],"is_beta":false,"boss_relics":[{"not_picked":["White Beast Statue","Astrolabe"],"picked":"Philosopher\u0027s Stone"},{"not_picked":["Lizard Tail","Cursed Key"],"picked":"Eternal Feather"}],"items_purged_floors":[11,44],"is_endless":false,"potions_floor_spawned":[1,4,7,10,23,24,30,37,41,42],"ascension_level":0}