{"gold_per_floor":[116,116,128,143,157,157,183,183,230,230,244,244,23,42,42,42],"floor_reached":16,"playtime":1035,"items_purged":[],"score":102,"play_id":"af739645-1062-49b6-8617-e76634a46401","local_time":"20190312111938","is_ascension_mode":false,"campfire_choices":[{"data":"Searing Blow","floor":6,"key":"SMITH"},{"data":"Searing Blow+1","floor":10,"key":"SMITH"},{"floor":15,"key":"REST"}],"neow_cost":"","seed_source_timestamp":0,"circlet_count":0,"master_deck":["Strike_R","Strike_R","Strike_R","Strike_R","Defend_R","Defend_R","Defend_R","Defend_R","Bash","Pommel Strike","Pommel Strike","Searing Blow+2","Offering","Warcry","Power Through","Violence","Warcry","Carnage"],"special_seed":0,"relics":["Burning Blood","Matryoshka","Ornamental Fan","Oddly Smooth Stone","Incense Burner"],"potions_floor_usage":[],"damage_taken":[{"damage":6.0,"enemies":"Small Slimes","floor":1.0,"turns":4.0},{"damage":6.0,"enemies":"Jaw Worm","floor":3.0,"turns":3.0},{"damage":5.0,"enemies":"Cultist","floor":4.0,"turns":4.0},{"damage":20,"enemies":"Looter","floor":5,"turns":3},{"damage":20,"enemies":"Gremlin Nob","floor":7,"turns":3},{"damage":7,"enemies":"Red Slaver","floor":11,"turns":2},{"damage":21,"enemies":"3 Louse","floor":14,"turns":4},{"damage":72,"enemies":"The Guardian","floor":16,"turns":13}],"seed_played":"8322609712599773675","potions_obtained":[{"floor":1.0,"key":"SpeedPotion"},{"floor":4,"key":"LiquidBronze"}],"is_trial":false,"path_per_floor":["M","?","M","M","M","R","E","?","T","R","M","?","$","M","R","B"],"character_chosen":"IRONCLAD","items_purchased":["Violence","Warcry"],"campfire_rested":1,"item_purchase_floors":[13,13],"current_hp_per_floor":[80,85,85,85,71,71,57,57,57,57,56,56,56,41,66,0],"gold":42,"neow_bonus":"","is_prod":false,"is_daily":false,"chose_seed":false,"campfire_upgraded":2,"win_rate":0.0,"timestamp":1552403978,"path_taken":["M","?","M","M","M","R","E","?","T","R","?","?","$","?","R","BOSS"],"build_version":"2019-01-23","purchased_purges":0,"victory":false,"max_hp_per_floor":[80,85,85,85,85,85,85,85,85,85,85,85,85,85,85,85],"card_choices":[{"not_picked":["Dual Wield","Sword Boomerang"],"picked":"Pommel Strike","floor":1.0},{"not_picked":["Power Through","Body Slam"],"picked":"Pommel Strike","floor":3.0},{"not_picked":["Bloodletting","Anger"],"picked":"Searing Blow","floor":4},{"not_picked":["Iron Wave","Disarm"],"picked":"Offering","floor":5},{"not_picked":["Sever Soul","Disarm"],"picked":"Warcry","floor":7},{"not_picked":["True Grit","Iron Wave"],"picked":"Power Through","floor":11},{"not_picked":["Intimidate","Perfected Strike"],"picked":"Carnage","floor":14}],"player_experience":0,"relics_obtained":[{"floor":7,"key":"Matryoshka"},{"floor":9,"key":"Ornamental Fan"},{"floor":9,"key":"Oddly Smooth Stone"},{"floor":12,"key":"Incense Burner"}],"event_choices":[{"damage_healed":0.0,"max_hp_gain":5.0,"max_hp_loss":0.0,"gold_gain":0.0,"event_name":"Big Fish","player_choice":"Donut","floor":2.0,"gold_loss":0.0,"damage_taken":0.0},{"cards_removed":["Strike_R"],"damage_healed":0,"gold_gain":0,"player_choice":"Purged","damage_taken":0,"max_hp_gain":0,"max_hp_loss":0,"event_name":"Purifier","floor":8,"gold_loss":0},{"damage_healed":0,"gold_gain":0,"player_choice":"Relic","damage_taken":0,"max_hp_gain":0,"max_hp_loss":0,"event_name":"Wheel of Change","floor":12,"gold_loss":0}],"is_beta":false,"boss_relics":[],"items_purged_floors":[],"is_endless":false,"potions_floor_spawned":[1,4],"killed_by":"The Guardian","ascension_level":0}