{"gold_per_floor":[119,119,135,310,329,358,358,358,358,358,343,363,363,373,373,373],"floor_reached":16,"playtime":398,"items_purged":[],"score":102,"play_id":"44dc4db0-fab0-4ee7-ab99-fe35116170c8","local_time":"20190223014855","is_ascension_mode":false,"campfire_choices":[{"floor":7,"key":"REST"},{"data":"Infernal Blade","floor":10,"key":"SMITH"},{"floor":13,"key":"REST"},{"data":"Infernal Blade","floor":15,"key":"SMITH"}],"neow_cost":"NONE","seed_source_timestamp":564919283268584,"circlet_count":0,"master_deck":["Strike_R","Strike_R","Strike_R","Strike_R","Strike_R","Defend_R","Defend_R","Defend_R","Defend_R","Infernal Blade+1","Infernal Blade+1","Anger"],"relics":["Burning Blood","NeowsBlessing","Pear","Mummified Hand"],"potions_floor_usage":[16],"damage_taken":[{"damage":0,"enemies":"2 Louse","floor":1,"turns":1},{"damage":0,"enemies":"Cultist","floor":3,"turns":1},{"damage":0,"enemies":"Jaw Worm","floor":5,"turns":1},{"damage":49,"enemies":"3 Sentries","floor":6,"turns":11},{"damage":10,"enemies":"Exordium Thugs","floor":11,"turns":4},{"damage":21,"enemies":"Red Slaver","floor":12,"turns":5},{"damage":9,"enemies":"Lots of Slimes","floor":14,"turns":5},{"damage":73,"enemies":"The Guardian","floor":16,"turns":14}],"seed_played":"3675899590995413250","potions_obtained":[{"floor":6,"key":"SteroidPotion"},{"floor":14,"key":"Energy Potion"}],"is_trial":false,"path_per_floor":["M","?","M","?","M","E","R","?","T","R","M","M","R","M","R","B"],"character_chosen":"IRONCLAD","items_purchased":[],"campfire_rested":2,"item_purchase_floors":[],"current_hp_per_floor":[80,80,80,80,80,47,74,74,74,74,70,55,82,79,79,6],"gold":373,"neow_bonus":"THREE_ENEMY_KILL","is_prod":false,"is_daily":false,"chose_seed":false,"campfire_upgraded":2,"win_rate":0.0,"timestamp":1550915335,"path_taken":["M","?","?","?","M","E","R","?","T","R","M","M","R","M","R","BOSS"],"build_version":"2019-01-23","purchased_purges":0,"victory":false,"max_hp_per_floor":[80,80,80,80,80,90,90,90,90,90,90,90,90,90,90,90],"card_choices":[{"not_picked":["Warcry","True Grit","Sword Boomerang"],"picked":"SKIP","floor":1},{"not_picked":["Perfected Strike","Wild Strike","Thunderclap"],"picked":"SKIP","floor":3},{"not_picked":["Flex","Clash"],"picked":"Infernal Blade","floor":5},{"not_picked":["Iron Wave","Body Slam"],"picked":"Infernal Blade","floor":6},{"not_picked":["Iron Wave","Second Wind","Warcry"],"picked":"SKIP","floor":11},{"not_picked":["Twin Strike","Clash","Intimidate"],"picked":"SKIP","floor":12},{"not_picked":["Cleave","Infernal Blade"],"picked":"Anger","floor":14}],"player_experience":10165,"relics_obtained":[{"floor":6,"key":"Pear"},{"floor":9,"key":"Mummified Hand"}],"event_choices":[{"cards_removed":["Bash"],"damage_healed":0,"gold_gain":0,"player_choice":"Purged","damage_taken":0,"max_hp_gain":0,"max_hp_loss":0,"event_name":"Purifier","floor":2,"gold_loss":0},{"damage_healed":0,"gold_gain":175,"player_choice":"AGREE","damage_taken":0,"max_hp_gain":0,"max_hp_loss":0,"event_name":"Liars Game","floor":4,"gold_loss":0,"cards_obtained":["Doubt"]},{"cards_removed":["Doubt"],"damage_healed":0,"gold_gain":0,"player_choice":"Removed Curses","damage_taken":0,"max_hp_gain":0,"max_hp_loss":0,"event_name":"Fountain of Cleansing","floor":8,"gold_loss":0}],"is_beta":false,"boss_relics":[],"items_purged_floors":[],"is_endless":false,"potions_floor_spawned":[6,14],"killed_by":"The Guardian","ascension_level":0}