{"gold_per_floor":[166,178,194,213,213,240,240,240,240,268,283,283,94,83,83,212,212,226,226,247,271,33,33,33,54,54,31,31],"floor_reached":28,"playtime":1612,"items_purged":["Strike_G"],"score":311,"play_id":"463837c0-1f0f-4c89-b809-95dbb0d09248","local_time":"20190123135157","is_ascension_mode":true,"campfire_choices":[{"data":"Neutralize","floor":8,"key":"SMITH"},{"floor":15,"key":"REST"},{"floor":23,"key":"REST"},{"floor":24,"key":"REST"}],"neow_cost":"NONE","seed_source_timestamp":1163356260345224,"circlet_count":0,"master_deck":["Defend_G","Defend_G","Defend_G","Defend_G","Defend_G","Strike_G+1","Strike_G","Strike_G","Survivor","Neutralize+1","Deadly Poison","Bouncing Flask","Sucker Punch","Cloak And Dagger","Deflect","Dagger Spray","Neutralize+1","Dash","Flying Knee","Noxious Fumes","Backstab","Flying Knee","Malaise","Acrobatics","Calculated Gamble","Deflect+1","Bane","Outmaneuver+1","Flying Knee"],"relics":["Tiny House","Girya","Tingsha","WingedGreaves","Golden Idol","Sozu","Toxic Egg 2","Paper Crane"],"potions_floor_usage":[16],"damage_taken":[{"damage":9,"enemies":"2 Louse","floor":1,"turns":3},{"damage":0,"enemies":"Small Slimes","floor":2,"turns":3},{"damage":0,"enemies":"Cultist","floor":3,"turns":4},{"damage":6,"enemies":"2 Fungi Beasts","floor":4,"turns":4},{"damage":12,"enemies":"Lagavulin","floor":6,"turns":7},{"damage":11,"enemies":"3 Sentries","floor":10,"turns":7},{"damage":1,"enemies":"Blue Slaver","floor":11,"turns":3},{"damage":10,"enemies":"Exordium Thugs","floor":14,"turns":4},{"damage":28,"enemies":"Hexaghost","floor":16,"turns":11},{"damage":10,"enemies":"3 Byrds","floor":18,"turns":6},{"damage":0,"enemies":"Shell Parasite","floor":20,"turns":5},{"damage":26,"enemies":"Centurion and Healer","floor":21,"turns":9},{"damage":40,"enemies":"Cultist and Chosen","floor":25,"turns":8},{"damage":24,"enemies":"Snake Plant","floor":28,"turns":5}],"seed_played":"-2093488809758629916","potions_obtained":[{"floor":0,"key":"Dexterity Potion"},{"floor":3,"key":"PowerPotion"},{"floor":10,"key":"GhostInAJar"}],"is_trial":false,"path_per_floor":["M","M","M","M","?","E","?","R","T","E","M","?","$","M","R","B",null,"M","?","M","M","$","R","R","M","T","$","M"],"character_chosen":"THE_SILENT","items_purchased":["Noxious Fumes","Backstab","Toxic Egg 2","Flying Knee"],"campfire_rested":3,"item_purchase_floors":[13,13,22,27],"current_hp_per_floor":[59,59,59,53,53,41,41,41,41,30,29,29,29,19,39,11,55,45,45,45,19,19,39,59,19,19,19,0],"gold":31,"neow_bonus":"BOSS_RELIC","is_prod":false,"is_daily":false,"chose_seed":false,"campfire_upgraded":1,"win_rate":0,"timestamp":1548269517,"path_taken":["M","M","M","M","?","E","?","R","T","E","?","?","$","M","R","BOSS","M","?","M","M","$","R","R","M","T","?","?"],"build_version":"2019-01-03v4","purchased_purges":1,"victory":false,"max_hp_per_floor":[75,75,75,75,75,75,75,75,75,75,75,69,69,69,69,69,69,69,69,69,69,69,69,69,69,69,69,69],"card_choices":[{"not_picked":["Endless Agony","Dodge and Roll"],"picked":"Deadly Poison","floor":0},{"not_picked":["Dodge and Roll","Bane"],"picked":"Bouncing Flask","floor":1},{"not_picked":["Concentrate","Prepared"],"picked":"Sucker Punch","floor":2},{"not_picked":["Blade Dance","Skewer"],"picked":"Cloak And Dagger","floor":3},{"not_picked":["Dagger Throw","Infinite Blades"],"picked":"Deflect","floor":4},{"not_picked":["Terror","Phantasmal Killer"],"picked":"Dagger Spray","floor":6},{"not_picked":["All Out Attack","Tactician"],"picked":"Dash","floor":10},{"not_picked":["Accuracy","Finisher"],"picked":"Flying Knee","floor":11},{"not_picked":["Choke","Deflect"],"picked":"Flying Knee","floor":14},{"not_picked":["A Thousand Cuts","Die Die Die"],"picked":"Malaise","floor":16},{"not_picked":["Masterful Stab+1","Expertise+1"],"picked":"Acrobatics","floor":18},{"not_picked":["Poisoned Stab","Prepared"],"picked":"Deflect+1","floor":20},{"not_picked":["Poisoned Stab","Quick Slash"],"picked":"Bane","floor":21},{"not_picked":["Calculated Gamble+1","Endless Agony"],"picked":"Outmaneuver+1","floor":25}],"player_experience":370805,"relics_obtained":[{"floor":6,"key":"Girya"},{"floor":9,"key":"Tingsha"},{"floor":10,"key":"WingedGreaves"},{"floor":26,"key":"Paper Crane"}],"event_choices":[{"damage_healed":0,"gold_gain":0,"player_choice":"Grow","damage_taken":0,"max_hp_gain":0,"max_hp_loss":0,"event_name":"Living Wall","floor":5,"gold_loss":0,"cards_upgraded":["Neutralize"]},{"damage_healed":0,"gold_gain":0,"player_choice":"1 cards matched","damage_taken":0,"max_hp_gain":0,"max_hp_loss":0,"event_name":"Match and Keep!","floor":7,"gold_loss":0,"cards_obtained":["Neutralize"]},{"damage_healed":0,"gold_gain":0,"player_choice":"Lose Max HP","damage_taken":0,"relics_obtained":["Golden Idol"],"max_hp_gain":0,"max_hp_loss":6,"event_name":"Golden Idol","floor":12,"gold_loss":0},{"damage_healed":0,"gold_gain":0,"cards_transformed":["Strike_G"],"player_choice":"Transformed","damage_taken":0,"max_hp_gain":0,"max_hp_loss":0,"event_name":"Transmorgrifier","floor":19,"gold_loss":0,"cards_obtained":["Calculated Gamble"]}],"is_beta":false,"boss_relics":[{"not_picked":["Busted Crown","Velvet Choker"],"picked":"Sozu"}],"items_purged_floors":[13],"is_endless":false,"potions_floor_spawned":[3,10,11,20],"killed_by":"Snake Plant","ascension_level":7}