{"gold_per_floor":[111,122,138,156,175,175,193,193,193,211,211,4,4,19,19,19],"floor_reached":16,"playtime":672,"items_purged":[],"score":96,"play_id":"f13bd250-e482-49f9-bdba-3c37516cee7f","local_time":"20190313004917","is_ascension_mode":false,"campfire_choices":[{"data":"Combust","floor":6,"key":"SMITH"},{"data":"Anger","floor":8,"key":"SMITH"},{"data":"Hemokinesis","floor":13,"key":"SMITH"},{"data":"Dual Wield","floor":15,"key":"SMITH"}],"neow_cost":"NONE","seed_source_timestamp":55274180258609,"circlet_count":0,"master_deck":["Strike_R","Strike_R","Strike_R","Strike_R","Strike_R","Defend_R","Defend_R","Defend_R","Defend_R","Bash","Hemokinesis","Feel No Pain","Hemokinesis+1","Cleave","Cleave","Combust+1","Anger+1","Flame Barrier","Dual Wield+1"],"relics":["Burning Blood","Gremlin Horn","Medical Kit"],"potions_floor_usage":[10,16,16,16],"damage_taken":[{"damage":8,"enemies":"Small Slimes","floor":1,"turns":3},{"damage":3,"enemies":"2 Louse","floor":2,"turns":2},{"damage":3,"enemies":"Cultist","floor":3,"turns":2},{"damage":22,"enemies":"3 Louse","floor":4,"turns":3},{"damage":15,"enemies":"Blue Slaver","floor":5,"turns":3},{"damage":1,"enemies":"Lots of Slimes","floor":7,"turns":1},{"damage":14,"enemies":"Large Slime","floor":10,"turns":5},{"damage":12,"enemies":"Blue Slaver","floor":14,"turns":2},{"damage":51,"enemies":"The Guardian","floor":16,"turns":6}],"seed_played":"-634445534797640754","potions_obtained":[{"floor":1,"key":"Poison Potion"},{"floor":3,"key":"Weak Potion"},{"floor":10,"key":"Fruit Juice"},{"floor":14,"key":"Energy Potion"}],"is_trial":false,"path_per_floor":["M","M","M","M","M","R","M","R","T","M","?","$","R","M","R","B"],"character_chosen":"IRONCLAD","items_purchased":["Medical Kit"],"campfire_rested":0,"item_purchase_floors":[12],"current_hp_per_floor":[78,80,80,64,55,55,60,60,60,57,57,57,57,51,51,0],"gold":19,"neow_bonus":"THREE_CARDS","is_prod":false,"is_daily":false,"chose_seed":false,"campfire_upgraded":4,"win_rate":0.0,"timestamp":1552452557,"path_taken":["M","M","M","M","M","R","M","R","T","M","?","$","R","M","R","BOSS"],"build_version":"2019-01-23","purchased_purges":0,"victory":false,"max_hp_per_floor":[80,80,80,80,80,80,80,80,80,85,85,85,85,85,85,85],"card_choices":[{"not_picked":["Headbutt","Sword Boomerang"],"picked":"Hemokinesis","floor":0},{"not_picked":["Power Through","True Grit"],"picked":"Feel No Pain","floor":1},{"not_picked":["Headbutt","Clothesline"],"picked":"Hemokinesis","floor":2},{"not_picked":["Intimidate","Shrug It Off"],"picked":"Cleave","floor":3},{"not_picked":["Shrug It Off","Flex"],"picked":"Cleave","floor":4},{"not_picked":["Intimidate","Sword Boomerang"],"picked":"Combust","floor":5},{"not_picked":["Clothesline","Whirlwind"],"picked":"Anger","floor":7},{"not_picked":["Perfected Strike","Shrug It Off"],"picked":"Flame Barrier","floor":10},{"not_picked":["Reaper","Shrug It Off"],"picked":"Dual Wield","floor":14}],"player_experience":21339,"relics_obtained":[{"floor":9,"key":"Gremlin Horn"}],"event_choices":[{"damage_healed":0,"gold_gain":0,"player_choice":"Ignored","damage_taken":0,"max_hp_gain":0,"max_hp_loss":0,"event_name":"Liars Game","floor":11,"gold_loss":0}],"is_beta":false,"boss_relics":[],"items_purged_floors":[],"is_endless":false,"potions_floor_spawned":[1,3,10,14],"killed_by":"The Guardian","ascension_level":0}