{"gold_per_floor":[110,33,33,44,44,44,84,84,84,98,98,112,156,171,171,270,333,333],"floor_reached":18,"playtime":449,"items_purged":[],"score":390,"play_id":"d53ccc32-5272-4b54-abfb-49452e59e7cb","local_time":"20190302210446","is_ascension_mode":true,"campfire_choices":[{"data":"Defragment","floor":6.0,"key":"SMITH"},{"data":"Capacitor","floor":8.0,"key":"SMITH"},{"data":"White Noise","floor":15.0,"key":"SMITH"}],"neow_cost":"NONE","seed_source_timestamp":35542499419845,"circlet_count":0,"master_deck":["AscendersBane","Strike_B","Strike_B","Defend_B","Defend_B","Defend_B+1","Defend_B","Zap","Dualcast","Capacitor+1","Defragment+1","Cold Snap","Stack","Conserve Battery","White Noise+1","Ball Lightning","Amplify","Buffer","Go for the Eyes"],"special_seed":0,"relics":["Cracked Core","NeowsBlessing","Golden Idol","Bag of Preparation","Bottled Lightning","Blood Vial","Tiny House"],"potions_floor_usage":[],"damage_taken":[{"damage":0.0,"enemies":"2 Louse","floor":1.0,"turns":1.0},{"damage":0.0,"enemies":"Jaw Worm","floor":4.0,"turns":1.0},{"damage":0.0,"enemies":"3 Sentries","floor":7.0,"turns":1.0},{"damage":0.0,"enemies":"Small Slimes","floor":10.0,"turns":2.0},{"damage":14.0,"enemies":"Red Slaver","floor":12.0,"turns":4.0},{"damage":7.0,"enemies":"Lagavulin","floor":13.0,"turns":5.0},{"damage":0.0,"enemies":"3 Louse","floor":14.0,"turns":5.0},{"damage":30.0,"enemies":"The Guardian","floor":16.0,"turns":10.0},{"damage":0,"enemies":"3 Byrds","floor":18,"turns":2}],"seed_played":"1019514202579476533","potions_obtained":[{"floor":1.0,"key":"Ancient Potion"},{"floor":7.0,"key":"Ancient Potion"},{"floor":10.0,"key":"AttackPotion"},{"floor":17,"key":"Fire Potion"}],"is_trial":false,"path_per_floor":["M","$","?","M","?","R","E","R","T","M","?","M","E","M","R","B",null,"M"],"character_chosen":"DEFECT","items_purchased":["Defragment"],"campfire_rested":0,"item_purchase_floors":[2],"current_hp_per_floor":[64,64,57,57,57,57,57,57,57,57,57,43,36,38,38,10,56,58],"gold":333,"neow_bonus":"THREE_ENEMY_KILL","is_prod":false,"is_daily":false,"chose_seed":false,"campfire_upgraded":3,"win_rate":0,"timestamp":1551557086,"path_taken":["M","$","?","M","?","R","E","R","T","M","?","?","E","M","R","BOSS","M"],"build_version":"2019-02-06","purchased_purges":0,"victory":false,"max_hp_per_floor":[71,71,71,71,64,64,64,64,64,64,64,64,64,64,64,64,69,69],"card_choices":[{"not_picked":["Gash","Leap"],"picked":"Capacitor","floor":1.0},{"not_picked":["Doom and Gloom","Rebound"],"picked":"Cold Snap","floor":4.0},{"not_picked":["Barrage","Recycle"],"picked":"Stack","floor":7.0},{"not_picked":["Coolheaded","Storm"],"picked":"Conserve Battery","floor":10.0},{"not_picked":["Redo","Sunder"],"picked":"Ball Lightning","floor":12.0},{"not_picked":["Capacitor","Leap"],"picked":"Amplify","floor":13.0},{"not_picked":["Turbo","Barrage","Stack"],"picked":"SKIP","floor":14.0},{"not_picked":["Biased Cognition","All For One"],"picked":"Buffer","floor":16.0},{"not_picked":["Darkness","Recycle"],"picked":"Go for the Eyes","floor":17}],"player_experience":971757,"relics_obtained":[{"floor":7.0,"key":"Bag of Preparation"},{"floor":9.0,"key":"Bottled Lightning"},{"floor":13.0,"key":"Blood Vial"}],"event_choices":[{"cards_removed":["Strike_B"],"damage_healed":0.0,"max_hp_gain":0.0,"max_hp_loss":0.0,"gold_gain":0.0,"event_name":"Golden Wing","player_choice":"Card Removal","floor":3.0,"gold_loss":0.0,"damage_taken":7.0},{"damage_healed":0.0,"max_hp_gain":0.0,"max_hp_loss":7.0,"gold_gain":0.0,"event_name":"Golden Idol","player_choice":"Lose Max HP","floor":5.0,"gold_loss":0.0,"damage_taken":0.0,"relics_obtained":["Golden Idol"]},{"damage_healed":0.0,"max_hp_gain":0.0,"max_hp_loss":0.0,"gold_gain":0.0,"cards_transformed":["Strike_B"],"event_name":"Transmorgrifier","player_choice":"Transformed","floor":11.0,"gold_loss":0.0,"damage_taken":0.0,"cards_obtained":["White Noise"]}],"is_beta":true,"boss_relics":[{"not_picked":["Orrery","Astrolabe"],"picked":"Tiny House"}],"items_purged_floors":[],"is_endless":false,"potions_floor_spawned":[1,7,10],"killed_by":"3 Byrds","ascension_level":20}