{"gold_per_floor":[118,118,118,43,218,252,271,290,317,317,337,351,85,100,100,223,223,246,246,246],"floor_reached":20,"playtime":549,"items_purged":["Bash"],"score":199,"play_id":"7e55828f-4c65-49a1-aea8-23b9e3841508","local_time":"20190222231549","is_ascension_mode":false,"campfire_choices":[{"data":"Flex","floor":10,"key":"SMITH"},{"data":"Anger","floor":15,"key":"SMITH"}],"neow_cost":"NONE","seed_source_timestamp":555578522139284,"circlet_count":0,"master_deck":["Strike_R","Strike_R+1","Strike_R","Strike_R","Strike_R","Defend_R","Defend_R","Defend_R+1","Defend_R","Injury","Doubt","Flex+1","Anger+1","Secret Weapon","Fire Breathing","Anger","Feed"],"relics":["Burning Blood","NeowsBlessing","Golden Idol","Regal Pillow","Blood Vial","Eternal Feather"],"potions_floor_usage":[16,18],"damage_taken":[{"damage":0,"enemies":"Jaw Worm","floor":1,"turns":1},{"damage":0,"enemies":"3 Sentries","floor":6,"turns":1},{"damage":0,"enemies":"2 Louse","floor":7,"turns":1},{"damage":8,"enemies":"Cultist","floor":8,"turns":5},{"damage":10,"enemies":"3 Louse","floor":11,"turns":5},{"damage":0,"enemies":"2 Fungi Beasts","floor":12,"turns":4},{"damage":10,"enemies":"Looter","floor":14,"turns":3},{"damage":77,"enemies":"Slime Boss","floor":16,"turns":14},{"damage":14,"enemies":"Chosen","floor":18,"turns":5},{"damage":40,"enemies":"Colosseum Slavers","floor":19,"turns":5},{"damage":48,"enemies":"Masked Bandits","floor":20,"turns":3}],"seed_played":"-3368672672888180533","potions_obtained":[{"floor":1,"key":"Energy Potion"},{"floor":7,"key":"Regen Potion"},{"floor":12,"key":"SpeedPotion"},{"floor":16,"key":"Swift Potion"}],"is_trial":false,"path_per_floor":["M","?","?","$","?","E","M","M","T","R","M","M","$","M","R","B",null,"M","?","?"],"character_chosen":"IRONCLAD","items_purchased":["Secret Weapon","Fire Breathing"],"campfire_rested":0,"item_purchase_floors":[13,13],"current_hp_per_floor":[80,64,64,64,64,70,76,74,74,74,72,80,80,76,76,22,80,72,43,0],"gold":246,"neow_bonus":"THREE_ENEMY_KILL","is_prod":false,"is_daily":false,"chose_seed":false,"campfire_upgraded":2,"win_rate":0.0,"timestamp":1550906149,"path_taken":["M","?","?","?","?","E","?","M","T","R","M","?","$","M","R","BOSS","M","?","?"],"build_version":"2019-01-23","purchased_purges":1,"victory":false,"max_hp_per_floor":[80,80,80,80,80,80,80,80,80,80,80,80,80,80,80,80,80,80,83,83],"card_choices":[{"not_picked":["Thunderclap","Blood for Blood","Uppercut"],"picked":"SKIP","floor":1},{"not_picked":["Disarm","Headbutt","Spot Weakness"],"picked":"SKIP","floor":6},{"not_picked":["Intimidate","Twin Strike"],"picked":"Flex","floor":7},{"not_picked":["Clothesline","Warcry","Cleave"],"picked":"SKIP","floor":8},{"not_picked":["Uppercut","Dark Embrace","Body Slam"],"picked":"SKIP","floor":11},{"not_picked":["True Grit","Flex"],"picked":"Anger","floor":12},{"not_picked":["Pommel Strike","Hemokinesis"],"picked":"Anger","floor":14},{"not_picked":["Reaper","Demon Form"],"picked":"Feed","floor":16},{"not_picked":["Armaments","True Grit","Clothesline"],"picked":"SKIP","floor":18}],"player_experience":4619,"relics_obtained":[{"floor":6,"key":"Regal Pillow"},{"floor":9,"key":"Blood Vial"}],"event_choices":[{"damage_healed":0,"gold_gain":0,"player_choice":"Entered Light","damage_taken":16,"max_hp_gain":0,"max_hp_loss":0,"event_name":"Shining Light","floor":2,"gold_loss":0,"cards_upgraded":["Strike_R","Defend_R"]},{"damage_healed":0,"gold_gain":0,"player_choice":"Take Wound","damage_taken":0,"relics_obtained":["Golden Idol"],"max_hp_gain":0,"max_hp_loss":0,"event_name":"Golden Idol","floor":3,"gold_loss":0,"cards_obtained":["Injury"]},{"damage_healed":0,"gold_gain":175,"player_choice":"AGREE","damage_taken":0,"max_hp_gain":0,"max_hp_loss":0,"event_name":"Liars Game","floor":5,"gold_loss":0,"cards_obtained":["Doubt"]},{"damage_healed":0,"gold_gain":0,"player_choice":"Fight","damage_taken":0,"max_hp_gain":0,"max_hp_loss":0,"event_name":"Colosseum","floor":19,"gold_loss":0},{"damage_healed":0,"gold_gain":0,"player_choice":"Fled From Nobs","damage_taken":0,"max_hp_gain":0,"max_hp_loss":0,"event_name":"Colosseum","floor":19,"gold_loss":0},{"damage_healed":0,"gold_gain":0,"player_choice":"Fought Bandits","damage_taken":0,"max_hp_gain":0,"max_hp_loss":0,"event_name":"Masked Bandits","floor":20,"gold_loss":0}],"is_beta":false,"boss_relics":[{"not_picked":["White Beast Statue","Cursed Key"],"picked":"Eternal Feather"}],"items_purged_floors":[4],"is_endless":false,"potions_floor_spawned":[1,7,12,16],"killed_by":"Masked Bandits","ascension_level":0}