{"gold_per_floor":[117,67,84,84,104,137,137,137,160,170,204,220,231,260,260,361,361,371,371,383,399,413,413],"floor_reached":23,"playtime":3282,"items_purged":[],"score":215,"play_id":"3a508815-5523-4a5e-99e6-9b7c9c4b02f6","local_time":"20190311233825","is_ascension_mode":false,"campfire_choices":[{"data":"Inflame","floor":7.0,"key":"SMITH"},{"data":"Bash","floor":15.0,"key":"SMITH"}],"neow_cost":"NONE","seed_source_timestamp":0,"circlet_count":0,"master_deck":["Strike_R","Strike_R","Strike_R","Defend_R","Defend_R","Defend_R","Defend_R","Bash+1","Heavy Blade","Inflame+1","Decay","Battle Trance","Clash","Heavy Blade","Armaments","Dropkick","Whirlwind","Cleave","Burning Pact","Double Tap","Fire Breathing+1","Thunderclap+1","True Grit","Armaments+1"],"special_seed":0,"relics":["Black Blood","NeowsBlessing","Centennial Puzzle","Strawberry","Orichalcum","Ornamental Fan"],"potions_floor_usage":[21,23,23],"damage_taken":[{"damage":0.0,"enemies":"Small Slimes","floor":1.0,"turns":1.0},{"damage":0.0,"enemies":"2 Louse","floor":3.0,"turns":1.0},{"damage":0.0,"enemies":"Cultist","floor":5.0,"turns":1.0},{"damage":28.0,"enemies":"Lagavulin","floor":6.0,"turns":6.0},{"damage":20.0,"enemies":"Blue Slaver","floor":10.0,"turns":4.0},{"damage":24.0,"enemies":"3 Sentries","floor":11.0,"turns":7.0},{"damage":7.0,"enemies":"Red Slaver","floor":12.0,"turns":3.0},{"damage":2.0,"enemies":"Large Slime","floor":13.0,"turns":5.0},{"damage":8.0,"enemies":"Gremlin Nob","floor":14.0,"turns":3.0},{"damage":30.0,"enemies":"The Guardian","floor":16.0,"turns":7.0},{"damage":33.0,"enemies":"Shell Parasite","floor":18.0,"turns":5.0},{"damage":18,"enemies":"Spheric Guardian","floor":20,"turns":4},{"damage":12,"enemies":"Centurion and Healer","floor":21,"turns":5},{"damage":20,"enemies":"Snecko","floor":22,"turns":5},{"damage":46,"enemies":"Gremlin Leader","floor":23,"turns":7}],"seed_played":"-2633739189531502621","potions_obtained":[{"floor":1.0,"key":"EssenceOfSteel"},{"floor":5.0,"key":"Swift Potion"},{"floor":13.0,"key":"AttackPotion"},{"floor":14.0,"key":"EntropicBrew"},{"floor":16.0,"key":"Poison Potion"},{"floor":18.0,"key":"Dexterity Potion"},{"floor":20,"key":"Swift Potion"},{"floor":22,"key":"PowerPotion"}],"is_trial":false,"path_per_floor":["?","?","M","?","M","?","M"],"character_chosen":"IRONCLAD","items_purchased":[],"campfire_rested":0,"item_purchase_floors":[],"current_hp_per_floor":[80,80,80,80,80,58,58,58,65,51,33,32,36,34,34,10,87,64,64,56,54,44,0],"gold":413,"neow_bonus":"THREE_ENEMY_KILL","is_prod":false,"is_daily":false,"chose_seed":false,"campfire_upgraded":2,"win_rate":0,"timestamp":1552343905,"path_taken":["M","?","M","?","?","E","R","?","T","M","E","?","M","E","R","BOSS","M","?","M","?","M","E"],"build_version":"2019-01-23","purchased_purges":0,"victory":false,"max_hp_per_floor":[80,80,80,80,80,80,80,80,87,87,87,87,87,87,87,87,87,87,87,87,87,87,87],"card_choices":[{"not_picked":["Sentinel","Combust"],"picked":"Heavy Blade","floor":1.0},{"not_picked":["Heavy Blade","Havoc"],"picked":"Inflame","floor":3.0},{"not_picked":["Cleave","Thunderclap"],"picked":"Battle Trance","floor":5.0},{"not_picked":["Sentinel","Cleave"],"picked":"Clash","floor":6.0},{"not_picked":["Corruption","Double Tap"],"picked":"Armaments","floor":10.0},{"not_picked":["Heavy Blade","Combust"],"picked":"Dropkick","floor":11.0},{"not_picked":["Pommel Strike","Havoc"],"picked":"Whirlwind","floor":12.0},{"not_picked":["Dropkick","Wild Strike"],"picked":"Cleave","floor":13.0},{"not_picked":["Pommel Strike","Twin Strike"],"picked":"Burning Pact","floor":14.0},{"not_picked":["Reaper","Offering"],"picked":"Double Tap","floor":16.0},{"not_picked":["Reckless Charge+1","Wild Strike"],"picked":"Fire Breathing+1","floor":18.0},{"not_picked":["Havoc","Perfected Strike"],"picked":"Thunderclap+1","floor":20},{"not_picked":["Searing Blow","Disarm"],"picked":"True Grit","floor":21},{"not_picked":["Thunderclap+1","Bludgeon"],"picked":"Armaments+1","floor":22}],"player_experience":165032,"relics_obtained":[{"floor":6.0,"key":"Centennial Puzzle"},{"floor":9.0,"key":"Strawberry"},{"floor":11.0,"key":"Orichalcum"},{"floor":14.0,"key":"Ornamental Fan"}],"event_choices":[{"cards_removed":["Strike_R"],"damage_healed":0.0,"max_hp_gain":0.0,"max_hp_loss":0.0,"gold_gain":0.0,"event_name":"The Cleric","player_choice":"Card Removal","floor":2.0,"gold_loss":50.0,"damage_taken":0.0},{"damage_healed":0.0,"max_hp_gain":0.0,"max_hp_loss":0.0,"gold_gain":0.0,"event_name":"Wheel of Change","player_choice":"Cursed","floor":4.0,"gold_loss":0.0,"damage_taken":0.0,"cards_obtained":["Decay"]},{"damage_healed":0.0,"max_hp_gain":0.0,"max_hp_loss":0.0,"gold_gain":0.0,"cards_transformed":["Strike_R"],"event_name":"Transmorgrifier","player_choice":"Transformed","floor":8.0,"gold_loss":0.0,"damage_taken":0.0,"cards_obtained":["Heavy Blade"]},{"damage_healed":0,"gold_gain":0,"player_choice":"Ignored","damage_taken":0,"max_hp_gain":0,"max_hp_loss":0,"event_name":"NoteForYourself","floor":19,"gold_loss":0}],"is_beta":false,"boss_relics":[{"not_picked":["Calling Bell","White Beast Statue"],"picked":"Black Blood"}],"items_purged_floors":[],"is_endless":false,"potions_floor_spawned":[1,5,13,14,16,18,20,22],"killed_by":"Gremlin Leader","ascension_level":0}