{"gold_per_floor":[113,113,113,131,148,148,162,162,162,162,192,117,133,166,166,240,240,250,77,97,147,147,173,173,173],"floor_reached":25,"playtime":838,"items_purged":["Regret"],"score":418,"play_id":"828cf482-0d68-4537-ba5a-b8a51c18f577","local_time":"20190310204926","is_ascension_mode":true,"campfire_choices":[{"data":"Zap","floor":6.0,"key":"SMITH"},{"floor":8.0,"key":"REST"},{"data":"Conserve Battery","floor":10.0,"key":"SMITH"},{"data":"Cold Snap","floor":15.0,"key":"SMITH"},{"floor":24,"key":"REST"}],"neow_cost":"NONE","seed_source_timestamp":18364247400145,"circlet_count":0,"master_deck":["AscendersBane","Strike_B","Strike_B","Strike_B","Strike_B","Defend_B","Defend_B+1","Defend_B","Defend_B","Zap+1","Dualcast+1","Cold Snap+1","Conserve Battery+1","Cold Snap","Conserve Battery","Echo Form","Genetic Algorithm","Buffer"],"special_seed":0,"relics":["Cracked Core","NeowsBlessing","Dead Branch","Thread and Needle","Regal Pillow","Pen Nib","Black Star","Orichalcum"],"potions_floor_usage":[],"damage_taken":[{"damage":0.0,"enemies":"2 Louse","floor":1.0,"turns":1.0},{"damage":0.0,"enemies":"Small Slimes","floor":4.0,"turns":1.0},{"damage":0.0,"enemies":"Jaw Worm","floor":5.0,"turns":1.0},{"damage":6.0,"enemies":"Blue Slaver","floor":7.0,"turns":3.0},{"damage":13.0,"enemies":"Lagavulin","floor":11.0,"turns":9.0},{"damage":0.0,"enemies":"Looter","floor":13.0,"turns":3.0},{"damage":18.0,"enemies":"Gremlin Nob","floor":14.0,"turns":4.0},{"damage":23.0,"enemies":"Slime Boss","floor":16.0,"turns":10.0},{"damage":25.0,"enemies":"3 Byrds","floor":18.0,"turns":7.0},{"damage":0,"enemies":"Spheric Guardian","floor":20,"turns":6},{"damage":43,"enemies":"Gremlin Leader","floor":25,"turns":4}],"seed_played":"-764218141225335694","potions_obtained":[{"floor":4.0,"key":"FearPotion"},{"floor":11.0,"key":"SkillPotion"},{"floor":14.0,"key":"Strength Potion"},{"floor":16.0,"key":"AttackPotion"},{"floor":20,"key":"Dexterity Potion"}],"is_trial":false,"path_per_floor":["M","?","?","M","M","R","M","R","T","R","E","$","M","E","R","B",null,"M","$","M","?","?","T","R","E"],"character_chosen":"DEFECT","items_purchased":["Buffer"],"campfire_rested":2,"item_purchase_floors":[19],"current_hp_per_floor":[64,43,43,43,43,43,37,58,58,58,45,45,45,27,27,4,54,29,29,29,29,29,29,65,22],"gold":173,"neow_bonus":"THREE_ENEMY_KILL","is_prod":false,"is_daily":false,"chose_seed":false,"campfire_upgraded":3,"win_rate":0,"timestamp":1552247366,"path_taken":["M","?","?","M","M","R","M","R","T","R","E","$","M","E","R","BOSS","M","$","M","?","?","?","R","E"],"build_version":"2019-02-06","purchased_purges":1,"victory":false,"max_hp_per_floor":[71,71,71,71,71,71,71,71,71,71,71,71,71,71,71,71,71,71,71,71,71,71,71,71,71],"card_choices":[{"not_picked":["Gash","Turbo"],"picked":"Cold Snap","floor":1.0},{"not_picked":["Cold Snap","Streamline"],"picked":"Conserve Battery","floor":4.0},{"not_picked":["Doom and Gloom","Conserve Battery"],"picked":"Cold Snap","floor":5.0},{"not_picked":["Redo","Streamline"],"picked":"Conserve Battery","floor":7.0},{"not_picked":["Stack","Auto Shields","Ball Lightning"],"picked":"SKIP","floor":11.0},{"not_picked":["Stack","Streamline","Sweeping Beam"],"picked":"SKIP","floor":13.0},{"not_picked":["Storm","Machine Learning","Hello World"],"picked":"SKIP","floor":14.0},{"not_picked":["Meteor Strike","Thunder Strike"],"picked":"Echo Form","floor":16.0},{"not_picked":["Redo","Reprogram"],"picked":"Genetic Algorithm","floor":18.0},{"not_picked":["Static Discharge","Redo","Rebound"],"picked":"SKIP","floor":20}],"player_experience":1005704,"relics_obtained":[{"floor":9.0,"key":"Thread and Needle"},{"floor":11.0,"key":"Regal Pillow"},{"floor":14.0,"key":"Pen Nib"},{"floor":23,"key":"Orichalcum"}],"event_choices":[{"damage_healed":0.0,"max_hp_gain":0.0,"max_hp_loss":0.0,"gold_gain":0.0,"event_name":"Shining Light","player_choice":"Entered Light","floor":2.0,"gold_loss":0.0,"damage_taken":21.0,"cards_upgraded":["Defend_B","Dualcast"]},{"damage_healed":0.0,"max_hp_gain":0.0,"max_hp_loss":0.0,"gold_gain":0.0,"event_name":"Big Fish","player_choice":"Box","floor":3.0,"gold_loss":0.0,"damage_taken":0.0,"relics_obtained":["Dead Branch"],"cards_obtained":["Regret"]},{"damage_healed":0,"gold_gain":50,"player_choice":"Stole From Cult","damage_taken":0,"max_hp_gain":0,"max_hp_loss":0,"event_name":"Nest","floor":21,"gold_loss":0},{"damage_healed":0,"gold_gain":0,"player_choice":"Ignored","damage_taken":0,"max_hp_gain":0,"max_hp_loss":0,"event_name":"Cursed Tome","floor":22,"gold_loss":0}],"is_beta":true,"boss_relics":[{"not_picked":["Velvet Choker","Orrery"],"picked":"Black Star"}],"items_purged_floors":[12],"is_endless":false,"potions_floor_spawned":[4,11,14,16,20],"killed_by":"Gremlin Leader","ascension_level":20}