{"gold_per_floor":[118,118,118,83,56,70,70,113,113,151,170,170,170,190,190,190],"floor_reached":16,"playtime":659,"items_purged":[],"score":108,"play_id":"ce4fec59-1910-4cac-a03e-f380ed75ab5b","local_time":"20190313093200","is_ascension_mode":false,"campfire_choices":[{"data":"Heavy Blade","floor":7,"key":"SMITH"},{"data":"Entrench","floor":12,"key":"SMITH"},{"data":"Barricade","floor":15,"key":"SMITH"}],"neow_cost":"NONE","seed_source_timestamp":86650273543302,"circlet_count":0,"master_deck":["Strike_R","Strike_R","Strike_R","Strike_R","Strike_R","Defend_R","Defend_R","Defend_R","Bash+1","Cleave","Shrug It Off","Heavy Blade+1","Barricade+1","Rampage","Entrench+1"],"relics":["Burning Blood","Golden Idol","Bird Faced Urn","Bottled Flame","Orichalcum"],"potions_floor_usage":[10,16],"damage_taken":[{"damage":0,"enemies":"2 Louse","floor":1,"turns":2},{"damage":3,"enemies":"Jaw Worm","floor":6,"turns":3},{"damage":46,"enemies":"Lagavulin","floor":8,"turns":6},{"damage":28,"enemies":"Gremlin Nob","floor":10,"turns":4},{"damage":2,"enemies":"Small Slimes","floor":11,"turns":3},{"damage":9,"enemies":"Looter","floor":14,"turns":3},{"damage":66,"enemies":"Slime Boss","floor":16,"turns":12}],"seed_played":"6617254519785445830","potions_obtained":[{"floor":8,"key":"SteroidPotion"},{"floor":11,"key":"Regen Potion"}],"is_trial":false,"path_per_floor":["M","?","?","?","$","M","R","E","T","E","M","R","?","M","R","B"],"character_chosen":"IRONCLAD","items_purchased":["Shrug It Off"],"campfire_rested":0,"item_purchase_floors":[5],"current_hp_per_floor":[80,60,60,80,80,80,80,40,40,18,22,22,48,45,45,0],"gold":190,"neow_bonus":"UPGRADE_CARD","is_prod":false,"is_daily":false,"chose_seed":false,"campfire_upgraded":3,"win_rate":0.0,"timestamp":1552483920,"path_taken":["M","?","?","?","$","M","R","E","T","E","M","R","?","M","R","BOSS"],"build_version":"2019-01-23","purchased_purges":0,"victory":false,"max_hp_per_floor":[80,80,80,80,80,80,80,80,80,80,80,80,80,80,80,80],"card_choices":[{"not_picked":["Warcry","Anger"],"picked":"Cleave","floor":1},{"not_picked":["Ghostly Armor","Metallicize"],"picked":"Heavy Blade","floor":6},{"not_picked":["True Grit","Pommel Strike"],"picked":"Barricade","floor":8},{"not_picked":["Armaments","Bludgeon"],"picked":"Rampage","floor":10},{"not_picked":["Pommel Strike","Second Wind"],"picked":"Entrench","floor":11},{"not_picked":["Armaments","Entrench","True Grit"],"picked":"SKIP","floor":14}],"player_experience":29254,"relics_obtained":[{"floor":8,"key":"Bird Faced Urn"},{"floor":9,"key":"Bottled Flame"},{"floor":10,"key":"Orichalcum"}],"event_choices":[{"damage_healed":0,"gold_gain":0,"player_choice":"Take Damage","damage_taken":20,"relics_obtained":["Golden Idol"],"max_hp_gain":0,"max_hp_loss":0,"event_name":"Golden Idol","floor":2,"gold_loss":0},{"cards_removed":["Defend_R"],"damage_healed":0,"gold_gain":0,"player_choice":"Forget","damage_taken":0,"max_hp_gain":0,"max_hp_loss":0,"event_name":"Living Wall","floor":3,"gold_loss":0},{"damage_healed":20,"gold_gain":0,"player_choice":"Healed","damage_taken":0,"max_hp_gain":0,"max_hp_loss":0,"event_name":"The Cleric","floor":4,"gold_loss":35},{"damage_healed":26,"gold_gain":0,"player_choice":"Banana","damage_taken":0,"max_hp_gain":0,"max_hp_loss":0,"event_name":"Big Fish","floor":13,"gold_loss":0}],"is_beta":false,"boss_relics":[],"items_purged_floors":[],"is_endless":false,"potions_floor_spawned":[8,11],"killed_by":"Slime Boss","ascension_level":0}