{"gold_per_floor":[117,267,285,285,45,57,86,86,160,191,191,191,30,41,41,118,118,130,130,104,4,4,32,51,51,51,51,51,51,63,90,90,90],"floor_reached":33,"playtime":1318,"items_purged":["Doubt","Writhe"],"score":586,"play_id":"767aa4ff-70ad-4921-95fe-770b33641f31","local_time":"20190304145605","is_ascension_mode":true,"campfire_choices":[{"data":"Self Repair","floor":8.0,"key":"SMITH"},{"data":"Amplify","floor":11.0,"key":"SMITH"},{"data":"Coolheaded","floor":15.0,"key":"SMITH"},{"data":"Conserve Battery","floor":25.0,"key":"SMITH"},{"data":"Conserve Battery","floor":27.0,"key":"SMITH"},{"floor":32,"key":"RECALL"}],"neow_cost":"NONE","seed_source_timestamp":0,"circlet_count":0,"master_deck":["AscendersBane","Strike_B","Strike_B","Strike_B","Strike_B","Defend_B","Defend_B","Defend_B","Defend_B","Zap","Dualcast","Self Repair+1","Capacitor","Amplify+1","Ball Lightning","Coolheaded+1","Conserve Battery+1","Echo Form","Conserve Battery+1","Ghostly","Ghostly","Ghostly","Storm+1","Defragment","Double Energy+1"],"special_seed":0,"relics":["Philosopher\u0027s Stone","PreservedInsect","Regal Pillow","Symbiotic Virus","Pocketwatch","Lantern","Sozu","Dodecahedron","Darkstone Periapt","Pen Nib","Bag of Marbles"],"potions_floor_usage":[],"damage_taken":[{"damage":4.0,"enemies":"2 Louse","floor":1.0,"turns":3.0},{"damage":11.0,"enemies":"Small Slimes","floor":3.0,"turns":3.0},{"damage":11.0,"enemies":"Jaw Worm","floor":6.0,"turns":5.0},{"damage":19.0,"enemies":"3 Sentries","floor":7.0,"turns":6.0},{"damage":11.0,"enemies":"Lagavulin","floor":10.0,"turns":5.0},{"damage":0.0,"enemies":"Exordium Thugs","floor":12.0,"turns":1.0},{"damage":9.0,"enemies":"Looter","floor":14.0,"turns":3.0},{"damage":56.0,"enemies":"Hexaghost","floor":16.0,"turns":11.0},{"damage":8.0,"enemies":"Chosen","floor":18.0,"turns":5.0},{"damage":41.0,"enemies":"2 Thieves","floor":20.0,"turns":4.0},{"damage":20.0,"enemies":"Slavers","floor":23.0,"turns":6.0},{"damage":0.0,"enemies":"Snecko","floor":24.0,"turns":6.0},{"damage":0.0,"enemies":"Centurion and Healer","floor":30.0,"turns":8.0},{"damage":7,"enemies":"Gremlin Leader","floor":31,"turns":6},{"damage":53,"enemies":"Champ","floor":33,"turns":10}],"seed_played":"-2586886832088753352","potions_obtained":[{"floor":6.0,"key":"Explosive Potion"},{"floor":7.0,"key":"SmokeBomb"},{"floor":10.0,"key":"Fire Potion"},{"floor":16.0,"key":"Weak Potion"}],"is_trial":false,"path_per_floor":["M","?","M","?","$","M","E","R","T","E","R","M","$","M","R","B",null,"M","?","M","$","?","E","M","R","T","R","$","?","M","E","R","B"],"character_chosen":"DEFECT","items_purchased":["PreservedInsect","Lantern"],"campfire_rested":0,"item_purchase_floors":[5,13],"current_hp_per_floor":[60,60,56,61,61,57,52,52,52,51,51,51,51,62,62,16,61,63,63,32,32,32,22,38,38,38,38,38,30,40,43,43,0],"gold":90,"neow_bonus":"BOSS_RELIC","is_prod":false,"is_daily":false,"chose_seed":false,"campfire_upgraded":5,"win_rate":0,"timestamp":1551707765,"path_taken":["M","?","M","?","$","M","E","R","T","E","R","?","?","M","R","BOSS","M","?","M","$","?","E","M","R","T","R","$","?","M","E","R","BOSS"],"build_version":"2019-02-06","purchased_purges":2,"victory":false,"max_hp_per_floor":[71,71,71,76,76,76,76,76,76,76,76,76,76,76,76,76,76,76,76,76,76,38,38,38,38,38,38,38,43,43,43,43,43],"card_choices":[{"not_picked":["Steam","Stack"],"picked":"Self Repair","floor":1.0},{"not_picked":["Chaos","Streamline"],"picked":"Capacitor","floor":3.0},{"not_picked":["Rebound","Undo"],"picked":"Amplify","floor":6.0},{"not_picked":["Coolheaded","Conserve Battery"],"picked":"Ball Lightning","floor":7.0},{"not_picked":["Heatsinks","Beam Cell"],"picked":"Coolheaded","floor":10.0},{"not_picked":["Barrage","Ball Lightning"],"picked":"Conserve Battery","floor":14.0},{"not_picked":["Thunder Strike","Rainbow"],"picked":"Echo Form","floor":16.0},{"not_picked":["Doom and Gloom","Compile Driver","Gash"],"picked":"SKIP","floor":18.0},{"not_picked":["Tempest","Capacitor"],"picked":"Conserve Battery","floor":20.0},{"not_picked":["Aggregate","Reprogram"],"picked":"Storm+1","floor":23.0},{"not_picked":["Steam Power","Redo","Compile Driver"],"picked":"SKIP","floor":24.0},{"not_picked":["Turbo","Blizzard"],"picked":"Defragment","floor":30},{"not_picked":["Blizzard","Coolheaded"],"picked":"Double Energy+1","floor":31}],"player_experience":981023,"relics_obtained":[{"floor":7.0,"key":"Regal Pillow"},{"floor":9.0,"key":"Symbiotic Virus"},{"floor":10.0,"key":"Pocketwatch"},{"floor":23.0,"key":"Darkstone Periapt"},{"floor":26.0,"key":"Pen Nib"},{"floor":31,"key":"Bag of Marbles"}],"event_choices":[{"damage_healed":0.0,"max_hp_gain":0.0,"max_hp_loss":0.0,"gold_gain":150.0,"event_name":"Liars Game","player_choice":"AGREE","floor":2.0,"gold_loss":0.0,"damage_taken":0.0,"cards_obtained":["Doubt"]},{"damage_healed":0.0,"max_hp_gain":5.0,"max_hp_loss":0.0,"gold_gain":0.0,"event_name":"Big Fish","player_choice":"Donut","floor":4.0,"gold_loss":0.0,"damage_taken":0.0},{"damage_healed":0.0,"max_hp_gain":0.0,"max_hp_loss":0.0,"gold_gain":0.0,"event_name":"The Mausoleum","player_choice":"Opened","floor":19.0,"gold_loss":0.0,"damage_taken":0.0,"relics_obtained":["Dodecahedron"],"cards_obtained":["Writhe"]},{"damage_healed":0.0,"max_hp_gain":0.0,"max_hp_loss":38.0,"gold_gain":0.0,"event_name":"Ghosts","player_choice":"Became a Ghost","floor":22.0,"gold_loss":0.0,"damage_taken":0.0,"cards_obtained":["Ghostly","Ghostly","Ghostly"]},{"damage_healed":0.0,"max_hp_gain":5.0,"max_hp_loss":0.0,"gold_gain":0.0,"event_name":"Forgotten Altar","player_choice":"Shed Blood","floor":29.0,"gold_loss":0.0,"damage_taken":13.0}],"is_beta":true,"boss_relics":[{"not_picked":["Velvet Choker","Calling Bell"],"picked":"Sozu"}],"items_purged_floors":[5,21],"is_endless":false,"potions_floor_spawned":[6,7,10,16,18,20,31],"killed_by":"Champ","ascension_level":20}