{"gold_per_floor":[116,136,155,66,78,78,78,78,78,88,88,120,120,140,140,236,236,249,299,12,25,39,39,54,54,54,69,69],"floor_reached":28,"playtime":1864,"items_purged":["Strike_B"],"score":222,"play_id":"a037bedb-5584-4e50-a230-fab57059aa60","local_time":"20190312234759","is_ascension_mode":false,"campfire_choices":[{"floor":7,"key":"REST"},{"data":"BootSequence","floor":11,"key":"SMITH"},{"floor":15,"key":"REST"},{"data":"Deep Breath","floor":23,"key":"SMITH"}],"neow_cost":"NONE","seed_source_timestamp":50404790887689,"circlet_count":0,"master_deck":["Strike_B","Strike_B+1","Defend_B","Defend_B","Defend_B+1","Defend_B","Zap","Dualcast","BootSequence+1","Beam Cell","Go for the Eyes","Swift Strike","Turbo","Go for the Eyes","Loop","Auto Shields","Chill","Ball Lightning+1","Beam Cell","Deep Breath+1","Steam","Genetic Algorithm","Necronomicurse","Beam Cell+1"],"relics":["Cracked Core","FossilizedHelix","Meat on the Bone","Potion Belt","Nuclear Battery","Membership Card","Necronomicon","Darkstone Periapt"],"potions_floor_usage":[16],"damage_taken":[{"damage":3,"enemies":"Jaw Worm","floor":1,"turns":4},{"damage":0,"enemies":"2 Louse","floor":2,"turns":3},{"damage":1,"enemies":"Cultist","floor":3,"turns":3},{"damage":8,"enemies":"Exordium Thugs","floor":5,"turns":6},{"damage":0,"enemies":"Blue Slaver","floor":10,"turns":2},{"damage":29,"enemies":"Gremlin Nob","floor":12,"turns":6},{"damage":0,"enemies":"Red Slaver","floor":14,"turns":3},{"damage":35,"enemies":"The Guardian","floor":16,"turns":14},{"damage":15,"enemies":"Spheric Guardian","floor":18,"turns":8},{"damage":0,"enemies":"Chosen","floor":21,"turns":5},{"damage":17,"enemies":"Snake Plant","floor":22,"turns":6},{"damage":13,"enemies":"Centurion and Healer","floor":24,"turns":11},{"damage":22,"enemies":"Snecko","floor":27,"turns":6},{"damage":23,"enemies":"Snake Plant","floor":28,"turns":6}],"seed_played":"-5535621858278989313","potions_obtained":[{"floor":2,"key":"SpeedPotion"},{"floor":10,"key":"SkillPotion"},{"floor":14,"key":"SpeedPotion"},{"floor":18,"key":"SpeedPotion"},{"floor":27,"key":"Regen Potion"}],"is_trial":false,"path_per_floor":["M","M","M","$","M","?","R","?","T","M","R","E","?","M","R","B",null,"M","?","$","M","M","R","M","?","T","M","M"],"character_chosen":"DEFECT","items_purchased":["Swift Strike","Membership Card","Beam Cell","Deep Breath"],"campfire_rested":2,"item_purchase_floors":[4,20,20,20],"current_hp_per_floor":[79,79,78,78,70,54,78,53,53,53,53,36,36,48,72,49,82,67,67,67,67,50,50,49,33,33,23,0],"gold":69,"neow_bonus":"TEN_PERCENT_HP_BONUS","is_prod":false,"is_daily":false,"chose_seed":false,"campfire_upgraded":2,"win_rate":0.0,"timestamp":1552448879,"path_taken":["M","M","M","$","M","?","R","?","T","M","R","E","?","M","R","BOSS","M","?","?","M","M","R","M","?","T","M","M"],"build_version":"2019-01-23","purchased_purges":1,"victory":false,"max_hp_per_floor":[82,82,82,82,82,82,82,82,82,82,82,82,82,82,82,82,82,82,82,82,82,82,82,82,82,82,82,82],"card_choices":[{"not_picked":["Coolheaded","Hologram"],"picked":"BootSequence","floor":1},{"not_picked":["Streamline","Static Discharge"],"picked":"Beam Cell","floor":2},{"not_picked":["Fusion","Streamline"],"picked":"Go for the Eyes","floor":3},{"not_picked":["Conserve Battery","Undo"],"picked":"Turbo","floor":5},{"not_picked":["Rip and Tear","Rebound"],"picked":"Go for the Eyes","floor":10},{"not_picked":["Recycle","Stack"],"picked":"Loop","floor":12},{"not_picked":["Coolheaded","Skim"],"picked":"Chill","floor":14},{"not_picked":["Leap","Double Energy"],"picked":"Ball Lightning+1","floor":18},{"not_picked":["Coolheaded","Reprogram"],"picked":"Steam","floor":21},{"not_picked":["Undo+1","Barrage+1","Cold Snap"],"picked":"SKIP","floor":22},{"not_picked":["Rebound","Stack"],"picked":"Genetic Algorithm","floor":24},{"not_picked":["Chill","BootSequence"],"picked":"Beam Cell+1","floor":27}],"player_experience":18939,"relics_obtained":[{"floor":9,"key":"Meat on the Bone"},{"floor":12,"key":"Potion Belt"},{"floor":25,"key":"Necronomicon"},{"floor":26,"key":"Darkstone Periapt"}],"event_choices":[{"damage_healed":0,"gold_gain":0,"player_choice":"Entered Light","damage_taken":16,"max_hp_gain":0,"max_hp_loss":0,"event_name":"Shining Light","floor":6,"gold_loss":0,"cards_upgraded":["Defend_B","Strike_B"]},{"damage_healed":0,"gold_gain":0,"player_choice":"Success","damage_taken":25,"relics_obtained":["FossilizedHelix"],"max_hp_gain":0,"max_hp_loss":0,"event_name":"Scrap Ooze","floor":8,"gold_loss":0},{"damage_healed":0,"gold_gain":0,"cards_transformed":["Strike_B"],"player_choice":"Transformed","damage_taken":0,"max_hp_gain":0,"max_hp_loss":0,"event_name":"Transmorgrifier","floor":13,"gold_loss":0,"cards_obtained":["Auto Shields"]},{"damage_healed":0,"gold_gain":100,"player_choice":"Bet on Murderer","damage_taken":0,"max_hp_gain":0,"max_hp_loss":0,"event_name":"The Joust","floor":19,"gold_loss":50},{"damage_healed":0,"gold_gain":0,"player_choice":"Obtained Book","damage_taken":16,"max_hp_gain":0,"max_hp_loss":0,"event_name":"Cursed Tome","floor":25,"gold_loss":0}],"is_beta":false,"boss_relics":[{"not_picked":["Eternal Feather","Snecko Eye"],"picked":"Nuclear Battery"}],"items_purged_floors":[20],"is_endless":false,"potions_floor_spawned":[2,10,14,18,27],"killed_by":"Snake Plant","ascension_level":0}