{"gold_per_floor":[109,5,24,43,57,87,87,112,112,112,112,144,157,176,176,278,278,290,55,67,17,17,52,67,93,118,155,167,197,244,256,268,376,388,415,427,454,688,711,823,869,881,893,905,917,955,978,1005,1017,1029,1041,1053,61,90,90],"floor_reached":56,"playtime":8959,"items_purged":["Defend_B","Defend_B","Defend_B","Strike_B"],"score":1360,"play_id":"9a5882cd-967c-40b3-b111-d80fae00db5b","local_time":"20190311204429","is_ascension_mode":false,"campfire_choices":[{"floor":11.0,"key":"REST"},{"data":"White Noise","floor":15.0,"key":"SMITH"},{"floor":32,"key":"REST"},{"data":"Defragment","floor":42,"key":"SMITH"},{"floor":45,"key":"RECALL"},{"data":"Chaos","floor":49,"key":"SMITH"},{"data":"Capacitor","floor":52,"key":"SMITH"}],"neow_cost":"NONE","seed_source_timestamp":0,"circlet_count":0,"master_deck":["Strike_B","Strike_B","Strike_B","Defend_B","Zap","Dualcast","Coolheaded","Sweeping Beam+1","Chill","Capacitor+1","Beam Cell+1","Conserve Battery","Iron Wave","Chaos+1","Self Repair","White Noise+1","Echo Form","Doom and Gloom","Genetic Algorithm","Redo","Glacier","Ball Lightning","Leap+1","Coolheaded","Rebound","Consume","Echo Form","Defragment+1","Darkness+1","Loop+1","Melter","Coolheaded","Chaos+1","Thunder Strike","Redo+1","White Noise+1","Static Discharge+1"],"special_seed":0,"relics":["FrozenCore","Smiling Mask","Emotion Chip","The Courier","Dodecahedron","Cables","Ginger","Juzu Bracelet","Whetstone","Calipers","MawBank","Red Mask","Prayer Wheel","Sozu","FossilizedHelix","PreservedInsect","Frozen Egg 2","Boot","DataDisk","Runic Capacitor","Vajra","Art of War","Orichalcum","Bottled Tornado","Anchor","Strawberry"],"potions_floor_usage":[24,24,30,30,37],"damage_taken":[{"damage":6.0,"enemies":"Jaw Worm","floor":1.0,"turns":4.0},{"damage":0.0,"enemies":"Small Slimes","floor":3.0,"turns":2.0},{"damage":0.0,"enemies":"Cultist","floor":4.0,"turns":3.0},{"damage":12.0,"enemies":"Gremlin Gang","floor":5.0,"turns":4.0},{"damage":14.0,"enemies":"Gremlin Nob","floor":6.0,"turns":3.0},{"damage":6.0,"enemies":"3 Sentries","floor":8.0,"turns":9.0},{"damage":15.0,"enemies":"Lagavulin","floor":12.0,"turns":7.0},{"damage":0.0,"enemies":"Exordium Wildlife","floor":13.0,"turns":2.0},{"damage":2.0,"enemies":"Large Slime","floor":14.0,"turns":3.0},{"damage":17.0,"enemies":"Slime Boss","floor":16.0,"turns":12.0},{"damage":0,"enemies":"Chosen","floor":18,"turns":8},{"damage":8,"enemies":"3 Byrds","floor":20,"turns":6},{"damage":33,"enemies":"Gremlin Leader","floor":23,"turns":9},{"damage":3,"enemies":"Centurion and Healer","floor":24,"turns":7},{"damage":27,"enemies":"Slavers","floor":25,"turns":6},{"damage":18,"enemies":"Masked Bandits","floor":27,"turns":8},{"damage":3,"enemies":"Snecko","floor":29,"turns":6},{"damage":15,"enemies":"Book of Stabbing","floor":30,"turns":8},{"damage":29,"enemies":"Champ","floor":33,"turns":14},{"damage":0,"enemies":"Orb Walker","floor":35,"turns":5},{"damage":19,"enemies":"3 Darklings","floor":37,"turns":4},{"damage":0,"enemies":"Spire Growth","floor":39,"turns":7},{"damage":0,"enemies":"Mind Bloom Boss Battle","floor":40,"turns":6},{"damage":0,"enemies":"Nemesis","floor":41,"turns":7},{"damage":1,"enemies":"Giant Head","floor":46,"turns":8},{"damage":3,"enemies":"Writhing Mass","floor":47,"turns":8},{"damage":0,"enemies":"Jaw Worm Horde","floor":48,"turns":6},{"damage":29,"enemies":"Awakened One","floor":50,"turns":14},{"damage":0,"enemies":"Shield and Spear","floor":54,"turns":5},{"damage":12,"enemies":"The Heart","floor":55,"turns":10}],"seed_played":"5239504183624944068","potions_obtained":[{"floor":1.0,"key":"Ancient Potion"},{"floor":3.0,"key":"Fire Potion"},{"floor":5.0,"key":"FairyPotion"},{"floor":6.0,"key":"Swift Potion"},{"floor":20,"key":"Energy Potion"},{"floor":23,"key":"SkillPotion"},{"floor":27,"key":"AttackPotion"},{"floor":29,"key":"Poison Potion"},{"floor":30,"key":"Explosive Potion"}],"is_trial":false,"path_per_floor":["?","?","M","?","?","?","?","?","?","?","T"],"character_chosen":"DEFECT","items_purchased":["Sweeping Beam","Juzu Bracelet","Genetic Algorithm","DataDisk","Runic Capacitor","Vajra","Art of War","Orichalcum","Bottled Tornado","Anchor"],"campfire_rested":2,"item_purchase_floors":[2,19,19,53,53,53,53,53,53,53],"current_hp_per_floor":[69,69,69,69,57,43,18,12,12,12,34,19,19,24,24,7,75,75,75,75,75,75,49,53,33,33,22,47,51,43,29,53,31,80,80,80,75,75,75,80,80,80,80,80,80,79,80,80,80,51,80,80,80,87,82],"gold":90,"neow_bonus":"RANDOM_COMMON_RELIC","is_prod":false,"is_daily":false,"chose_seed":false,"campfire_upgraded":4,"win_rate":0,"timestamp":1552333469,"path_taken":["M","$","M","M","M","E","?","E","T","?","R","E","?","M","R","BOSS","M","$","M","$","?","E","M","E","T","?","?","M","E","?","R","BOSS","M","?","M","?","M","?","E","R","T","?","R","E","M","M","R","BOSS","R","$","E","BOSS"],"build_version":"2019-01-23","purchased_purges":4,"victory":true,"max_hp_per_floor":[75,75,75,75,75,75,75,75,75,75,75,75,75,75,75,75,75,75,75,75,75,75,75,75,75,75,75,75,75,75,80,80,80,80,80,80,80,80,80,80,80,80,80,80,80,80,80,80,80,80,80,80,80,87,87],"card_choices":[{"not_picked":["Steam Power","Barrage"],"picked":"Coolheaded","floor":1.0},{"not_picked":["Skim","Turbo"],"picked":"Chill","floor":3.0},{"not_picked":["Coolheaded","Static Discharge"],"picked":"Capacitor","floor":4.0},{"not_picked":["Sweeping Beam","Stack"],"picked":"Beam Cell","floor":5.0},{"not_picked":["Amplify","Go for the Eyes"],"picked":"Melter","floor":6.0},{"not_picked":["Thunder Strike","Stack"],"picked":"Conserve Battery","floor":8.0},{"not_picked":["Leap","Cold Snap"],"picked":"Chaos","floor":12.0},{"not_picked":["Storm","Cold Snap"],"picked":"Self Repair","floor":13.0},{"not_picked":["Skim","Heatsinks"],"picked":"White Noise","floor":14.0},{"not_picked":["Hyperbeam","Thunder Strike"],"picked":"Echo Form","floor":16.0},{"not_picked":["Conserve Battery+1","Scrape+1"],"picked":"Doom and Gloom","floor":18},{"not_picked":["Sweeping Beam","Hologram+1"],"picked":"Redo","floor":20},{"not_picked":["Conserve Battery","Force Field+1"],"picked":"Glacier","floor":23},{"not_picked":["Compile Driver","Genetic Algorithm"],"picked":"Ball Lightning","floor":24},{"not_picked":["Recycle","Echo Form"],"picked":"Leap+1","floor":25},{"not_picked":["Compile Driver","Reprogram+1"],"picked":"Coolheaded","floor":27},{"not_picked":["Static Discharge","Gash+1"],"picked":"Rebound","floor":29},{"not_picked":["Sweeping Beam+1","Gash"],"picked":"Consume","floor":30},{"not_picked":["Amplify","Buffer"],"picked":"Echo Form","floor":33},{"not_picked":["Ball Lightning+1","Heatsinks+1"],"picked":"Defragment","floor":35},{"not_picked":["Barrage+1","Compile Driver"],"picked":"Darkness+1","floor":35},{"not_picked":["Coolheaded+1","Reprogram+1"],"picked":"Loop+1","floor":37},{"not_picked":["Hologram","Heatsinks","Steam+1"],"picked":"SKIP","floor":37},{"not_picked":["Gash+1","Steam+1"],"picked":"Melter","floor":39},{"not_picked":["Conserve Battery","Gash+1"],"picked":"Coolheaded","floor":39},{"not_picked":["Capacitor","Hologram+1"],"picked":"Chaos+1","floor":40},{"not_picked":["Echo Form","Auto Shields","Leap+1"],"picked":"SKIP","floor":41},{"not_picked":["Recycle","Hologram","Compile Driver+1"],"picked":"SKIP","floor":46},{"not_picked":["Stack","Chaos"],"picked":"Thunder Strike","floor":47},{"not_picked":["Hologram+1","Leap+1","Sweeping Beam"],"picked":"SKIP","floor":47},{"not_picked":["Steam","Compile Driver+1"],"picked":"Redo+1","floor":48},{"not_picked":["Turbo","Stack"],"picked":"White Noise+1","floor":48},{"not_picked":["Recycle+1","Double Energy"],"picked":"Static Discharge+1","floor":54}],"player_experience":156073,"relics_obtained":[{"floor":6.0,"key":"Emotion Chip"},{"floor":8.0,"key":"Dodecahedron"},{"floor":9.0,"key":"Cables"},{"floor":12.0,"key":"Ginger"},{"floor":23,"key":"Whetstone"},{"floor":25,"key":"Calipers"},{"floor":26,"key":"MawBank"},{"floor":27,"key":"Red Mask"},{"floor":30,"key":"Prayer Wheel"},{"floor":40,"key":"FossilizedHelix"},{"floor":41,"key":"PreservedInsect"},{"floor":44,"key":"Frozen Egg 2"},{"floor":46,"key":"Boot"},{"floor":54,"key":"Strawberry"}],"event_choices":[{"damage_healed":0.0,"max_hp_gain":0.0,"max_hp_loss":0.0,"gold_gain":0.0,"event_name":"Scrap Ooze","player_choice":"Success","floor":7.0,"gold_loss":0.0,"damage_taken":25.0,"relics_obtained":["The Courier"]},{"cards_removed":["Melter"],"damage_healed":0.0,"max_hp_gain":0.0,"max_hp_loss":0.0,"gold_gain":0.0,"event_name":"NoteForYourself","player_choice":"Took Card","floor":10.0,"gold_loss":0.0,"damage_taken":0.0,"cards_obtained":["Iron Wave"]},{"damage_healed":0,"gold_gain":0,"player_choice":"Ignored","damage_taken":0,"max_hp_gain":0,"max_hp_loss":0,"event_name":"Beggar","floor":22,"gold_loss":0},{"damage_healed":0,"gold_gain":0,"player_choice":"Fought Bandits","damage_taken":0,"max_hp_gain":0,"max_hp_loss":0,"event_name":"Masked Bandits","floor":27,"gold_loss":0},{"damage_healed":25,"gold_gain":0,"player_choice":"Heal","damage_taken":0,"max_hp_gain":0,"max_hp_loss":0,"event_name":"The Library","floor":28,"gold_loss":0},{"damage_healed":0,"gold_gain":0,"player_choice":"Shed Blood","damage_taken":19,"max_hp_gain":5,"max_hp_loss":0,"event_name":"Forgotten Altar","floor":31,"gold_loss":0},{"damage_healed":0,"gold_gain":0,"player_choice":"Ignored","damage_taken":0,"max_hp_gain":0,"max_hp_loss":0,"event_name":"SecretPortal","floor":36,"gold_loss":0},{"damage_healed":0,"gold_gain":222,"player_choice":"Wore Mask","damage_taken":0,"max_hp_gain":0,"max_hp_loss":0,"event_name":"Tomb of Lord Red Mask","floor":38,"gold_loss":0},{"damage_healed":0,"gold_gain":0,"player_choice":"Fight","damage_taken":0,"max_hp_gain":0,"max_hp_loss":0,"event_name":"MindBloom","floor":40,"gold_loss":0}],"is_beta":false,"boss_relics":[{"not_picked":["Coffee Dripper","Fusion Hammer"],"picked":"FrozenCore"},{"not_picked":["Eternal Feather","Black Star"],"picked":"Sozu"}],"items_purged_floors":[2,19,21,53],"is_endless":false,"potions_floor_spawned":[1,3,5,6,20,23,27,29,30,35,46,54],"ascension_level":0}