{"gold_per_floor":[109,109,59,59,29,360,374,395,468,502,521,539,539,564,564,689,689,704,704,704,383,116,116,159,173,173,173,32,50,90,108,108,234,234,258,90,90,90,90,90,121,121,147,147,166,166,189,212,212,212],"floor_reached":51,"playtime":8271,"items_purged":["Writhe","Defend_B","Strike_B"],"score":798,"play_id":"2eb19ec2-28e2-49b5-88ab-4fbd23921c3f","local_time":"20190309030723","is_ascension_mode":false,"campfire_choices":[{"data":"Sunder","floor":13,"key":"SMITH"},{"floor":15,"key":"REST"},{"data":"Static Discharge","floor":23,"key":"SMITH"},{"floor":27,"key":"REST"},{"data":"Defragment","floor":32,"key":"SMITH"},{"data":"Defragment","floor":40,"key":"SMITH"},{"data":"Zap","floor":42,"key":"SMITH"},{"data":"Dualcast","floor":46,"key":"SMITH"},{"floor":49,"key":"REST"}],"neow_cost":"TEN_PERCENT_HP_LOSS","seed_source_timestamp":52175013697830,"circlet_count":0,"master_deck":["Strike_B","Strike_B","Defend_B","Zap+1","Dualcast+1","Darkness+1","Rebound","Leap+1","Sunder+1","Cold Snap","Auto Shields","Compile Driver","Leap+1","Redo+1","Coolheaded+1","Reboot+1","White Noise+1","Chrysalis+1","Static Discharge+1","Amplify+1","Coolheaded+1","Defragment+1","Chill+1","Double Energy+1","Coolheaded+1","Storm+1","Reboot+1","Rip and Tear+1","Defragment+1","Double Energy+1","Blind+1","Madness+1","Madness+1","Aggregate+1","Redo+1","Hologram+1"],"relics":["Cracked Core","War Paint","Golden Idol","Old Coin","Toxic Egg 2","Mummified Hand","Philosopher\u0027s Stone","StoneCalendar","Gremlin Horn","Bottled Flame","Smiling Mask","Sozu","Shuriken","Ancient Tea Set","Blood Vial"],"potions_floor_usage":[10,11,16,16,18,33,50],"damage_taken":[{"damage":1,"enemies":"Jaw Worm","floor":1,"turns":3},{"damage":22,"enemies":"Gremlin Nob","floor":6,"turns":4},{"damage":2,"enemies":"Small Slimes","floor":7,"turns":3},{"damage":1,"enemies":"2 Louse","floor":8,"turns":2},{"damage":5,"enemies":"Lagavulin","floor":10,"turns":5},{"damage":2,"enemies":"Large Slime","floor":11,"turns":5},{"damage":0,"enemies":"Exordium Thugs","floor":12,"turns":4},{"damage":2,"enemies":"Gremlin Gang","floor":14,"turns":4},{"damage":0,"enemies":"Hexaghost","floor":16,"turns":6},{"damage":0,"enemies":"Shell Parasite","floor":18,"turns":4},{"damage":26,"enemies":"Gremlin Leader","floor":24,"turns":7},{"damage":12,"enemies":"Chosen","floor":25,"turns":3},{"damage":2,"enemies":"Shelled Parasite and Fungi","floor":29,"turns":4},{"damage":8,"enemies":"Slavers","floor":30,"turns":4},{"damage":0,"enemies":"Sentry and Sphere","floor":31,"turns":4},{"damage":34,"enemies":"Collector","floor":33,"turns":8},{"damage":0,"enemies":"3 Shapes","floor":35,"turns":1},{"damage":6,"enemies":"Reptomancer","floor":41,"turns":6},{"damage":0,"enemies":"3 Darklings","floor":45,"turns":4},{"damage":31,"enemies":"Writhing Mass","floor":47,"turns":4},{"damage":11,"enemies":"4 Shapes","floor":48,"turns":3},{"damage":25,"enemies":"Donu and Deca","floor":50,"turns":10}],"seed_played":"6156936611163843728","potions_obtained":[{"floor":5,"key":"LiquidBronze"},{"floor":5,"key":"FearPotion"},{"floor":6,"key":"EssenceOfSteel"},{"floor":10,"key":"SpeedPotion"},{"floor":11,"key":"GamblersBrew"},{"floor":29,"key":"Strength Potion"},{"floor":30,"key":"SteroidPotion"}],"is_trial":false,"path_per_floor":["?","?","?","?","M","M","?","?","$","?","?","T","?","M"],"character_chosen":"DEFECT","items_purchased":["Chrysalis+1","Static Discharge","Thinking Ahead+1","Defragment","Chill+1","Defragment","Double Energy+1"],"campfire_rested":3,"item_purchase_floors":[21,21,22,28,28,36,36],"current_hp_per_floor":[67,64,64,47,47,25,23,22,22,17,15,15,15,13,33,33,68,68,68,68,68,68,68,42,30,30,50,50,48,40,40,40,6,68,68,68,68,59,59,59,53,53,53,78,78,78,47,38,61,38],"gold":212,"neow_bonus":"TRANSFORM_TWO_CARDS","is_prod":false,"is_daily":false,"chose_seed":false,"campfire_upgraded":6,"win_rate":0.0,"timestamp":1552097243,"path_taken":["M","?","?","?","?","E","M","M","T","E","?","?","R","M","R","BOSS","M","?","?","?","$","R","E","M","T","R","$","M","E","M","R","BOSS","M","$","?","?","?","R","E","R","T","?","?","R","M","M","R","BOSS"],"build_version":"2019-01-23","purchased_purges":3,"victory":true,"max_hp_per_floor":[68,68,68,68,68,68,68,68,68,68,68,68,68,68,68,68,68,68,68,68,68,68,68,68,68,68,68,68,68,68,68,68,68,68,68,68,68,68,68,68,68,68,68,78,78,78,78,78,78,78],"card_choices":[{"not_picked":["Go for the Eyes","Barrage"],"picked":"Leap","floor":1},{"not_picked":["Rebound","Melter"],"picked":"Sunder","floor":6},{"not_picked":["Stack","Turbo"],"picked":"Cold Snap","floor":7},{"not_picked":["Stack","Go for the Eyes"],"picked":"Auto Shields","floor":8},{"not_picked":["Streamline","Stack+1"],"picked":"Compile Driver","floor":10},{"not_picked":["Sweeping Beam","Skim+1"],"picked":"Leap+1","floor":11},{"not_picked":["Force Field+1","Sunder"],"picked":"Redo+1","floor":12},{"not_picked":["Compile Driver","Aggregate+1"],"picked":"Coolheaded+1","floor":14},{"not_picked":["All For One","Machine Learning"],"picked":"Reboot+1","floor":16},{"not_picked":["Turbo+1","Reinforced Body+1"],"picked":"White Noise+1","floor":18},{"not_picked":["White Noise+1","Gash"],"picked":"Amplify+1","floor":24},{"not_picked":["Leap+1","Stack+1"],"picked":"Coolheaded+1","floor":25},{"not_picked":["Storm","Steam+1"],"picked":"Double Energy+1","floor":29},{"not_picked":["Go for the Eyes","Rebound"],"picked":"Coolheaded+1","floor":30},{"not_picked":["Barrage","Glacier+1"],"picked":"Storm+1","floor":31},{"not_picked":["Buffer","Machine Learning"],"picked":"Reboot+1","floor":33},{"not_picked":["Recycle+1","Force Field+1"],"picked":"Rip and Tear+1","floor":35},{"not_picked":["Bandage Up+1","Madness+1"],"picked":"Blind+1","floor":37},{"not_picked":["Gash+1","Stack+1","Beam Cell"],"picked":"SKIP","floor":41},{"not_picked":["Conserve Battery+1","Cold Snap+1"],"picked":"Aggregate+1","floor":45},{"not_picked":["Beam Cell+1","Streamline+1"],"picked":"Redo+1","floor":47},{"not_picked":["Undo+1","Streamline"],"picked":"Hologram+1","floor":48}],"player_experience":71632,"relics_obtained":[{"floor":6,"key":"Old Coin"},{"floor":9,"key":"Toxic Egg 2"},{"floor":10,"key":"Mummified Hand"},{"floor":24,"key":"Gremlin Horn"},{"floor":26,"key":"Bottled Flame"},{"floor":30,"key":"Smiling Mask"},{"floor":39,"key":"Shuriken"},{"floor":41,"key":"Ancient Tea Set"},{"floor":43,"key":"Blood Vial"}],"event_choices":[{"damage_healed":0,"gold_gain":0,"player_choice":"Success","damage_taken":3,"relics_obtained":["War Paint"],"max_hp_gain":0,"max_hp_loss":0,"event_name":"Scrap Ooze","floor":2,"gold_loss":0},{"cards_removed":["Defend_B"],"damage_healed":0,"gold_gain":0,"player_choice":"Card Removal","damage_taken":0,"max_hp_gain":0,"max_hp_loss":0,"event_name":"The Cleric","floor":3,"gold_loss":50},{"damage_healed":0,"gold_gain":0,"player_choice":"Take Damage","damage_taken":17,"relics_obtained":["Golden Idol"],"max_hp_gain":0,"max_hp_loss":0,"event_name":"Golden Idol","floor":4,"gold_loss":0},{"damage_healed":0,"gold_gain":0,"player_choice":"Bought 2 Potions","damage_taken":0,"max_hp_gain":0,"max_hp_loss":0,"event_name":"The Woman in Blue","floor":5,"gold_loss":0},{"damage_healed":0,"gold_gain":0,"player_choice":"Ignored","damage_taken":0,"max_hp_gain":0,"max_hp_loss":0,"event_name":"Ghosts","floor":19,"gold_loss":0},{"damage_healed":0,"gold_gain":0,"player_choice":"Opened","damage_taken":0,"relics_obtained":["StoneCalendar"],"max_hp_gain":0,"max_hp_loss":0,"event_name":"The Mausoleum","floor":20,"gold_loss":0,"cards_obtained":["Writhe"]},{"damage_healed":0,"gold_gain":0,"player_choice":"Memory 1","damage_taken":0,"max_hp_gain":0,"max_hp_loss":0,"event_name":"SensoryStone","floor":37,"gold_loss":0},{"damage_healed":0,"gold_gain":0,"player_choice":"Embrace Madness","damage_taken":9,"max_hp_gain":0,"max_hp_loss":0,"event_name":"Winding Halls","floor":38,"gold_loss":0,"cards_obtained":["Madness","Madness"]},{"cards_removed":["Thinking Ahead"],"damage_healed":15,"gold_gain":0,"player_choice":"Offered Rare","damage_taken":0,"max_hp_gain":10,"max_hp_loss":0,"event_name":"Bonfire Elementals","floor":44,"gold_loss":0}],"is_beta":false,"boss_relics":[{"not_picked":["Fusion Hammer","Runic Pyramid"],"picked":"Philosopher\u0027s Stone"},{"not_picked":["Eternal Feather","Snecko Eye"],"picked":"Sozu"}],"items_purged_floors":[21,22,36],"is_endless":false,"potions_floor_spawned":[6,10,11,29,30,41,45,48],"ascension_level":0}