{"gold_per_floor":[113,113,130,100,112,147,147],"floor_reached":7,"playtime":374,"items_purged":[],"score":152,"play_id":"94accff7-e138-4473-b47c-8613a97e02ad","local_time":"20190303005145","is_ascension_mode":true,"campfire_choices":[],"neow_cost":"NONE","seed_source_timestamp":49272313698858,"circlet_count":0,"master_deck":["AscendersBane","Strike_B","Strike_B","Strike_B","Strike_B","Defend_B","Defend_B","Defend_B","Defend_B","Zap","Dualcast","Leap","Melter","Steam","Cold Snap+1","Genetic Algorithm+1","Glacier","White Noise","Auto Shields","Coolheaded"],"relics":["Orrery","Shovel"],"potions_floor_usage":[6],"damage_taken":[{"damage":0,"enemies":"Small Slimes","floor":1,"turns":5},{"damage":2,"enemies":"Cultist","floor":3,"turns":5},{"damage":0,"enemies":"2 Louse","floor":5,"turns":3},{"damage":0,"enemies":"3 Sentries","floor":6,"turns":13},{"damage":14,"enemies":"The Mushroom Lair","floor":7,"turns":6}],"seed_played":"-3056636463975222489","potions_obtained":[{"floor":4,"key":"GamblersBrew"},{"floor":4,"key":"Ancient Potion"},{"floor":5,"key":"FocusPotion"},{"floor":6,"key":"FocusPotion"}],"is_trial":false,"path_per_floor":["M","?","M","?","M","E","?"],"character_chosen":"DEFECT","items_purchased":[],"campfire_rested":0,"item_purchase_floors":[],"current_hp_per_floor":[64,43,41,41,41,41,27],"gold":147,"neow_bonus":"BOSS_RELIC","is_prod":false,"is_daily":false,"chose_seed":false,"campfire_upgraded":0,"win_rate":0,"timestamp":1551570705,"path_taken":["M","?","M","?","?","E","?"],"build_version":"2019-02-06","purchased_purges":0,"victory":false,"max_hp_per_floor":[71,71,71,71,71,71,71],"card_choices":[{"not_picked":["Fusion","Scrape"],"picked":"Leap","floor":0},{"not_picked":["Gash","Force Field"],"picked":"Melter","floor":0},{"not_picked":["Reinforced Body","Hologram"],"picked":"Steam","floor":0},{"not_picked":["Coolheaded","Go for the Eyes"],"picked":"Cold Snap","floor":0},{"not_picked":["Coolheaded","Steam Power"],"picked":"Genetic Algorithm","floor":0},{"not_picked":["Barrage","Stack"],"picked":"Glacier","floor":1},{"not_picked":["Sweeping Beam","Hello World"],"picked":"White Noise","floor":3},{"not_picked":["Loop","Cold Snap"],"picked":"Auto Shields","floor":5},{"not_picked":["Amplify","Leap"],"picked":"Coolheaded","floor":6}],"player_experience":974736,"relics_obtained":[{"floor":6,"key":"Shovel"}],"event_choices":[{"damage_healed":0,"gold_gain":0,"player_choice":"Entered Light","damage_taken":21,"max_hp_gain":0,"max_hp_loss":0,"event_name":"Shining Light","floor":2,"gold_loss":0,"cards_upgraded":["Cold Snap","Genetic Algorithm"]},{"damage_healed":0,"gold_gain":0,"player_choice":"Bought 2 Potions","damage_taken":0,"max_hp_gain":0,"max_hp_loss":0,"event_name":"The Woman in Blue","floor":4,"gold_loss":0},{"damage_healed":0,"gold_gain":0,"player_choice":"Fought Mushrooms","damage_taken":0,"max_hp_gain":0,"max_hp_loss":0,"event_name":"Mushrooms","floor":7,"gold_loss":0}],"is_beta":true,"boss_relics":[],"items_purged_floors":[],"is_endless":false,"potions_floor_spawned":[5,6],"killed_by":"The Mushroom Lair","ascension_level":20}