{"gold_per_floor":[111,129,145,57,7,7,38,38,38,138,149,149,149,161,161,161],"floor_reached":16,"playtime":258,"items_purged":[],"score":100,"play_id":"f3808127-9fb6-4f6d-81c3-c3bbcb143ebe","local_time":"20190222232139","is_ascension_mode":false,"campfire_choices":[{"data":"Swift Strike","floor":6,"key":"SMITH"},{"floor":13,"key":"REST"},{"floor":15,"key":"REST"}],"neow_cost":"NONE","seed_source_timestamp":556222462555084,"circlet_count":0,"master_deck":["Strike_R","Strike_R","Strike_R","Strike_R","Strike_R","Defend_R","Defend_R","Defend_R","Fire Breathing","Swift Strike+1","Anger"],"relics":["Burning Blood","NeowsBlessing","WingedGreaves","Darkstone Periapt","Paper Frog"],"potions_floor_usage":[11,16],"damage_taken":[{"damage":0,"enemies":"Cultist","floor":1,"turns":1},{"damage":0,"enemies":"Small Slimes","floor":2,"turns":1},{"damage":0,"enemies":"Jaw Worm","floor":3,"turns":1},{"damage":27,"enemies":"Gremlin Nob","floor":7,"turns":4},{"damage":9,"enemies":"Large Slime","floor":11,"turns":6},{"damage":37,"enemies":"Exordium Thugs","floor":14,"turns":4},{"damage":67,"enemies":"Slime Boss","floor":16,"turns":12}],"seed_played":"7631752056832221445","potions_obtained":[{"floor":2,"key":"Poison Potion"},{"floor":3,"key":"SneckoOil"},{"floor":11,"key":"AttackPotion"}],"is_trial":false,"path_per_floor":["M","M","M","$","?","R","E","T","T","?","M","?","R","M","R","B"],"character_chosen":"IRONCLAD","items_purchased":["Swift Strike"],"campfire_rested":2,"item_purchase_floors":[4],"current_hp_per_floor":[80,80,80,80,80,80,59,59,59,59,56,49,73,42,66,0],"gold":161,"neow_bonus":"THREE_ENEMY_KILL","is_prod":false,"is_daily":false,"chose_seed":false,"campfire_upgraded":1,"win_rate":0.0,"timestamp":1550906499,"path_taken":["M","M","?","$","?","R","E","?","T","?","?","?","R","M","R","BOSS"],"build_version":"2019-01-23","purchased_purges":0,"victory":false,"max_hp_per_floor":[80,80,80,80,80,80,80,80,80,80,80,80,80,80,80,80],"card_choices":[{"not_picked":["Clash","Pommel Strike"],"picked":"Fire Breathing","floor":1},{"not_picked":["Headbutt","Perfected Strike","Thunderclap"],"picked":"SKIP","floor":2},{"not_picked":["Shrug It Off","Twin Strike","Shockwave"],"picked":"SKIP","floor":3},{"not_picked":["Dropkick","Inflame","Brutality"],"picked":"SKIP","floor":7},{"not_picked":["Armaments","Thunderclap"],"picked":"Anger","floor":11},{"not_picked":["Sword Boomerang","Armaments","Blood for Blood"],"picked":"SKIP","floor":14}],"player_experience":5168,"relics_obtained":[{"floor":7,"key":"WingedGreaves"},{"floor":8,"key":"Darkstone Periapt"},{"floor":9,"key":"Paper Frog"}],"event_choices":[{"cards_removed":["Bash"],"damage_healed":0,"gold_gain":0,"player_choice":"Card Removal","damage_taken":0,"max_hp_gain":0,"max_hp_loss":0,"event_name":"The Cleric","floor":5,"gold_loss":50},{"damage_healed":0,"gold_gain":100,"player_choice":"Pray","damage_taken":0,"max_hp_gain":0,"max_hp_loss":0,"event_name":"Golden Shrine","floor":10,"gold_loss":0},{"cards_removed":["Defend_R"],"damage_healed":0,"gold_gain":0,"player_choice":"Card Removal","damage_taken":7,"max_hp_gain":0,"max_hp_loss":0,"event_name":"Golden Wing","floor":12,"gold_loss":0}],"is_beta":false,"boss_relics":[],"items_purged_floors":[],"is_endless":false,"potions_floor_spawned":[2,3,11],"killed_by":"Slime Boss","ascension_level":0}