{"gold_per_floor":[112,131,131,131,78,78,102,102,102,17,17,40,53,86,86,215,215,240,165,196,215,215,215,230,230,256,280,280,293,293,318,318,318],"floor_reached":33,"playtime":1626,"items_purged":["Strike_R"],"score":247,"play_id":"d74218d6-74f9-4e42-a390-a5f2f9a8758f","local_time":"20190311023929","is_ascension_mode":false,"campfire_choices":[{"floor":6,"key":"RECALL"},{"data":"Whirlwind","floor":8,"key":"SMITH"},{"floor":15,"key":"REST"},{"floor":23,"key":"REST"},{"floor":25,"key":"REST"},{"data":"Dual Wield","floor":28,"key":"SMITH"},{"floor":32,"key":"REST"}],"neow_cost":"NONE","seed_source_timestamp":853213066093056,"circlet_count":0,"master_deck":["Strike_R","Strike_R","Defend_R","Defend_R","Defend_R","Defend_R","Bash","Armaments+1","Whirlwind+1","Flex","Shrug It Off","Flash of Steel","Shrug It Off","True Grit","Shockwave","Fiend Fire","Dropkick","Shrug It Off","Dual Wield+1","Offering"],"relics":["Burning Blood","Golden Idol","Letter Opener","Red Mask","Potion Belt"],"potions_floor_usage":[20,20,29,33,33,33],"damage_taken":[{"damage":10,"enemies":"Jaw Worm","floor":1,"turns":4},{"damage":2,"enemies":"Small Slimes","floor":2,"turns":5},{"damage":6,"enemies":"Cultist","floor":7,"turns":3},{"damage":12,"enemies":"3 Louse","floor":12,"turns":3},{"damage":16,"enemies":"Large Slime","floor":13,"turns":7},{"damage":24,"enemies":"3 Sentries","floor":14,"turns":6},{"damage":33,"enemies":"Slime Boss","floor":16,"turns":11},{"damage":27,"enemies":"2 Thieves","floor":18,"turns":4},{"damage":19,"enemies":"Masked Bandits","floor":20,"turns":4},{"damage":17,"enemies":"Shell Parasite","floor":21,"turns":7},{"damage":26,"enemies":"Snake Plant","floor":24,"turns":6},{"damage":4,"enemies":"Centurion and Healer","floor":27,"turns":4},{"damage":26,"enemies":"Chosen and Byrds","floor":29,"turns":8},{"damage":12,"enemies":"Cultist and Chosen","floor":31,"turns":3},{"damage":76,"enemies":"Collector","floor":33,"turns":7}],"seed_played":"-1309381872433810943","potions_obtained":[{"floor":12,"key":"GamblersBrew"},{"floor":13,"key":"EssenceOfSteel"},{"floor":16,"key":"LiquidBronze"},{"floor":20,"key":"FearPotion"},{"floor":21,"key":"Poison Potion"},{"floor":29,"key":"LiquidBronze"}],"is_trial":false,"path_per_floor":["M","M","?","?","$","R","M","R","T","$","?","M","M","E","R","B",null,"M","$","?","M","?","R","M","R","T","M","R","M","?","M","R","B"],"character_chosen":"IRONCLAD","items_purchased":["Flex","Flash of Steel"],"campfire_rested":4,"item_purchase_floors":[5,10],"current_hp_per_floor":[84,88,88,66,66,66,66,66,66,66,66,60,50,32,58,31,88,67,67,54,43,43,69,49,75,75,77,77,57,57,51,77,1],"gold":318,"neow_bonus":"TEN_PERCENT_HP_BONUS","is_prod":false,"is_daily":false,"chose_seed":false,"campfire_upgraded":2,"win_rate":0,"timestamp":1552286369,"path_taken":["M","M","?","?","$","R","M","R","T","$","?","M","M","E","R","BOSS","M","$","?","M","?","R","M","R","T","M","R","M","?","M","R","BOSS"],"build_version":"2019-01-23","purchased_purges":1,"victory":false,"max_hp_per_floor":[88,88,88,88,88,88,88,88,88,88,88,88,88,88,88,88,88,88,88,88,88,88,88,88,88,88,88,88,88,88,88,88,88],"card_choices":[{"not_picked":["Warcry","Havoc"],"picked":"Armaments","floor":1},{"not_picked":["Feel No Pain","Rage"],"picked":"Whirlwind","floor":2},{"not_picked":["Flex","Wild Strike"],"picked":"Shrug It Off","floor":7},{"not_picked":["Thunderclap","Wild Strike"],"picked":"True Grit","floor":12},{"not_picked":["Seeing Red","Entrench","Warcry"],"picked":"SKIP","floor":13},{"not_picked":["True Grit","Shrug It Off"],"picked":"Shockwave","floor":14},{"not_picked":["Feed","Limit Break"],"picked":"Fiend Fire","floor":16},{"not_picked":["Sword Boomerang","Perfected Strike"],"picked":"Dropkick","floor":18},{"not_picked":["Wild Strike","Twin Strike"],"picked":"Shrug It Off","floor":20},{"not_picked":["Headbutt+1","Flex","Warcry+1"],"picked":"SKIP","floor":21},{"not_picked":["Iron Wave+1","Sentinel+1","Twin Strike+1"],"picked":"SKIP","floor":24},{"not_picked":["Clash","Pommel Strike+1","Sword Boomerang"],"picked":"SKIP","floor":27},{"not_picked":["Searing Blow","Pommel Strike+1"],"picked":"Offering","floor":29},{"not_picked":["Anger","Shrug It Off+1","Sword Boomerang"],"picked":"SKIP","floor":31}],"player_experience":1213486,"relics_obtained":[{"floor":14,"key":"Letter Opener"},{"floor":20,"key":"Red Mask"},{"floor":26,"key":"Potion Belt"}],"event_choices":[{"damage_healed":0,"gold_gain":0,"player_choice":"Grow","damage_taken":0,"max_hp_gain":0,"max_hp_loss":0,"event_name":"Living Wall","floor":3,"gold_loss":0,"cards_upgraded":["Armaments"]},{"damage_healed":0,"gold_gain":0,"player_choice":"Take Damage","damage_taken":22,"relics_obtained":["Golden Idol"],"max_hp_gain":0,"max_hp_loss":0,"event_name":"Golden Idol","floor":4,"gold_loss":0},{"damage_healed":0,"gold_gain":0,"cards_transformed":["Strike_R"],"player_choice":"Transformed","damage_taken":0,"max_hp_gain":0,"max_hp_loss":0,"event_name":"Transmorgrifier","floor":11,"gold_loss":0,"cards_obtained":["Shrug It Off"]},{"damage_healed":0,"gold_gain":0,"player_choice":"Fought Bandits","damage_taken":0,"max_hp_gain":0,"max_hp_loss":0,"event_name":"Masked Bandits","floor":20,"gold_loss":0},{"damage_healed":0,"gold_gain":0,"player_choice":"Read","damage_taken":0,"max_hp_gain":0,"max_hp_loss":0,"event_name":"The Library","floor":22,"gold_loss":0,"cards_obtained":["Dual Wield"]},{"cards_removed":["Strike_R"],"damage_healed":0,"gold_gain":0,"player_choice":"Offered Basic","damage_taken":0,"max_hp_gain":0,"max_hp_loss":0,"event_name":"Bonfire Elementals","floor":30,"gold_loss":0}],"is_beta":false,"boss_relics":[{"not_picked":["Busted Crown","Runic Pyramid","Runic Dome"]}],"items_purged_floors":[19],"is_endless":false,"potions_floor_spawned":[12,13,16,20,21,29],"killed_by":"Collector","ascension_level":0}