{"gold_per_floor":[122,134,146,176,188,200,237,269,281,308,320],"floor_reached":11,"playtime":229,"items_purged":[],"score":146,"play_id":"60db6d60-fc1e-44c7-b508-42ad03661538","local_time":"20190314022102","is_ascension_mode":true,"campfire_choices":[{"data":"Conserve Battery","floor":6.0,"key":"SMITH"}],"neow_cost":"NONE","seed_source_timestamp":43416362129841,"circlet_count":0,"master_deck":["AscendersBane","Strike_B","Strike_B","Strike_B","Strike_B","Defend_B","Defend_B","Defend_B","Zap","Dualcast","Blizzard","Conserve Battery+1","Ball Lightning","Coolheaded","Ball Lightning"],"special_seed":0,"relics":["Cracked Core","MawBank","Gremlin Horn","Letter Opener"],"potions_floor_usage":[],"damage_taken":[{"damage":7.0,"enemies":"Jaw Worm","floor":1.0,"turns":3.0},{"damage":5.0,"enemies":"Small Slimes","floor":4.0,"turns":4.0},{"damage":25.0,"enemies":"3 Sentries","floor":7.0,"turns":6.0},{"damage":10.0,"enemies":"2 Louse","floor":8.0,"turns":2.0},{"damage":6.0,"enemies":"Looter","floor":10.0,"turns":3.0},{"damage":10,"enemies":"3 Louse","floor":11,"turns":1}],"seed_played":"9103277198703598829","potions_obtained":[{"floor":1.0,"key":"Explosive Potion"},{"floor":4.0,"key":"PowerPotion"},{"floor":10.0,"key":"GamblersBrew"}],"is_trial":false,"path_per_floor":["M","?","$","M","?","R","E","M","T","M","M"],"character_chosen":"DEFECT","items_purchased":[],"campfire_rested":0,"item_purchase_floors":[],"current_hp_per_floor":[57,62,62,57,50,50,25,15,15,9,0],"gold":320,"neow_bonus":"RANDOM_COMMON_RELIC","is_prod":false,"is_daily":false,"chose_seed":false,"campfire_upgraded":1,"win_rate":0,"timestamp":1552526462,"path_taken":["M","?","$","M","?","R","E","M","T","M","M"],"build_version":"2019-02-06","purchased_purges":0,"victory":false,"max_hp_per_floor":[71,76,76,76,76,76,76,76,76,76,76],"card_choices":[{"not_picked":["Steam Power","Steam"],"picked":"Blizzard","floor":1.0},{"not_picked":["Rip and Tear","Streamline"],"picked":"Conserve Battery","floor":4.0},{"not_picked":["Go for the Eyes","Hello World"],"picked":"Ball Lightning","floor":7.0},{"not_picked":["Blizzard","Sweeping Beam"],"picked":"Coolheaded","floor":8.0},{"not_picked":["Redo","Static Discharge"],"picked":"Ball Lightning","floor":10.0}],"player_experience":1027887,"relics_obtained":[{"floor":7.0,"key":"Gremlin Horn"},{"floor":9.0,"key":"Letter Opener"}],"event_choices":[{"damage_healed":0.0,"max_hp_gain":5.0,"max_hp_loss":0.0,"gold_gain":0.0,"event_name":"Big Fish","player_choice":"Donut","floor":2.0,"gold_loss":0.0,"damage_taken":0.0},{"cards_removed":["Defend_B"],"damage_healed":0.0,"max_hp_gain":0.0,"max_hp_loss":0.0,"gold_gain":0.0,"event_name":"Golden Wing","player_choice":"Card Removal","floor":5.0,"gold_loss":0.0,"damage_taken":7.0}],"is_beta":true,"boss_relics":[],"items_purged_floors":[],"is_endless":false,"potions_floor_spawned":[1,4,10],"killed_by":"3 Louse","ascension_level":20}