{"gold_per_floor":[115,115,115,138,63,97,117,17,17,17,17,17,35,51,51,51],"floor_reached":16,"playtime":702,"items_purged":["Regret","Injury"],"score":100,"play_id":"c9139147-8894-4cf3-a18f-58a45104cd55","local_time":"20190222225926","is_ascension_mode":false,"campfire_choices":[{"floor":10,"key":"REST"},{"floor":15,"key":"REST"}],"neow_cost":"NONE","seed_source_timestamp":554442686964424,"circlet_count":0,"master_deck":["Strike_R","Strike_R","Strike_R","Strike_R","Strike_R","Defend_R","Defend_R","Defend_R","Defend_R","Flex","Flex"],"relics":["Burning Blood","Mummified Hand","Golden Idol","Vajra","Shuriken"],"potions_floor_usage":[14,16],"damage_taken":[{"damage":5,"enemies":"Small Slimes","floor":1,"turns":3},{"damage":10,"enemies":"Jaw Worm","floor":4,"turns":5},{"damage":55,"enemies":"3 Sentries","floor":6,"turns":14},{"damage":0,"enemies":"2 Louse","floor":7,"turns":3},{"damage":16,"enemies":"Blue Slaver","floor":13,"turns":5},{"damage":20,"enemies":"Exordium Wildlife","floor":14,"turns":6},{"damage":58,"enemies":"Slime Boss","floor":16,"turns":9}],"seed_played":"-3080359992363166550","potions_obtained":[{"floor":1,"key":"FearPotion"},{"floor":6,"key":"LiquidBronze"},{"floor":7,"key":"Block Potion"},{"floor":13,"key":"Swift Potion"}],"is_trial":false,"path_per_floor":["M","?","?","M","$","E","M","$","T","R","?","?","M","M","R","B"],"character_chosen":"IRONCLAD","items_purchased":[],"campfire_rested":2,"item_purchase_floors":[],"current_hp_per_floor":[80,80,80,76,76,27,33,33,33,57,57,57,47,33,57,0],"gold":51,"neow_bonus":"REMOVE_CARD","is_prod":false,"is_daily":false,"chose_seed":false,"campfire_upgraded":0,"win_rate":0.0,"timestamp":1550905166,"path_taken":["M","?","?","M","?","E","M","$","T","R","?","?","M","M","R","BOSS"],"build_version":"2019-01-23","purchased_purges":2,"victory":false,"max_hp_per_floor":[80,80,80,80,80,80,80,80,80,80,80,80,80,80,80,80],"card_choices":[{"not_picked":["Feel No Pain","Shrug It Off","Sword Boomerang"],"picked":"SKIP","floor":1},{"not_picked":["Thunderclap","Whirlwind"],"picked":"Flex","floor":4},{"not_picked":["Warcry","Ghostly Armor","Brutality"],"picked":"SKIP","floor":6},{"not_picked":["Armaments","Reckless Charge","Headbutt"],"picked":"SKIP","floor":7},{"not_picked":["True Grit","Whirlwind"],"picked":"Flex","floor":13},{"not_picked":["Thunderclap","Feel No Pain","Twin Strike"],"picked":"SKIP","floor":14}],"player_experience":3913,"relics_obtained":[{"floor":6,"key":"Vajra"},{"floor":9,"key":"Shuriken"}],"event_choices":[{"damage_healed":0,"gold_gain":0,"player_choice":"Box","damage_taken":0,"relics_obtained":["Mummified Hand"],"max_hp_gain":0,"max_hp_loss":0,"event_name":"Big Fish","floor":2,"gold_loss":0,"cards_obtained":["Regret"]},{"damage_healed":0,"gold_gain":0,"player_choice":"Take Wound","damage_taken":0,"relics_obtained":["Golden Idol"],"max_hp_gain":0,"max_hp_loss":0,"event_name":"Golden Idol","floor":3,"gold_loss":0,"cards_obtained":["Injury"]},{"damage_healed":0,"gold_gain":0,"player_choice":"Ignored","damage_taken":0,"max_hp_gain":0,"max_hp_loss":0,"event_name":"Liars Game","floor":11,"gold_loss":0},{"damage_healed":0,"gold_gain":0,"player_choice":"Searched \u00270\u0027 times","damage_taken":0,"max_hp_gain":0,"max_hp_loss":0,"event_name":"Dead Adventurer","floor":12,"gold_loss":0}],"is_beta":false,"boss_relics":[],"items_purged_floors":[5,8],"is_endless":false,"potions_floor_spawned":[1,6,7,13],"killed_by":"Slime Boss","ascension_level":0}