{"gold_per_floor":[116,126,126,126,146,146,177,177,177,192,215,556,580,272,272,391,391,409,319,335,56,56,56,69,20,20,20,91,109,148,164,164,164],"floor_reached":33,"playtime":5974,"items_purged":["Strike_G","Defend_G"],"score":277,"play_id":"8401ae71-444d-48a9-8d77-640877e0c96a","local_time":"20190308124248","is_ascension_mode":false,"campfire_choices":[{"data":"Neutralize","floor":6,"key":"SMITH"},{"floor":15,"key":"REST"},{"data":"Noxious Fumes","floor":23,"key":"SMITH"},{"floor":27,"key":"REST"},{"floor":32,"key":"REST"}],"neow_cost":"TEN_PERCENT_HP_LOSS","seed_source_timestamp":2622966129214,"circlet_count":0,"master_deck":["Defend_G","Defend_G","Defend_G","Survivor","Neutralize+1","Corpse Explosion","Riddle With Holes","Flying Knee","Deadly Poison","Poisoned Stab","Crippling Poison","Poisoned Stab","Flying Knee","Bane","Leg Sweep","Caltrops","Bullet Time+1","Noxious Fumes+1","Bane+1","Choke","Backflip","Deadly Poison","Catalyst+1","Outmaneuver+1"],"relics":["Ring of the Snake","Matryoshka","Golden Idol","Happy Flower","Question Card","Whetstone","Old Coin","Snake Skull","Empty Cage","Lantern","Mummified Hand","Bronze Scales","Sundial","Gremlin Horn"],"potions_floor_usage":[10,13,16,16,24,31,33],"damage_taken":[{"damage":6,"enemies":"2 Louse","floor":1,"turns":2},{"damage":0,"enemies":"Small Slimes","floor":2,"turns":2},{"damage":1,"enemies":"Cultist","floor":5,"turns":3},{"damage":23,"enemies":"Gremlin Nob","floor":7,"turns":4},{"damage":1,"enemies":"3 Louse","floor":10,"turns":3},{"damage":4,"enemies":"Exordium Thugs","floor":11,"turns":4},{"damage":9,"enemies":"3 Sentries","floor":12,"turns":2},{"damage":0,"enemies":"Large Slime","floor":13,"turns":3},{"damage":11,"enemies":"Slime Boss","floor":16,"turns":7},{"damage":3,"enemies":"3 Byrds","floor":18,"turns":3},{"damage":0,"enemies":"Chosen","floor":20,"turns":3},{"damage":19,"enemies":"Shelled Parasite and Fungi","floor":24,"turns":5},{"damage":0,"enemies":"3 Cultists","floor":29,"turns":2},{"damage":25,"enemies":"Slavers","floor":30,"turns":2},{"damage":0,"enemies":"Chosen and Byrds","floor":31,"turns":4},{"damage":58,"enemies":"Champ","floor":33,"turns":6}],"seed_played":"6058156346061467584","potions_obtained":[{"floor":2,"key":"LiquidBronze"},{"floor":7,"key":"Ancient Potion"},{"floor":10,"key":"SkillPotion"},{"floor":13,"key":"Fire Potion"},{"floor":16,"key":"Weak Potion"},{"floor":20,"key":"SpeedPotion"},{"floor":31,"key":"Explosive Potion"}],"is_trial":false,"path_per_floor":["?","?","?","M","?","M","?","T"],"character_chosen":"THE_SILENT","items_purchased":["Snake Skull","Caltrops","Choke","Lantern","Deadly Poison"],"campfire_rested":3,"item_purchase_floors":[14,14,21,21,25],"current_hp_per_floor":[57,57,57,42,41,41,18,18,18,17,13,4,4,4,22,11,63,60,60,60,60,60,60,41,41,41,59,59,59,34,34,52,0],"gold":164,"neow_bonus":"TRANSFORM_TWO_CARDS","is_prod":false,"is_daily":false,"chose_seed":false,"campfire_upgraded":2,"win_rate":0.0,"timestamp":1552045368,"path_taken":["M","M","?","?","M","R","E","?","T","M","?","E","M","$","R","BOSS","M","?","?","$","?","R","M","$","T","R","?","M","E","M","R","BOSS"],"build_version":"2019-01-23","purchased_purges":2,"victory":false,"max_hp_per_floor":[63,63,63,63,63,63,63,63,63,63,63,63,63,63,63,63,63,63,63,63,63,63,63,63,63,63,63,63,63,63,63,63,63],"card_choices":[{"not_picked":["Deflect","Sucker Punch"],"picked":"Flying Knee","floor":1},{"not_picked":["Flying Knee","Bouncing Flask"],"picked":"Deadly Poison","floor":2},{"not_picked":["Flying Knee","Endless Agony"],"picked":"Poisoned Stab","floor":5},{"not_picked":["Bouncing Flask","Underhanded Strike"],"picked":"Crippling Poison","floor":7},{"not_picked":["Quick Slash","Leg Sweep","Underhanded Strike"],"picked":"Poisoned Stab","floor":10},{"not_picked":["Outmaneuver","Quick Slash","Crippling Poison"],"picked":"Flying Knee","floor":11},{"not_picked":["Escape Plan","Quick Slash","Heel Hook"],"picked":"Bane","floor":12},{"not_picked":["PiercingWail","Infinite Blades","Skewer"],"picked":"Leg Sweep","floor":13},{"not_picked":["A Thousand Cuts","Venomology","Glass Knife"],"picked":"Bullet Time","floor":16},{"not_picked":["Backstab","Reflex","Outmaneuver"],"picked":"Noxious Fumes","floor":18},{"not_picked":["Prepared+1","Dodge and Roll","PiercingWail"],"picked":"Bane+1","floor":20},{"not_picked":["Poisoned Stab","Dash","Skewer"],"picked":"Backflip","floor":24},{"not_picked":["Dash+1","Poisoned Stab","Heel Hook"],"picked":"Catalyst+1","floor":29},{"not_picked":["Underhanded Strike","Caltrops","Dagger Spray","Skewer"],"picked":"SKIP","floor":30},{"not_picked":["Quick Slash","Prepared","Well Laid Plans+1"],"picked":"Outmaneuver+1","floor":31}],"player_experience":39694,"relics_obtained":[{"floor":7,"key":"Happy Flower"},{"floor":9,"key":"Question Card"},{"floor":9,"key":"Whetstone"},{"floor":12,"key":"Old Coin"},{"floor":26,"key":"Mummified Hand"},{"floor":26,"key":"Bronze Scales"},{"floor":28,"key":"Sundial"},{"floor":30,"key":"Gremlin Horn"}],"event_choices":[{"damage_healed":0,"gold_gain":0,"player_choice":"Box","damage_taken":0,"relics_obtained":["Matryoshka"],"max_hp_gain":0,"max_hp_loss":0,"event_name":"Big Fish","floor":3,"gold_loss":0,"cards_obtained":["Regret"]},{"damage_healed":0,"gold_gain":0,"player_choice":"Take Damage","damage_taken":15,"relics_obtained":["Golden Idol"],"max_hp_gain":0,"max_hp_loss":0,"event_name":"Golden Idol","floor":4,"gold_loss":0},{"cards_removed":["Regret"],"damage_healed":0,"gold_gain":0,"player_choice":"Purged","damage_taken":0,"max_hp_gain":0,"max_hp_loss":0,"event_name":"Purifier","floor":8,"gold_loss":0},{"cards_removed":["Strike_G"],"damage_healed":0,"gold_gain":0,"player_choice":"Upgrade and Remove","damage_taken":0,"max_hp_gain":0,"max_hp_loss":0,"event_name":"Designer","floor":19,"gold_loss":90,"cards_upgraded":["Bullet Time"]},{"damage_healed":0,"gold_gain":0,"player_choice":"Ignored","damage_taken":0,"max_hp_gain":0,"max_hp_loss":0,"event_name":"Ghosts","floor":22,"gold_loss":0}],"is_beta":false,"boss_relics":[{"not_picked":["Tiny House","Ectoplasm"],"picked":"Empty Cage"}],"items_purged_floors":[14,21],"is_endless":false,"potions_floor_spawned":[2,7,10,13,16,20,31],"killed_by":"Champ","ascension_level":0}