{"gold_per_floor":[12,24,24,24,37,37,57,116,116,116,143,154,154,189,189,287,287,303,303,79,79,11,11,40,54,54,72,100,115,115,133,133,235,235,252,8,8,27,46,46,60,60,60,60,113,126,58,58,58,58,58,58,19,53,53],"floor_reached":55,"playtime":9764,"items_purged":["Strike_R","Strike_R"],"score":665,"play_id":"14f8fd8b-f03d-469b-98c6-9043bcdde3e7","local_time":"20190309153359","is_ascension_mode":false,"campfire_choices":[{"floor":6.0,"key":"RECALL"},{"floor":13.0,"key":"REST"},{"data":"Metamorphosis","floor":15.0,"key":"SMITH"},{"data":"Flame Barrier","floor":23.0,"key":"SMITH"},{"floor":30.0,"key":"REST"},{"data":"Armaments","floor":32.0,"key":"SMITH"},{"data":"Double Tap","floor":40.0,"key":"SMITH"},{"data":"Bludgeon","floor":42.0,"key":"SMITH"},{"data":"Bludgeon","floor":44.0,"key":"SMITH"},{"data":"Flame Barrier","floor":49.0,"key":"SMITH"},{"data":"Heavy Blade","floor":52,"key":"SMITH"}],"neow_cost":"NO_GOLD","seed_source_timestamp":0,"circlet_count":0,"master_deck":["Strike_R+1","Strike_R+1","Defend_R","Defend_R","Defend_R","Bash","Forethought","Metamorphosis+1","Heavy Blade","Armaments+1","Burning Pact","Bludgeon+1","Flame Barrier+1","Iron Wave","Double Tap+1","Necronomicurse","Flame Barrier+1","Heavy Blade+1","Spot Weakness+1","Uppercut","Bludgeon+1","Carnage+1","Dual Wield+1","Rage+1","Cleave+1","Carnage","Uppercut","Clothesline+1"],"special_seed":0,"relics":["Burning Blood","Mercury Hourglass","Calipers","Strawberry","Snecko Eye","Vajra","Necronomicon","Pocketwatch","Bottled Lightning","Kunai","Velvet Choker","Juzu Bracelet","Bottled Flame","Nunchaku","Paper Frog","Self Forming Clay"],"potions_floor_usage":[],"damage_taken":[{"damage":5.0,"enemies":"Small Slimes","floor":1.0,"turns":3.0},{"damage":1.0,"enemies":"Jaw Worm","floor":2.0,"turns":3.0},{"damage":6.0,"enemies":"Cultist","floor":5.0,"turns":5.0},{"damage":17.0,"enemies":"Looter","floor":7.0,"turns":4.0},{"damage":25.0,"enemies":"Gremlin Nob","floor":8.0,"turns":5.0},{"damage":4.0,"enemies":"Lagavulin","floor":11.0,"turns":4.0},{"damage":13.0,"enemies":"2 Fungi Beasts","floor":12.0,"turns":3.0},{"damage":28.0,"enemies":"Gremlin Nob","floor":14.0,"turns":4.0},{"damage":35.0,"enemies":"Slime Boss","floor":16.0,"turns":9.0},{"damage":0.0,"enemies":"Spheric Guardian","floor":18.0,"turns":1.0},{"damage":38.0,"enemies":"Gremlin Leader","floor":24.0,"turns":3.0},{"damage":5.0,"enemies":"Chosen","floor":25.0,"turns":2.0},{"damage":12.0,"enemies":"Centurion and Healer","floor":27.0,"turns":3.0},{"damage":13.0,"enemies":"Slavers","floor":28.0,"turns":2.0},{"damage":5.0,"enemies":"Snake Plant","floor":29.0,"turns":2.0},{"damage":0.0,"enemies":"Sentry and Sphere","floor":31.0,"turns":3.0},{"damage":9.0,"enemies":"Champ","floor":33.0,"turns":6.0},{"damage":13.0,"enemies":"3 Darklings","floor":35.0,"turns":3.0},{"damage":6.0,"enemies":"3 Shapes","floor":38.0,"turns":2.0},{"damage":10.0,"enemies":"Sphere and 2 Shapes","floor":39.0,"turns":3.0},{"damage":0.0,"enemies":"Transient","floor":41.0,"turns":5.0},{"damage":5.0,"enemies":"2 Orb Walkers","floor":45.0,"turns":2.0},{"damage":9.0,"enemies":"Writhing Mass","floor":46.0,"turns":2.0},{"damage":57.0,"enemies":"Donu and Deca","floor":50.0,"turns":7.0},{"damage":40,"enemies":"Shield and Spear","floor":54,"turns":3},{"damage":85,"enemies":"The Heart","floor":55,"turns":5}],"seed_played":"613867651366256304","potions_obtained":[{"floor":2.0,"key":"SpeedPotion"},{"floor":5.0,"key":"SkillPotion"},{"floor":7.0,"key":"EntropicBrew"},{"floor":8.0,"key":"PowerPotion"},{"floor":16.0,"key":"GamblersBrew"},{"floor":24.0,"key":"AttackPotion"},{"floor":28.0,"key":"EssenceOfSteel"},{"floor":29.0,"key":"PowerPotion"},{"floor":31.0,"key":"Weak Potion"},{"floor":33.0,"key":"FairyPotion"},{"floor":39.0,"key":"Poison Potion"},{"floor":41.0,"key":"Fire Potion"},{"floor":46.0,"key":"SteroidPotion"}],"is_trial":false,"path_per_floor":["?","?","M","?","?","?","?","$","?","?","T"],"character_chosen":"IRONCLAD","items_purchased":["Vajra","Flame Barrier","Juzu Bracelet","Carnage","Uppercut"],"campfire_rested":2,"item_purchase_floors":[20,22,36,47,53],"current_hp_per_floor":[80,80,80,80,80,80,69,50,50,34,36,29,53,38,38,9,87,87,87,87,71,71,71,39,40,40,34,27,28,54,60,60,57,87,80,80,80,80,76,76,82,82,82,82,83,80,80,80,80,29,83,83,83,49,0],"gold":53,"neow_bonus":"RANDOM_COLORLESS_2","is_prod":false,"is_daily":false,"chose_seed":false,"campfire_upgraded":8,"win_rate":0,"timestamp":1552142039,"path_taken":["M","M","?","?","?","R","M","?","T","?","E","M","R","E","R","BOSS","M","?","$","?","?","R","E","M","T","M","E","M","R","M","R","BOSS","M","$","?","M","M","R","M","R","T","R","?","M","$","?","R","BOSS","R","$","E","BOSS"],"build_version":"2019-01-23","purchased_purges":2,"victory":false,"max_hp_per_floor":[80,80,80,80,80,80,80,80,80,80,80,80,80,87,87,87,87,87,87,87,87,87,87,87,87,87,87,87,87,87,87,87,87,87,87,87,83,83,83,83,83,83,83,83,83,83,83,83,83,83,83,83,83,83,83],"card_choices":[{"not_picked":["Corruption","Twin Strike"],"picked":"Heavy Blade","floor":1.0},{"not_picked":["Cleave","Warcry"],"picked":"Armaments","floor":2.0},{"not_picked":["Perfected Strike","Shockwave","Sword Boomerang"],"picked":"SKIP","floor":5.0},{"not_picked":["Pommel Strike","True Grit","Iron Wave"],"picked":"SKIP","floor":7.0},{"not_picked":["Pommel Strike","Evolve"],"picked":"Burning Pact","floor":8.0},{"not_picked":["Perfected Strike","Anger"],"picked":"Bludgeon","floor":11.0},{"not_picked":["Twin Strike","Anger"],"picked":"Flame Barrier","floor":12.0},{"not_picked":["Armaments","Whirlwind"],"picked":"Iron Wave","floor":14.0},{"not_picked":["Feed","Juggernaut"],"picked":"Double Tap","floor":16.0},{"not_picked":["Thunderclap","Ghostly Armor+1","Power Through"],"picked":"SKIP","floor":18.0},{"not_picked":["Wild Strike","Shrug It Off","Evolve"],"picked":"SKIP","floor":24.0},{"not_picked":["Metallicize","True Grit+1","Combust"],"picked":"SKIP","floor":25.0},{"not_picked":["Shrug It Off","Clash","Wild Strike"],"picked":"SKIP","floor":27.0},{"not_picked":["Fire Breathing+1","Warcry"],"picked":"Heavy Blade","floor":28.0},{"not_picked":["Clash","Battle Trance+1"],"picked":"Spot Weakness+1","floor":29.0},{"not_picked":["Bloodletting","True Grit"],"picked":"Uppercut","floor":31.0},{"not_picked":["Reaper","Brutality"],"picked":"Bludgeon","floor":33.0},{"not_picked":["Wild Strike","Warcry+1"],"picked":"Carnage+1","floor":35.0},{"not_picked":["Anger","Iron Wave"],"picked":"Dual Wield+1","floor":38.0},{"not_picked":["Twin Strike","Perfected Strike+1","Rampage"],"picked":"SKIP","floor":39.0},{"not_picked":["Pommel Strike+1","Fiend Fire","Seeing Red"],"picked":"SKIP","floor":41.0},{"not_picked":["Clash","Shrug It Off+1"],"picked":"Rage+1","floor":45.0},{"not_picked":["Metallicize","Flex"],"picked":"Cleave+1","floor":46.0},{"not_picked":["Battle Trance","Cleave"],"picked":"Clothesline+1","floor":54}],"player_experience":79903,"relics_obtained":[{"floor":8.0,"key":"Mercury Hourglass"},{"floor":11.0,"key":"Calipers"},{"floor":14.0,"key":"Strawberry"},{"floor":21.0,"key":"Necronomicon"},{"floor":24.0,"key":"Pocketwatch"},{"floor":26.0,"key":"Bottled Lightning"},{"floor":28.0,"key":"Kunai"},{"floor":43.0,"key":"Bottled Flame"},{"floor":45.0,"key":"Nunchaku"},{"floor":48.0,"key":"Paper Frog"},{"floor":54,"key":"Self Forming Clay"}],"event_choices":[{"damage_healed":0.0,"max_hp_gain":0.0,"max_hp_loss":0.0,"gold_gain":0.0,"event_name":"The Cleric","player_choice":"Leave","floor":3.0,"gold_loss":0.0,"damage_taken":0.0},{"cards_removed":["Strike_R"],"damage_healed":0.0,"max_hp_gain":0.0,"max_hp_loss":0.0,"gold_gain":0.0,"event_name":"Purifier","player_choice":"Purged","floor":4.0,"gold_loss":0.0,"damage_taken":0.0},{"damage_healed":0.0,"max_hp_gain":0.0,"max_hp_loss":0.0,"gold_gain":0.0,"event_name":"Dead Adventurer","player_choice":"Searched \u00271\u0027 times","floor":8.0,"gold_loss":0.0,"damage_taken":0.0},{"damage_healed":0.0,"max_hp_gain":0.0,"max_hp_loss":0.0,"gold_gain":0.0,"event_name":"Shining Light","player_choice":"Entered Light","floor":10.0,"gold_loss":0.0,"damage_taken":16.0,"cards_upgraded":["Strike_R","Strike_R"]},{"cards_removed":["Defend_R"],"damage_healed":0.0,"max_hp_gain":0.0,"max_hp_loss":0.0,"gold_gain":0.0,"event_name":"Back to Basics","player_choice":"Elegance","floor":19.0,"gold_loss":0.0,"damage_taken":0.0},{"damage_healed":0.0,"max_hp_gain":0.0,"max_hp_loss":0.0,"gold_gain":0.0,"event_name":"Cursed Tome","player_choice":"Obtained Book","floor":21.0,"gold_loss":0.0,"damage_taken":16.0},{"damage_healed":0.0,"max_hp_gain":0.0,"max_hp_loss":4.0,"gold_gain":0.0,"event_name":"Winding Halls","player_choice":"Max HP","floor":37.0,"gold_loss":0.0,"damage_taken":0.0},{"damage_healed":0.0,"max_hp_gain":0.0,"max_hp_loss":0.0,"gold_gain":0.0,"event_name":"Mysterious Sphere","player_choice":"Fight","floor":45.0,"gold_loss":0.0,"damage_taken":0.0}],"is_beta":false,"boss_relics":[{"not_picked":["Tiny House","White Beast Statue"],"picked":"Snecko Eye"},{"not_picked":["Orrery","Busted Crown"],"picked":"Velvet Choker"}],"items_purged_floors":[20,36],"is_endless":false,"potions_floor_spawned":[2,5,7,8,16,24,28,29,31,33,39,41,46],"killed_by":"The Heart","ascension_level":0}