{"gold_per_floor":[116,216,229,248,265,265,283,64,64,75,75,92,92,112,112,112],"floor_reached":16,"playtime":684,"items_purged":["Strike_B"],"score":96,"play_id":"5a393cca-7cc2-4037-baac-5b389e1812fd","local_time":"20190309002103","is_ascension_mode":false,"campfire_choices":[{"floor":6,"key":"RECALL"},{"data":"Consume","floor":11,"key":"SMITH"},{"data":"Blizzard","floor":13,"key":"SMITH"},{"data":"Capacitor","floor":15,"key":"SMITH"}],"neow_cost":"NONE","seed_source_timestamp":676653290798848,"circlet_count":0,"master_deck":["Strike_B","Strike_B","Strike_B","Defend_B","Defend_B","Defend_B","Defend_B","Zap","Dualcast","Blizzard+1","Turbo","Self Repair","Conserve Battery","Consume+1","Capacitor+1"],"relics":["Cracked Core","Bronze Scales"],"potions_floor_usage":[16,16],"damage_taken":[{"damage":2,"enemies":"Jaw Worm","floor":1,"turns":4},{"damage":0,"enemies":"Cultist","floor":3,"turns":3},{"damage":4,"enemies":"Small Slimes","floor":4,"turns":3},{"damage":10,"enemies":"Looter","floor":5,"turns":3},{"damage":9,"enemies":"Blue Slaver","floor":7,"turns":3},{"damage":8,"enemies":"Exordium Wildlife","floor":10,"turns":6},{"damage":0,"enemies":"Looter","floor":12,"turns":3},{"damage":9,"enemies":"Blue Slaver","floor":14,"turns":3},{"damage":71,"enemies":"Slime Boss","floor":16,"turns":13}],"seed_played":"-8803829654524149766","potions_obtained":[{"floor":3,"key":"SpeedPotion"},{"floor":5,"key":"EssenceOfSteel"},{"floor":10,"key":"SkillPotion"},{"floor":14,"key":"LiquidBronze"}],"is_trial":false,"path_per_floor":["M","?","M","M","M","R","M","$","T","M","R","M","R","M","R","B"],"character_chosen":"DEFECT","items_purchased":["Bronze Scales"],"campfire_rested":0,"item_purchase_floors":[8],"current_hp_per_floor":[80,80,80,76,73,73,71,71,71,70,70,70,70,68,68,0],"gold":112,"neow_bonus":"TEN_PERCENT_HP_BONUS","is_prod":false,"is_daily":false,"chose_seed":false,"campfire_upgraded":3,"win_rate":0,"timestamp":1552108863,"path_taken":["M","?","?","M","M","R","M","$","T","M","R","M","R","M","R","BOSS"],"build_version":"2019-01-23","purchased_purges":1,"victory":false,"max_hp_per_floor":[82,82,82,82,82,82,82,82,82,82,82,82,82,82,82,82],"card_choices":[{"not_picked":["Barrage","Turbo"],"picked":"Blizzard","floor":1},{"not_picked":["Beam Cell","Ball Lightning"],"picked":"Turbo","floor":3},{"not_picked":["Ball Lightning","Sweeping Beam"],"picked":"Self Repair","floor":4},{"not_picked":["Thunder Strike","Sweeping Beam","Gash"],"picked":"SKIP","floor":5},{"not_picked":["Rebound","Chaos"],"picked":"Conserve Battery","floor":7},{"not_picked":["Darkness","Stack"],"picked":"Consume","floor":10},{"not_picked":["Sunder","Barrage","Sweeping Beam"],"picked":"SKIP","floor":12},{"not_picked":["Turbo","Go for the Eyes"],"picked":"Capacitor","floor":14}],"player_experience":1159758,"relics_obtained":[],"event_choices":[{"damage_healed":0,"gold_gain":100,"player_choice":"Pray","damage_taken":0,"max_hp_gain":0,"max_hp_loss":0,"event_name":"Golden Shrine","floor":2,"gold_loss":0}],"is_beta":false,"boss_relics":[],"items_purged_floors":[8],"is_endless":false,"potions_floor_spawned":[3,5,10,14],"killed_by":"Slime Boss","ascension_level":0}