{"gold_per_floor":[114,134,134,146,171,183,226,238,327,353,400,412,389,414,426,513,525,556,588,600,662,674,686,623,660,672,684,696],"floor_reached":28,"playtime":879,"items_purged":[],"score":513,"play_id":"79977f38-932d-4c22-8d34-c6b329e1164b","local_time":"20190313221157","is_ascension_mode":true,"campfire_choices":[{"floor":6,"key":"REST"},{"floor":8,"key":"REST"},{"data":"Sunder","floor":15,"key":"SMITH"},{"floor":23,"key":"REST"},{"floor":27,"key":"REST"}],"neow_cost":"NONE","seed_source_timestamp":27888359026655,"circlet_count":0,"master_deck":["AscendersBane","Defend_B","Defend_B","Defend_B","Defend_B","Zap","Dualcast","Coolheaded","Streamline+1","Capacitor","Doom and Gloom","Sunder+1","Hologram","Echo Form","Barrage+1","Fusion+1","Seek+1","Glacier","Bite","Bite","Bite","Bite","Bite","Chill"],"relics":["Cracked Core","PreservedInsect","MawBank","Oddly Smooth Stone","Cables","Gremlin Horn","Astrolabe","Peace Pipe","Kunai","Dodecahedron"],"potions_floor_usage":[10,16],"damage_taken":[{"damage":7,"enemies":"Small Slimes","floor":1,"turns":3},{"damage":7,"enemies":"Jaw Worm","floor":2,"turns":4},{"damage":0,"enemies":"2 Louse","floor":5,"turns":3},{"damage":19,"enemies":"Lagavulin","floor":7,"turns":6},{"damage":16,"enemies":"Large Slime","floor":10,"turns":9},{"damage":8,"enemies":"Gremlin Nob","floor":11,"turns":3},{"damage":1,"enemies":"2 Fungi Beasts","floor":14,"turns":3},{"damage":16,"enemies":"Slime Boss","floor":16,"turns":6},{"damage":28,"enemies":"Shell Parasite","floor":18,"turns":4},{"damage":8,"enemies":"Spheric Guardian","floor":19,"turns":4},{"damage":29,"enemies":"Gremlin Leader","floor":25,"turns":6},{"damage":44,"enemies":"Book of Stabbing","floor":28,"turns":4}],"seed_played":"4325277913860313447","potions_obtained":[{"floor":5,"key":"SkillPotion"},{"floor":10,"key":"FocusPotion"},{"floor":14,"key":"Fire Potion"},{"floor":16,"key":"SneckoOil"}],"is_trial":false,"path_per_floor":["M","M","?","?","M","R","E","R","T","M","E","?","?","M","R","B",null,"M","M","?","?","?","R","?","E","T","R","E"],"character_chosen":"DEFECT","items_purchased":[],"campfire_rested":4,"item_purchase_floors":[],"current_hp_per_floor":[57,50,5,5,5,26,7,28,28,12,4,4,21,20,20,4,54,26,18,18,18,18,32,32,21,21,35,0],"gold":696,"neow_bonus":"RANDOM_COMMON_RELIC","is_prod":false,"is_daily":false,"chose_seed":false,"campfire_upgraded":1,"win_rate":0,"timestamp":1552511517,"path_taken":["M","M","?","?","M","R","E","R","T","M","E","?","?","M","R","BOSS","M","M","?","?","?","R","?","E","T","R","E"],"build_version":"2019-02-06","purchased_purges":0,"victory":false,"max_hp_per_floor":[71,71,71,71,71,71,71,71,71,71,71,71,71,71,71,71,71,71,71,49,49,49,49,49,49,49,49,49],"card_choices":[{"not_picked":["Turbo","Steam"],"picked":"Coolheaded","floor":1},{"not_picked":["Coolheaded","Gash"],"picked":"Streamline","floor":2},{"not_picked":["Reinforced Body","Coolheaded"],"picked":"Capacitor","floor":5},{"not_picked":["Blizzard","Compile Driver","Streamline"],"picked":"SKIP","floor":7},{"not_picked":["Stack","Sweeping Beam"],"picked":"Doom and Gloom","floor":10},{"not_picked":["Aggregate","Redo"],"picked":"Sunder","floor":11},{"not_picked":["Redo","Thunder Strike"],"picked":"Hologram","floor":14},{"not_picked":["Reboot","Multi-Cast"],"picked":"Echo Form","floor":16},{"not_picked":["Beam Cell","Genetic Algorithm"],"picked":"Glacier","floor":18},{"not_picked":["Streamline+1","Steam Power","Darkness"],"picked":"SKIP","floor":19},{"not_picked":["Ball Lightning","Sweeping Beam"],"picked":"Chill","floor":25}],"player_experience":1022820,"relics_obtained":[{"floor":7,"key":"Oddly Smooth Stone"},{"floor":9,"key":"Cables"},{"floor":11,"key":"Gremlin Horn"},{"floor":25,"key":"Kunai"},{"floor":26,"key":"Dodecahedron"}],"event_choices":[{"damage_healed":0,"gold_gain":0,"player_choice":"Success","damage_taken":45,"relics_obtained":["MawBank"],"max_hp_gain":0,"max_hp_loss":0,"event_name":"Scrap Ooze","floor":3,"gold_loss":0},{"damage_healed":0,"gold_gain":0,"player_choice":"Grow","damage_taken":0,"max_hp_gain":0,"max_hp_loss":0,"event_name":"Living Wall","floor":4,"gold_loss":0,"cards_upgraded":["Streamline"]},{"damage_healed":0,"gold_gain":0,"player_choice":"Ignored","damage_taken":0,"max_hp_gain":0,"max_hp_loss":0,"event_name":"Shining Light","floor":12,"gold_loss":0},{"damage_healed":17,"gold_gain":0,"player_choice":"Healed","damage_taken":0,"max_hp_gain":0,"max_hp_loss":0,"event_name":"The Cleric","floor":13,"gold_loss":35},{"damage_healed":0,"gold_gain":0,"player_choice":"Became a vampire","damage_taken":0,"max_hp_gain":0,"max_hp_loss":22,"event_name":"Vampires","floor":20,"gold_loss":0,"cards_obtained":["Bite","Bite","Bite","Bite","Bite"]},{"damage_healed":0,"gold_gain":50,"player_choice":"Stole From Cult","damage_taken":0,"max_hp_gain":0,"max_hp_loss":0,"event_name":"Nest","floor":21,"gold_loss":0},{"damage_healed":0,"gold_gain":0,"player_choice":"Opened","damage_taken":0,"relics_obtained":["Peace Pipe"],"max_hp_gain":0,"max_hp_loss":0,"event_name":"The Mausoleum","floor":22,"gold_loss":0,"cards_obtained":["Writhe"]},{"cards_removed":["Writhe"],"damage_healed":0,"gold_gain":0,"player_choice":"Gave Gold","damage_taken":0,"max_hp_gain":0,"max_hp_loss":0,"event_name":"Beggar","floor":24,"gold_loss":75}],"is_beta":true,"boss_relics":[{"not_picked":["White Beast Statue","Coffee Dripper"],"picked":"Astrolabe"}],"items_purged_floors":[],"is_endless":false,"potions_floor_spawned":[5,10,14,16],"killed_by":"Book of Stabbing","ascension_level":20}