{"gold_per_floor":[12,27,42,59,75,75,75,75,102,135,150,176,176,176,176,274,274,294,294,140,140,158,193,193,221,221,237,40,40,40,50,50,152,152,163,163,176,14,24,24,50,68,68,103,117,151,171,181,181,181],"floor_reached":51,"playtime":3966,"items_purged":["Strike_G","Strike_G"],"score":1525,"play_id":"2f0e9eb8-bd00-4cd1-bd21-7f985a5df4ed","local_time":"20190301135202","is_ascension_mode":true,"campfire_choices":[{"data":"Neutralize","floor":6,"key":"SMITH"},{"floor":13,"key":"REST"},{"floor":15,"key":"REST"},{"floor":24,"key":"REST"},{"floor":30,"key":"REST"},{"data":"Footwork","floor":32,"key":"SMITH"},{"data":"After Image","floor":40,"key":"SMITH"},{"floor":49,"key":"REST"}],"neow_cost":"NO_GOLD","seed_source_timestamp":0,"circlet_count":0,"master_deck":["Defend_G","Defend_G+1","Defend_G","Defend_G","Defend_G","Strike_G+1","Strike_G","Survivor+1","Neutralize+1","PiercingWail+1","Backstab","Crippling Poison+1","Deflect","Caltrops","Dagger Spray","Poisoned Stab","After Image+1","Deadly Poison+1","Noxious Fumes","Backflip+1","Backstab+1","Cloak And Dagger","Envenom","Footwork+1","Dodge and Roll","Envenom","Cloak And Dagger+1","Well Laid Plans","Dramatic Entrance","Backstab","Catalyst+1","Night Terror","Infinite Blades+1","Caltrops+1"],"special_seed":0,"relics":["Ring of the Serpent","FossilizedHelix","PreservedInsect","Bronze Scales","Bag of Marbles","Philosopher\u0027s Stone","Question Card","Gambling Chip","Bag of Preparation","Vajra","MutagenicStrength","War Paint","Frozen Egg 2","Lantern","Gremlin Horn"],"potions_floor_usage":[25,25,25,33,33,44,50,50,50],"damage_taken":[{"damage":5,"enemies":"Cultist","floor":1,"turns":6},{"damage":0,"enemies":"Small Slimes","floor":2,"turns":5},{"damage":0,"enemies":"2 Louse","floor":3,"turns":4},{"damage":0,"enemies":"Red Slaver","floor":4,"turns":6},{"damage":0,"enemies":"3 Louse","floor":5,"turns":3},{"damage":18,"enemies":"Gremlin Nob","floor":10,"turns":4},{"damage":8,"enemies":"Exordium Thugs","floor":11,"turns":4},{"damage":7,"enemies":"3 Sentries","floor":12,"turns":4},{"damage":40,"enemies":"Slime Boss","floor":16,"turns":12},{"damage":12,"enemies":"Spheric Guardian","floor":18,"turns":4},{"damage":0,"enemies":"Chosen","floor":22,"turns":3},{"damage":21,"enemies":"Slavers","floor":23,"turns":4},{"damage":0,"enemies":"Gremlin Leader","floor":25,"turns":5},{"damage":14,"enemies":"Snecko","floor":27,"turns":4},{"damage":0,"enemies":"Snake Plant","floor":31,"turns":1},{"damage":0,"enemies":"Collector","floor":33,"turns":8},{"damage":0,"enemies":"3 Shapes","floor":35,"turns":5},{"damage":9,"enemies":"3 Darklings","floor":37,"turns":4},{"damage":0,"enemies":"Maw","floor":39,"turns":8},{"damage":5,"enemies":"Giant Head","floor":41,"turns":8},{"damage":0,"enemies":"Sphere and 2 Shapes","floor":42,"turns":5},{"damage":0,"enemies":"Nemesis","floor":44,"turns":3},{"damage":2,"enemies":"3 Darklings","floor":45,"turns":7},{"damage":0,"enemies":"Giant Head","floor":46,"turns":6},{"damage":0,"enemies":"4 Shapes","floor":47,"turns":6},{"damage":0,"enemies":"Maw","floor":48,"turns":5},{"damage":51,"enemies":"Awakened One","floor":50,"turns":10}],"seed_played":"6736874892149664414","potions_obtained":[{"floor":1,"key":"Swift Potion"},{"floor":3,"key":"Swift Potion"},{"floor":5,"key":"Dexterity Potion"},{"floor":11,"key":"SteroidPotion"},{"floor":12,"key":"Energy Potion"},{"floor":25,"key":"Explosive Potion"},{"floor":31,"key":"Poison Potion"},{"floor":37,"key":"Swift Potion"},{"floor":39,"key":"Poison Potion"},{"floor":45,"key":"Ancient Potion"},{"floor":46,"key":"AttackPotion"},{"floor":48,"key":"Fire Potion"}],"is_trial":false,"path_per_floor":["M","M","M","M","M","R","?","?","T","E","M","E","R","?","R","B",null,"M","?","$","T","M","E","R","E","T","M","$","?","R","M","R","B",null,"M","?","M","$","M","R","E","M","T","E","M","E","M","M","R","B",null],"character_chosen":"THE_SILENT","items_purchased":["Noxious Fumes","Footwork","Dodge and Roll","Well Laid Plans","Dramatic Entrance"],"campfire_rested":5,"item_purchase_floors":[20,28,28,38,38],"current_hp_per_floor":[58,58,58,58,58,58,58,58,58,40,32,25,46,32,53,13,56,44,44,44,44,44,23,44,44,44,30,30,30,51,51,51,51,65,65,65,56,56,56,56,51,51,51,51,49,49,49,49,70,19],"gold":181,"neow_bonus":"ONE_RARE_RELIC","is_prod":false,"is_daily":false,"chose_seed":false,"campfire_upgraded":3,"win_rate":0,"timestamp":1551466322,"path_taken":["M","M","M","M","?","R","?","?","T","E","?","E","R","?","R","BOSS","M","?","$","?","M","E","R","E","T","M","$","?","R","M","R","BOSS","M","?","M","$","M","R","E","M","T","E","?","E","M","M","R","BOSS"],"build_version":"2019-01-23","purchased_purges":2,"victory":true,"max_hp_per_floor":[70,70,70,70,70,70,70,70,70,70,70,70,70,70,70,70,70,70,70,70,70,70,70,70,70,70,70,70,70,70,70,70,70,70,70,70,70,70,70,70,70,70,70,70,70,70,70,70,70,70],"card_choices":[{"not_picked":["Choke","Flying Knee"],"picked":"PiercingWail","floor":1},{"not_picked":["Sucker Punch","Underhanded Strike"],"picked":"Backstab","floor":2},{"not_picked":["PiercingWail","Dodge and Roll"],"picked":"Crippling Poison","floor":3},{"not_picked":["Blade Dance","Skewer"],"picked":"Deflect","floor":4},{"not_picked":["Dagger Throw","Masterful Stab"],"picked":"Caltrops","floor":5},{"not_picked":["Tools of the Trade","Acrobatics"],"picked":"Dagger Spray","floor":10},{"not_picked":["Choke","Dagger Throw"],"picked":"Poisoned Stab","floor":11},{"not_picked":["Masterful Stab","Expertise","Blade Dance"],"picked":"SKIP","floor":12},{"not_picked":["Bullet Time","Adrenaline"],"picked":"After Image","floor":16},{"not_picked":["Distraction","Leg Sweep+1"],"picked":"Deadly Poison+1","floor":18},{"not_picked":["Dagger Spray","Blade Dance","PiercingWail"],"picked":"Backflip+1","floor":22},{"not_picked":["Caltrops","Concentrate","Escape Plan"],"picked":"Backstab+1","floor":23},{"not_picked":["Deadly Poison+1","Caltrops","Dodge and Roll"],"picked":"Cloak And Dagger","floor":25},{"not_picked":["Infinite Blades","Deflect","Terror"],"picked":"Envenom","floor":27},{"not_picked":["Reflex","Blade Dance","Noxious Fumes","Distraction+1"],"picked":"SKIP","floor":31},{"not_picked":["A Thousand Cuts","Phantasmal Killer","Bullet Time"],"picked":"Envenom","floor":33},{"not_picked":["All Out Attack","Predator+1","Outmaneuver","Prepared"],"picked":"SKIP","floor":35},{"not_picked":["Dodge and Roll+1","Quick Slash","Outmaneuver"],"picked":"Cloak And Dagger+1","floor":37},{"not_picked":["Eviscerate+1","Riddle With Holes+1","Heel Hook"],"picked":"Backstab","floor":39},{"not_picked":["Terror+1","Quick Slash","Flechettes","Prepared"],"picked":"SKIP","floor":41},{"not_picked":["Blade Dance","Leg Sweep+1","Backstab+1"],"picked":"Catalyst+1","floor":42},{"not_picked":["Outmaneuver+1","Flying Knee","Cloak And Dagger"],"picked":"Night Terror","floor":44},{"not_picked":["Underhanded Strike","Blade Dance+1","Skewer"],"picked":"Infinite Blades+1","floor":45},{"not_picked":["Bouncing Flask","Flying Knee+1","Concentrate+1","Grand Finale"],"picked":"SKIP","floor":46},{"not_picked":["PiercingWail","Underhanded Strike","Expertise"],"picked":"Caltrops+1","floor":47},{"not_picked":["Outmaneuver+1","Deadly Poison","Dagger Spray+1","Sucker Punch+1"],"picked":"SKIP","floor":48}],"player_experience":443373,"relics_obtained":[{"floor":9,"key":"PreservedInsect"},{"floor":10,"key":"Bronze Scales"},{"floor":12,"key":"Bag of Marbles"},{"floor":21,"key":"Question Card"},{"floor":23,"key":"Gambling Chip"},{"floor":25,"key":"Bag of Preparation"},{"floor":26,"key":"Vajra"},{"floor":41,"key":"War Paint"},{"floor":43,"key":"Frozen Egg 2"},{"floor":44,"key":"Lantern"},{"floor":46,"key":"Gremlin Horn"}],"event_choices":[{"damage_healed":0,"gold_gain":0,"player_choice":"Grow","damage_taken":0,"max_hp_gain":0,"max_hp_loss":0,"event_name":"Living Wall","floor":7,"gold_loss":0,"cards_upgraded":["Crippling Poison"]},{"damage_healed":0,"gold_gain":0,"player_choice":"Bought 0 Potions","damage_taken":0,"max_hp_gain":0,"max_hp_loss":0,"event_name":"The Woman in Blue","floor":8,"gold_loss":0},{"damage_healed":0,"gold_gain":0,"player_choice":"Entered Light","damage_taken":14,"max_hp_gain":0,"max_hp_loss":0,"event_name":"Shining Light","floor":14,"gold_loss":0,"cards_upgraded":["Strike_G","PiercingWail"]},{"cards_removed":["Strike_G"],"damage_healed":0,"gold_gain":0,"player_choice":"Offered Basic","damage_taken":0,"max_hp_gain":0,"max_hp_loss":0,"event_name":"Bonfire Elementals","floor":19,"gold_loss":0},{"damage_healed":0,"gold_gain":0,"player_choice":"Inject Mutagens","damage_taken":0,"relics_obtained":["MutagenicStrength"],"max_hp_gain":0,"max_hp_loss":0,"event_name":"Drug Dealer","floor":29,"gold_loss":0},{"damage_healed":0,"gold_gain":0,"player_choice":"Ignored","damage_taken":0,"max_hp_gain":0,"max_hp_loss":0,"event_name":"SecretPortal","floor":36,"gold_loss":0}],"is_beta":false,"boss_relics":[{"not_picked":["Fusion Hammer","Cursed Key"],"picked":"Philosopher\u0027s Stone"},{"not_picked":["Calling Bell","Astrolabe"],"picked":"Ring of the Serpent"}],"items_purged_floors":[20,28],"is_endless":false,"potions_floor_spawned":[1,3,5,11,12,23,25,31,37,39,45,46,48],"ascension_level":8}