{"gold_per_floor":[114,60,70,15,15,15,49,49,49,60,60,91,108,131,131,205,205,177,177,189,189],"floor_reached":21,"playtime":944,"items_purged":[],"score":365,"play_id":"2d9be117-d274-4858-9643-f6f599d0ede0","local_time":"20190312233419","is_ascension_mode":true,"campfire_choices":[{"data":"Creative AI","floor":6.0,"key":"SMITH"},{"floor":8.0,"key":"REST"},{"data":"Go for the Eyes","floor":11.0,"key":"SMITH"},{"data":"Capacitor","floor":15.0,"key":"SMITH"}],"neow_cost":"NONE","seed_source_timestamp":28962164778400,"circlet_count":0,"master_deck":["AscendersBane","Strike_B","Strike_B","Strike_B+1","Strike_B","Defend_B","Defend_B","Defend_B","Defend_B","Zap+1","Dualcast","Reboot","Compile Driver","Cold Snap+1","Creative AI+1","Capacitor+1","Go for the Eyes+1","Leap","Rainbow","Conserve Battery"],"special_seed":0,"relics":["Cracked Core","Smiling Mask","Unceasing Top","Whetstone","Nuclear Battery"],"potions_floor_usage":[20,20,21],"damage_taken":[{"damage":0.0,"enemies":"Cultist","floor":1.0,"turns":3.0},{"damage":0.0,"enemies":"Jaw Worm","floor":3.0,"turns":3.0},{"damage":41.0,"enemies":"Gremlin Nob","floor":7.0,"turns":4.0},{"damage":0.0,"enemies":"2 Louse","floor":10.0,"turns":2.0},{"damage":3.0,"enemies":"3 Sentries","floor":12.0,"turns":7.0},{"damage":0.0,"enemies":"Exordium Wildlife","floor":13.0,"turns":3.0},{"damage":7.0,"enemies":"Hexaghost","floor":16.0,"turns":9.0},{"damage":30.0,"enemies":"2 Thieves","floor":18.0,"turns":4.0},{"damage":23,"enemies":"3 Byrds","floor":20,"turns":4},{"damage":16,"enemies":"Centurion and Healer","floor":21,"turns":4}],"seed_played":"-6908704365544744944","potions_obtained":[{"floor":1.0,"key":"SkillPotion"},{"floor":10.0,"key":"Weak Potion"},{"floor":13.0,"key":"SpeedPotion"},{"floor":19.0,"key":"SneckoOil"},{"floor":19.0,"key":"Weak Potion"},{"floor":20,"key":"Block Potion"}],"is_trial":false,"path_per_floor":["M","$","M","?","?","R","E","R","T","M","R","E","M","T","R","B",null,"M","?","M","M"],"character_chosen":"DEFECT","items_purchased":["Cold Snap"],"campfire_rested":1,"item_purchase_floors":[2],"current_hp_per_floor":[64,64,64,64,64,64,23,44,44,44,44,41,41,41,41,34,62,32,32,9,0],"gold":189,"neow_bonus":"ONE_RANDOM_RARE_CARD","is_prod":false,"is_daily":false,"chose_seed":false,"campfire_upgraded":3,"win_rate":0,"timestamp":1552448059,"path_taken":["M","?","M","?","?","R","E","R","T","?","R","E","M","?","R","BOSS","M","?","?","M"],"build_version":"2019-01-23","purchased_purges":0,"victory":false,"max_hp_per_floor":[71,71,71,71,71,71,71,71,71,71,71,71,71,71,71,71,71,71,71,71,71],"card_choices":[{"not_picked":["Reprogram","Conserve Battery"],"picked":"Compile Driver","floor":1.0},{"not_picked":["Hello World","Sweeping Beam"],"picked":"Creative AI","floor":3.0},{"not_picked":["Steam","Force Field"],"picked":"Capacitor","floor":7.0},{"not_picked":["Genetic Algorithm","Doom and Gloom"],"picked":"Go for the Eyes","floor":10.0},{"not_picked":["Static Discharge","White Noise"],"picked":"Leap","floor":12.0},{"not_picked":["Go for the Eyes","Steam Power","Redo"],"picked":"SKIP","floor":13.0},{"not_picked":["Amplify","Meteor Strike"],"picked":"Rainbow","floor":16.0},{"not_picked":["Hologram","Steam"],"picked":"Conserve Battery","floor":18.0},{"not_picked":["Sweeping Beam","Gash","Chaos"],"picked":"SKIP","floor":20}],"player_experience":1309652,"relics_obtained":[{"floor":7.0,"key":"Smiling Mask"},{"floor":9.0,"key":"Unceasing Top"},{"floor":14.0,"key":"Whetstone"}],"event_choices":[{"damage_healed":0.0,"max_hp_gain":0.0,"max_hp_loss":0.0,"gold_gain":0.0,"event_name":"World of Goop","player_choice":"Left Gold","floor":4.0,"gold_loss":55.0,"damage_taken":0.0},{"damage_healed":0.0,"max_hp_gain":0.0,"max_hp_loss":0.0,"gold_gain":0.0,"event_name":"Living Wall","player_choice":"Grow","floor":5.0,"gold_loss":0.0,"damage_taken":0.0,"cards_upgraded":["Zap"]},{"damage_healed":0.0,"max_hp_gain":0.0,"max_hp_loss":0.0,"gold_gain":0.0,"event_name":"Lab","player_choice":"Got Potions","floor":19.0,"gold_loss":0.0,"damage_taken":0.0}],"is_beta":false,"boss_relics":[{"not_picked":["Eternal Feather","Calling Bell"],"picked":"Nuclear Battery"}],"items_purged_floors":[],"is_endless":false,"potions_floor_spawned":[1,10,13,20],"killed_by":"Centurion and Healer","ascension_level":19}