{"gold_per_floor":[116,191,202,103,117,117,146,146,146,177,177,177,142,159,159,257,257,276,191,116,135,35,35,70,70,70,89,4,21,53,63,63,168,168,181,231,245,245,245,245,255,268,268,268,268,281,20,53,53,53],"floor_reached":51,"playtime":3591,"items_purged":["Normality","Writhe"],"score":823,"play_id":"cf8379f0-ec0c-42a3-a425-5c10f4b2a774","local_time":"20190313171224","is_ascension_mode":false,"campfire_choices":[{"data":"Noxious Fumes","floor":6.0,"key":"SMITH"},{"data":"Bouncing Flask","floor":8.0,"key":"SMITH"},{"data":"Poisoned Stab","floor":15.0,"key":"SMITH"},{"floor":23.0,"key":"REST"},{"floor":32.0,"key":"REST"},{"floor":40.0,"key":"REST"},{"data":"Mind Blast","floor":44.0,"key":"SMITH"},{"floor":49.0,"key":"REST"}],"neow_cost":"NONE","seed_source_timestamp":0,"circlet_count":0,"master_deck":["Defend_G","Defend_G","Defend_G","Defend_G","Strike_G","Strike_G","Strike_G","Strike_G","Strike_G","Survivor","Neutralize","Noxious Fumes+1","Flying Knee","Poisoned Stab+1","Bouncing Flask+1","Flying Knee","Backstab","Adrenaline","Clumsy","PiercingWail","Dagger Spray+1","Caltrops","Poisoned Stab+1","Backstab","Poisoned Stab","Sucker Punch+1","Backflip","Bandage Up","Dagger Spray+1","Terror+1","Quick Slash+1","Backstab+1","Backstab","Die Die Die","PiercingWail+1","Slice+1","Backflip+1","Footwork+1","Mind Blast+1","Deflect","Backflip+1","Deadly Poison+1","Apotheosis+1","Enlightenment+1"],"special_seed":0,"relics":["Ring of the Snake","Mummified Hand","PreservedInsect","Pen Nib","Pear","Letter Opener","Calling Bell","Omamori","Meat on the Bone","Prayer Wheel","Regal Pillow","Thread and Needle","Centennial Puzzle","The Specimen","Lizard Tail","Bird Faced Urn","Toxic Egg 2","Mercury Hourglass"],"potions_floor_usage":[50,50],"damage_taken":[{"damage":0.0,"enemies":"Cultist","floor":1.0,"turns":6.0},{"damage":3.0,"enemies":"Jaw Worm","floor":3.0,"turns":4.0},{"damage":0.0,"enemies":"2 Louse","floor":5.0,"turns":2.0},{"damage":4.0,"enemies":"Gremlin Nob","floor":7.0,"turns":4.0},{"damage":18.0,"enemies":"Lagavulin","floor":10.0,"turns":4.0},{"damage":10.0,"enemies":"Large Slime","floor":14.0,"turns":5.0},{"damage":24.0,"enemies":"Slime Boss","floor":16.0,"turns":8.0},{"damage":31.0,"enemies":"2 Thieves","floor":18.0,"turns":4.0},{"damage":0.0,"enemies":"Chosen","floor":21.0,"turns":3.0},{"damage":24.0,"enemies":"Slavers","floor":24.0,"turns":4.0},{"damage":16.0,"enemies":"Shelled Parasite and Fungi","floor":27.0,"turns":4.0},{"damage":14.0,"enemies":"Centurion and Healer","floor":29.0,"turns":5.0},{"damage":17.0,"enemies":"Gremlin Leader","floor":30.0,"turns":3.0},{"damage":1.0,"enemies":"Snake Plant","floor":31.0,"turns":2.0},{"damage":87.0,"enemies":"Collector","floor":33.0,"turns":9.0},{"damage":35.0,"enemies":"3 Shapes","floor":35.0,"turns":4.0},{"damage":8.0,"enemies":"2 Orb Walkers","floor":36.0,"turns":3.0},{"damage":0.0,"enemies":"Orb Walker","floor":37.0,"turns":3.0},{"damage":17.0,"enemies":"3 Darklings","floor":41.0,"turns":4.0},{"damage":12.0,"enemies":"Spire Growth","floor":42.0,"turns":3.0},{"damage":0.0,"enemies":"Maw","floor":46.0,"turns":6.0},{"damage":0.0,"enemies":"Reptomancer","floor":48.0,"turns":2.0},{"damage":116,"enemies":"Awakened One","floor":50,"turns":15}],"seed_played":"1251931024082448145","potions_obtained":[{"floor":1.0,"key":"GhostInAJar"},{"floor":3.0,"key":"GamblersBrew"},{"floor":10.0,"key":"Swift Potion"},{"floor":27.0,"key":"Swift Potion"},{"floor":29.0,"key":"Poison Potion"},{"floor":33.0,"key":"FearPotion"},{"floor":36.0,"key":"Weak Potion"},{"floor":42.0,"key":"Dexterity Potion"}],"is_trial":false,"path_per_floor":["M","?","M","$","M","R","E","R","T","E","T","T","?","M","R","B",null,"M","?","$","M","$","R","E","?","T","M","$","M","E","M","R","B",null,"M","?","M","?","?","R","M","M","T","R","?","M","$","E","R","B",null],"character_chosen":"THE_SILENT","items_purchased":["Poisoned Stab","Bouncing Flask","Bandage Up","Apotheosis+1","Enlightenment+1"],"campfire_rested":4,"item_purchase_floors":[4,4,28,47,47],"current_hp_per_floor":[77,66,63,63,63,63,59,59,59,41,51,51,72,62,62,38,87,56,56,56,56,56,87,63,63,63,47,47,49,48,47,87,16,87,56,52,56,56,56,87,74,66,66,66,66,76,76,80,87,38],"gold":53,"neow_bonus":"TEN_PERCENT_HP_BONUS","is_prod":false,"is_daily":false,"chose_seed":false,"campfire_upgraded":4,"win_rate":1,"timestamp":1552507944,"path_taken":["M","?","M","$","M","R","E","R","T","E","?","?","?","M","R","BOSS","M","?","$","M","$","R","E","?","T","?","?","M","E","M","R","BOSS","M","?","M","?","?","R","?","?","T","R","?","M","$","E","R","BOSS"],"build_version":"2019-01-17","purchased_purges":2,"victory":true,"max_hp_per_floor":[77,77,77,77,77,77,77,77,77,77,87,87,87,87,87,87,87,87,87,87,87,87,87,87,87,87,87,87,87,87,87,87,87,87,87,87,87,87,87,87,87,87,87,87,87,87,87,87,87,87],"card_choices":[{"not_picked":["Leg Sweep","Calculated Gamble"],"picked":"Noxious Fumes","floor":1.0},{"not_picked":["Dagger Spray","Blade Dance"],"picked":"Flying Knee","floor":3.0},{"not_picked":["Bane","Terror"],"picked":"Flying Knee","floor":5.0},{"not_picked":["Burst","Predator"],"picked":"Backstab","floor":7.0},{"not_picked":["Bane","Deflect","Flechettes"],"picked":"SKIP","floor":10.0},{"not_picked":["Distraction","Sucker Punch","Slice"],"picked":"SKIP","floor":14.0},{"not_picked":["Venomology","Envenom"],"picked":"Adrenaline","floor":16.0},{"not_picked":["Dagger Throw","Footwork"],"picked":"PiercingWail","floor":18.0},{"not_picked":["Distraction","Eviscerate"],"picked":"Dagger Spray+1","floor":18.0},{"not_picked":["Tactician","Bane"],"picked":"Caltrops","floor":21.0},{"not_picked":["Prepared","Endless Agony+1"],"picked":"Poisoned Stab+1","floor":21.0},{"not_picked":["Dash","Deflect","Blade Dance+1"],"picked":"SKIP","floor":24.0},{"not_picked":["Backflip","Acrobatics+1"],"picked":"Sucker Punch+1","floor":27.0},{"not_picked":["Choke","Bane"],"picked":"Backflip","floor":27.0},{"not_picked":["Blade Dance","Distraction"],"picked":"Dagger Spray+1","floor":29.0},{"not_picked":["Caltrops","Blade Dance"],"picked":"Terror+1","floor":29.0},{"not_picked":["Dagger Spray","Tools of the Trade"],"picked":"Quick Slash+1","floor":30.0},{"not_picked":["Bane","Infinite Blades+1"],"picked":"Backstab+1","floor":31.0},{"not_picked":["Escape Plan","Dash"],"picked":"Backstab","floor":31.0},{"not_picked":["Wraith Form v2","Adrenaline"],"picked":"Die Die Die","floor":33.0},{"not_picked":["Sucker Punch","Outmaneuver+1"],"picked":"PiercingWail+1","floor":35.0},{"not_picked":["Eviscerate","Caltrops+1","Predator+1"],"picked":"SKIP","floor":35.0},{"not_picked":["Underhanded Strike+1","Sucker Punch+1"],"picked":"Slice+1","floor":36.0},{"not_picked":["Slice","Venomology"],"picked":"Backflip+1","floor":37.0},{"not_picked":["Distraction+1","Dodge and Roll+1"],"picked":"Footwork+1","floor":37.0},{"not_picked":["Madness","Mayhem"],"picked":"Mind Blast","floor":38.0},{"not_picked":["Deadly Poison+1","Catalyst"],"picked":"Backflip+1","floor":41.0},{"not_picked":["Noxious Fumes","Flechettes","Predator"],"picked":"SKIP","floor":41.0},{"not_picked":["Distraction+1","Bouncing Flask+1","Reflex"],"picked":"SKIP","floor":42.0},{"not_picked":["Dagger Spray","Backflip+1","Dodge and Roll+1"],"picked":"SKIP","floor":42.0},{"not_picked":["Slice","Dagger Spray+1"],"picked":"Deadly Poison+1","floor":46.0},{"not_picked":["Slice+1","Quick Slash","Sucker Punch"],"picked":"SKIP","floor":46.0},{"not_picked":["Prepared+1","Caltrops","Distraction+1"],"picked":"SKIP","floor":48.0}],"player_experience":10643,"relics_obtained":[{"floor":7.0,"key":"Mummified Hand"},{"floor":9.0,"key":"PreservedInsect"},{"floor":10.0,"key":"Pen Nib"},{"floor":11.0,"key":"Pear"},{"floor":12.0,"key":"Letter Opener"},{"floor":17.0,"key":"Omamori"},{"floor":17.0,"key":"Meat on the Bone"},{"floor":17.0,"key":"Prayer Wheel"},{"floor":24.0,"key":"Thread and Needle"},{"floor":26.0,"key":"Centennial Puzzle"},{"floor":30.0,"key":"The Specimen"},{"floor":36.0,"key":"Bird Faced Urn"},{"floor":43.0,"key":"Toxic Egg 2"},{"floor":48.0,"key":"Mercury Hourglass"}],"event_choices":[{"damage_healed":0.0,"max_hp_gain":0.0,"max_hp_loss":0.0,"gold_gain":75.0,"event_name":"World of Goop","player_choice":"Gather Gold","floor":2.0,"gold_loss":0.0,"damage_taken":11.0},{"damage_healed":21.0,"max_hp_gain":0.0,"max_hp_loss":0.0,"gold_gain":0.0,"event_name":"The Cleric","player_choice":"Healed","floor":13.0,"gold_loss":35.0,"damage_taken":0.0},{"damage_healed":0.0,"max_hp_gain":0.0,"max_hp_loss":0.0,"gold_gain":0.0,"event_name":"Addict","player_choice":"Obtained Relic","floor":19.0,"gold_loss":85.0,"damage_taken":0.0,"relics_obtained":["Regal Pillow"]},{"damage_healed":0.0,"max_hp_gain":0.0,"max_hp_loss":0.0,"gold_gain":0.0,"event_name":"Match and Keep!","player_choice":"2 cards matched","floor":25.0,"gold_loss":0.0,"damage_taken":0.0,"cards_obtained":["Backstab","Poisoned Stab"]},{"damage_healed":0.0,"max_hp_gain":0.0,"max_hp_loss":0.0,"gold_gain":0.0,"event_name":"Mysterious Sphere","player_choice":"Fight","floor":36.0,"gold_loss":0.0,"damage_taken":0.0},{"damage_healed":0.0,"max_hp_gain":0.0,"max_hp_loss":0.0,"gold_gain":0.0,"event_name":"SensoryStone","player_choice":"Memory 1","floor":38.0,"gold_loss":0.0,"damage_taken":0.0},{"damage_healed":0.0,"max_hp_gain":0.0,"max_hp_loss":0.0,"gold_gain":0.0,"cards_transformed":["Defend_G"],"event_name":"Transmorgrifier","player_choice":"Transformed","floor":39.0,"gold_loss":0.0,"damage_taken":0.0,"cards_obtained":["Deflect"]},{"damage_healed":0.0,"max_hp_gain":0.0,"max_hp_loss":0.0,"gold_gain":0.0,"event_name":"Tomb of Lord Red Mask","player_choice":"Ignored","floor":45.0,"gold_loss":0.0,"damage_taken":0.0}],"is_beta":false,"boss_relics":[{"not_picked":["Astrolabe","HoveringKite"],"picked":"Calling Bell"},{"not_picked":["Empty Cage","Velvet Choker"],"picked":"Lizard Tail"}],"items_purged_floors":[20,22],"is_endless":false,"potions_floor_spawned":[1,3,10,27,29,33,36,42],"ascension_level":0}