{"gold_per_floor":[116,191,191,208,228,255,255,287,287,287,287,287,287,300,300,398,398,412,42,56,82,82,82,99,134,160,180,211,231,231,231,231,231],"floor_reached":33,"playtime":653,"items_purged":["Defend_R"],"score":293,"play_id":"df9a5f2f-9e87-4cb7-a0fd-1442134a39c4","local_time":"20190222234112","is_ascension_mode":false,"campfire_choices":[{"floor":7,"key":"REST"},{"floor":11,"key":"REST"},{"data":"Clash","floor":15,"key":"SMITH"},{"floor":23,"key":"REST"},{"floor":32,"key":"REST"}],"neow_cost":"NONE","seed_source_timestamp":556999333110056,"circlet_count":0,"master_deck":["Strike_R","Strike_R+1","Strike_R","Strike_R","Strike_R","Defend_R","Bash+1","Clash+1","Clash+1","Flex","RitualDagger","Anger"],"relics":["Burning Blood","NeowsBlessing","Whetstone","Pocketwatch","Letter Opener","Happy Flower","Empty Cage","Shuriken","Boot","Ancient Tea Set","Orichalcum","Frozen Egg 2"],"potions_floor_usage":[16,28,31,33],"damage_taken":[{"damage":0,"enemies":"2 Louse","floor":1,"turns":1},{"damage":0,"enemies":"Small Slimes","floor":4,"turns":1},{"damage":0,"enemies":"Cultist","floor":5,"turns":1},{"damage":49,"enemies":"Lagavulin","floor":6,"turns":7},{"damage":11,"enemies":"Gremlin Nob","floor":8,"turns":4},{"damage":0,"enemies":"Looter","floor":14,"turns":1},{"damage":44,"enemies":"Slime Boss","floor":16,"turns":11},{"damage":22,"enemies":"3 Byrds","floor":18,"turns":5},{"damage":15,"enemies":"2 Thieves","floor":20,"turns":3},{"damage":5,"enemies":"Sentry and Sphere","floor":24,"turns":3},{"damage":22,"enemies":"Slavers","floor":25,"turns":3},{"damage":0,"enemies":"Snake Plant","floor":27,"turns":2},{"damage":14,"enemies":"Gremlin Leader","floor":28,"turns":4},{"damage":25,"enemies":"Snecko","floor":29,"turns":5},{"damage":12,"enemies":"Colosseum Slavers","floor":31,"turns":3},{"damage":63,"enemies":"Champ","floor":33,"turns":6}],"seed_played":"-3663528921077295593","potions_obtained":[{"floor":4,"key":"SkillPotion"},{"floor":6,"key":"Weak Potion"},{"floor":8,"key":"SpeedPotion"},{"floor":18,"key":"SpeedPotion"},{"floor":27,"key":"SpeedPotion"},{"floor":28,"key":"Weak Potion"}],"is_trial":false,"path_per_floor":["M","?","?","M","M","E","R","E","T","?","R","?","?","M","R","B",null,"M","$","M","T","?","R","M","E","T","M","E","M","?","?","R","B"],"character_chosen":"IRONCLAD","items_purchased":["Flex","Shuriken"],"campfire_rested":4,"item_purchase_floors":[19,19],"current_hp_per_floor":[80,69,69,75,80,37,61,56,56,40,64,80,80,80,80,42,80,64,64,55,55,49,73,74,58,58,64,56,37,37,31,55,0],"gold":231,"neow_bonus":"THREE_ENEMY_KILL","is_prod":false,"is_daily":false,"chose_seed":false,"campfire_upgraded":1,"win_rate":0.0,"timestamp":1550907672,"path_taken":["M","?","?","M","?","E","R","E","T","?","R","?","?","M","R","BOSS","M","$","M","?","?","R","M","E","T","M","E","M","?","?","R","BOSS"],"build_version":"2019-01-23","purchased_purges":1,"victory":false,"max_hp_per_floor":[80,80,80,80,80,80,80,80,80,80,80,80,80,80,80,80,80,80,80,80,80,80,80,80,80,80,80,80,80,80,80,80,80],"card_choices":[{"not_picked":["Shrug It Off","Reckless Charge"],"picked":"Clash","floor":1},{"not_picked":["Shrug It Off","Twin Strike","Perfected Strike"],"picked":"SKIP","floor":4},{"not_picked":["Hemokinesis","Uppercut","Second Wind"],"picked":"SKIP","floor":5},{"not_picked":["Body Slam","Burning Pact"],"picked":"Clash","floor":6},{"not_picked":["Combust","Sever Soul","Pommel Strike"],"picked":"SKIP","floor":8},{"not_picked":["Shrug It Off","Pommel Strike","Pummel"],"picked":"SKIP","floor":14},{"not_picked":["Armaments","Body Slam","Power Through"],"picked":"SKIP","floor":18},{"not_picked":["Warcry+1","Headbutt","Armaments"],"picked":"SKIP","floor":20},{"not_picked":["Feel No Pain","Headbutt"],"picked":"Anger","floor":24},{"not_picked":["Brutality","Shrug It Off","Cleave"],"picked":"SKIP","floor":25},{"not_picked":["Combust","Pommel Strike","Body Slam"],"picked":"SKIP","floor":27},{"not_picked":["Intimidate","True Grit","Dual Wield"],"picked":"SKIP","floor":28},{"not_picked":["Body Slam","Heavy Blade+1","Seeing Red"],"picked":"SKIP","floor":29}],"player_experience":5899,"relics_obtained":[{"floor":6,"key":"Whetstone"},{"floor":8,"key":"Pocketwatch"},{"floor":9,"key":"Letter Opener"},{"floor":21,"key":"Boot"},{"floor":25,"key":"Ancient Tea Set"},{"floor":26,"key":"Orichalcum"},{"floor":28,"key":"Frozen Egg 2"}],"event_choices":[{"damage_healed":0,"gold_gain":75,"player_choice":"Gather Gold","damage_taken":11,"max_hp_gain":0,"max_hp_loss":0,"event_name":"World of Goop","floor":2,"gold_loss":0},{"damage_healed":0,"gold_gain":0,"player_choice":"Bought 0 Potions","damage_taken":0,"max_hp_gain":0,"max_hp_loss":0,"event_name":"The Woman in Blue","floor":3,"gold_loss":0},{"damage_healed":0,"gold_gain":0,"player_choice":"Entered Light","damage_taken":16,"max_hp_gain":0,"max_hp_loss":0,"event_name":"Shining Light","floor":10,"gold_loss":0,"cards_upgraded":["Clash","Defend_R"]},{"damage_healed":26,"gold_gain":0,"player_choice":"Banana","damage_taken":0,"max_hp_gain":0,"max_hp_loss":0,"event_name":"Big Fish","floor":12,"gold_loss":0},{"damage_healed":0,"gold_gain":0,"player_choice":"Gave Potion","damage_taken":0,"relics_obtained":["Happy Flower"],"max_hp_gain":0,"max_hp_loss":0,"event_name":"WeMeetAgain","floor":13,"gold_loss":0},{"damage_healed":0,"gold_gain":0,"player_choice":"Joined the Cult","damage_taken":6,"max_hp_gain":0,"max_hp_loss":0,"event_name":"Nest","floor":22,"gold_loss":0,"cards_obtained":["RitualDagger"]},{"damage_healed":0,"gold_gain":0,"player_choice":"Ignored","damage_taken":0,"max_hp_gain":0,"max_hp_loss":0,"event_name":"Ghosts","floor":30,"gold_loss":0},{"damage_healed":0,"gold_gain":0,"player_choice":"Fight","damage_taken":0,"max_hp_gain":0,"max_hp_loss":0,"event_name":"Colosseum","floor":31,"gold_loss":0},{"damage_healed":0,"gold_gain":0,"player_choice":"Fled From Nobs","damage_taken":0,"max_hp_gain":0,"max_hp_loss":0,"event_name":"Colosseum","floor":31,"gold_loss":0}],"is_beta":false,"boss_relics":[{"not_picked":["Astrolabe","White Beast Statue"],"picked":"Empty Cage"}],"items_purged_floors":[19],"is_endless":false,"potions_floor_spawned":[4,6,8,18,27,28],"killed_by":"Champ","ascension_level":0}