{"gold_per_floor":[115,115,115,115,115,159,182,218,218,293,12,12,12],"floor_reached":13,"playtime":239,"items_purged":[],"score":228,"play_id":"61d32de5-5d4d-4962-91d3-6cb13bb588c8","local_time":"20190314023103","is_ascension_mode":true,"campfire_choices":[{"data":"White Noise","floor":12,"key":"SMITH"}],"neow_cost":"NONE","seed_source_timestamp":44075687308528,"circlet_count":0,"master_deck":["AscendersBane","Strike_B","Strike_B","Strike_B","Strike_B","Defend_B","Defend_B","Defend_B","Defend_B","Zap","Dualcast","Auto Shields","Reinforced Body","Leap","White Noise+1","Conserve Battery"],"relics":["Cracked Core","NeowsBlessing","Shovel","Golden Idol","Pantograph","Centennial Puzzle","Torii","ClockworkSouvenir"],"potions_floor_usage":[8,13],"damage_taken":[{"damage":0,"enemies":"Small Slimes","floor":1,"turns":1},{"damage":0,"enemies":"Gremlin Nob","floor":6,"turns":1},{"damage":0,"enemies":"2 Louse","floor":7,"turns":2},{"damage":19,"enemies":"Lagavulin","floor":8,"turns":11},{"damage":14,"enemies":"Gremlin Nob","floor":13,"turns":4}],"seed_played":"-4196043867605422710","potions_obtained":[{"floor":1,"key":"Dexterity Potion"},{"floor":8,"key":"EssenceOfSteel"}],"is_trial":false,"path_per_floor":["M","?","?","?","$","E","M","E","T","?","$","R","E"],"character_chosen":"DEFECT","items_purchased":["ClockworkSouvenir","Conserve Battery"],"campfire_rested":0,"item_purchase_floors":[11,11],"current_hp_per_floor":[64,64,57,57,57,57,57,38,38,27,27,27,13],"gold":12,"neow_bonus":"THREE_ENEMY_KILL","is_prod":false,"is_daily":false,"chose_seed":false,"campfire_upgraded":1,"win_rate":0,"timestamp":1552527063,"path_taken":["M","?","?","?","$","E","M","E","T","?","?","R","E"],"build_version":"2019-02-06","purchased_purges":0,"victory":false,"max_hp_per_floor":[71,71,71,64,64,64,64,64,64,64,64,64,64],"card_choices":[{"not_picked":["Darkness","Gash"],"picked":"Auto Shields","floor":1},{"not_picked":["Hologram","Beam Cell"],"picked":"Reinforced Body","floor":6},{"not_picked":["Lockon","Beam Cell"],"picked":"Leap","floor":7},{"not_picked":["Melter","FTL"],"picked":"White Noise","floor":8}],"player_experience":1028410,"relics_obtained":[{"floor":6,"key":"Pantograph"},{"floor":8,"key":"Centennial Puzzle"},{"floor":9,"key":"Torii"}],"event_choices":[{"damage_healed":0,"gold_gain":0,"player_choice":"Box","damage_taken":0,"relics_obtained":["Shovel"],"max_hp_gain":0,"max_hp_loss":0,"event_name":"Big Fish","floor":2,"gold_loss":0,"cards_obtained":["Regret"]},{"cards_removed":["Regret"],"damage_healed":0,"gold_gain":0,"player_choice":"Card Removal","damage_taken":7,"max_hp_gain":0,"max_hp_loss":0,"event_name":"Golden Wing","floor":3,"gold_loss":0},{"damage_healed":0,"gold_gain":0,"player_choice":"Lose Max HP","damage_taken":0,"relics_obtained":["Golden Idol"],"max_hp_gain":0,"max_hp_loss":7,"event_name":"Golden Idol","floor":4,"gold_loss":0},{"damage_healed":0,"gold_gain":75,"player_choice":"Gather Gold","damage_taken":11,"max_hp_gain":0,"max_hp_loss":0,"event_name":"World of Goop","floor":10,"gold_loss":0}],"is_beta":true,"boss_relics":[],"items_purged_floors":[],"is_endless":false,"potions_floor_spawned":[1,8],"killed_by":"Gremlin Nob","ascension_level":20}