{"gold_per_floor":[116,35,35,185,185,220,68,102,102,102,122,133,158,172,172,251,251,251,251,171,171,3,3,3,3,3,3,3],"floor_reached":28,"playtime":798,"items_purged":["Regret"],"score":657,"play_id":"9c33d4ef-b125-4d1e-bd24-21039e44e6c0","local_time":"20190304151353","is_ascension_mode":true,"campfire_choices":[{"data":"White Noise","floor":10.0,"key":"SMITH"},{"data":"Buffer","floor":15.0,"key":"SMITH"},{"floor":25,"key":"REST"}],"neow_cost":"NONE","seed_source_timestamp":14008823843687,"circlet_count":0,"master_deck":["AscendersBane","Strike_B+1","Strike_B+1","Strike_B","Defend_B","Defend_B","Defend_B","Defend_B","Zap","Dualcast","Coolheaded","Self Repair+1","Buffer+1","White Noise+1","Cold Snap","Compile Driver","Compile Driver","Steam","Echo Form","Ball Lightning","Conserve Battery","RitualDagger","Core Surge","Glacier","Ball Lightning","Leap"],"special_seed":0,"relics":["Cracked Core","NeowsBlessing","Cables","Symbiotic Virus","Whetstone","Shuriken","Smiling Mask","Ectoplasm","Spirit Poop","Art of War","Molten Egg 2"],"potions_floor_usage":[27],"damage_taken":[{"damage":0.0,"enemies":"Cultist","floor":1.0,"turns":1.0},{"damage":0.0,"enemies":"3 Sentries","floor":6.0,"turns":1.0},{"damage":0.0,"enemies":"Lagavulin","floor":8.0,"turns":1.0},{"damage":0.0,"enemies":"2 Louse","floor":11.0,"turns":2.0},{"damage":0.0,"enemies":"Small Slimes","floor":12.0,"turns":3.0},{"damage":0.0,"enemies":"Gremlin Nob","floor":13.0,"turns":3.0},{"damage":14.0,"enemies":"Blue Slaver","floor":14.0,"turns":5.0},{"damage":38.0,"enemies":"Hexaghost","floor":16.0,"turns":10.0},{"damage":14.0,"enemies":"3 Byrds","floor":18.0,"turns":2.0},{"damage":18.0,"enemies":"2 Thieves","floor":20.0,"turns":3.0},{"damage":44.0,"enemies":"Slavers","floor":23.0,"turns":7.0},{"damage":14,"enemies":"Cultist and Chosen","floor":27,"turns":7},{"damage":29,"enemies":"Shelled Parasite and Fungi","floor":28,"turns":3}],"seed_played":"-5201489173440548955","potions_obtained":[{"floor":6.0,"key":"Dexterity Potion"},{"floor":11.0,"key":"SteroidPotion"},{"floor":16.0,"key":"Fruit Juice"},{"floor":23.0,"key":"Weak Potion"},{"floor":27,"key":"FearPotion"}],"is_trial":false,"path_per_floor":["M","$","?","?","?","E","$","E","T","R","M","M","E","M","R","B",null,"M","?","M","?","$","E","?","R","T","M","M"],"character_chosen":"DEFECT","items_purchased":["Self Repair","White Noise","Core Surge"],"campfire_rested":1,"item_purchase_floors":[2,7,22],"current_hp_per_floor":[64,64,64,64,64,64,64,64,64,64,71,71,71,67,67,44,68,74,74,66,60,60,26,26,48,48,44,15],"gold":3,"neow_bonus":"THREE_ENEMY_KILL","is_prod":false,"is_daily":false,"chose_seed":false,"campfire_upgraded":2,"win_rate":0,"timestamp":1551708833,"path_taken":["M","?","?","?","?","E","$","E","T","R","M","?","E","M","R","BOSS","M","?","?","?","$","E","?","R","T","M","?"],"build_version":"2019-02-06","purchased_purges":1,"victory":false,"max_hp_per_floor":[71,71,71,71,71,71,71,71,71,71,71,71,71,71,71,76,76,76,76,76,76,76,76,76,76,76,76,76],"card_choices":[{"not_picked":["Beam Cell","Stack"],"picked":"Coolheaded","floor":1.0},{"not_picked":["Go for the Eyes","Rebound"],"picked":"Buffer","floor":6.0},{"not_picked":["Rebound","Fusion","Reprogram"],"picked":"SKIP","floor":8.0},{"not_picked":["Static Discharge","Fusion"],"picked":"Cold Snap","floor":11.0},{"not_picked":["Steam","Hologram"],"picked":"Compile Driver","floor":12.0},{"not_picked":["Redo","Streamline"],"picked":"Compile Driver","floor":13.0},{"not_picked":["Streamline","Redo"],"picked":"Steam","floor":14.0},{"not_picked":["Core Surge","Biased Cognition"],"picked":"Echo Form","floor":16.0},{"not_picked":["Compile Driver","Stack"],"picked":"Ball Lightning","floor":18.0},{"not_picked":["Compile Driver","Steam"],"picked":"Conserve Battery","floor":20.0},{"not_picked":["Sweeping Beam","Rainbow"],"picked":"Glacier","floor":23.0},{"not_picked":["Redo","Coolheaded"],"picked":"Leap","floor":27}],"player_experience":982469,"relics_obtained":[{"floor":6.0,"key":"Symbiotic Virus"},{"floor":8.0,"key":"Whetstone"},{"floor":9.0,"key":"Shuriken"},{"floor":13.0,"key":"Smiling Mask"},{"floor":23.0,"key":"Art of War"},{"floor":26,"key":"Molten Egg 2"}],"event_choices":[{"damage_healed":0.0,"max_hp_gain":0.0,"max_hp_loss":0.0,"gold_gain":0.0,"event_name":"Living Wall","player_choice":"Grow","floor":3.0,"gold_loss":0.0,"damage_taken":0.0,"cards_upgraded":["Self Repair"]},{"damage_healed":0.0,"max_hp_gain":0.0,"max_hp_loss":0.0,"gold_gain":150.0,"event_name":"Liars Game","player_choice":"AGREE","floor":4.0,"gold_loss":0.0,"damage_taken":0.0,"cards_obtained":["Doubt"]},{"damage_healed":0.0,"max_hp_gain":0.0,"max_hp_loss":0.0,"gold_gain":0.0,"event_name":"Big Fish","player_choice":"Box","floor":5.0,"gold_loss":0.0,"damage_taken":0.0,"relics_obtained":["Cables"],"cards_obtained":["Regret"]},{"cards_removed":["Doubt"],"damage_healed":0.0,"max_hp_gain":0.0,"max_hp_loss":0.0,"gold_gain":0.0,"event_name":"Bonfire Elementals","player_choice":"Offered Curse","floor":19.0,"gold_loss":0.0,"damage_taken":0.0,"relics_obtained":["Spirit Poop"]},{"damage_healed":0.0,"max_hp_gain":0.0,"max_hp_loss":0.0,"gold_gain":0.0,"event_name":"Nest","player_choice":"Joined the Cult","floor":21.0,"gold_loss":0.0,"damage_taken":6.0,"cards_obtained":["RitualDagger"]},{"damage_healed":0,"gold_gain":0,"cards_transformed":["Strike_B"],"player_choice":"Transformed","damage_taken":0,"max_hp_gain":0,"max_hp_loss":0,"event_name":"Transmorgrifier","floor":24,"gold_loss":0,"cards_obtained":["Ball Lightning"]}],"is_beta":true,"boss_relics":[{"not_picked":["Philosopher\u0027s Stone","Calling Bell"],"picked":"Ectoplasm"}],"items_purged_floors":[7],"is_endless":false,"potions_floor_spawned":[6,11,16,23,27],"killed_by":"Shelled Parasite and Fungi","ascension_level":20}