{"gold_per_floor":[110,110,75,0,0,29,29,46,46,61,61,96,107,107,107,181,181,201,218,59,75,86,86,120,89,89,99,99,134,157,183,195,284,296,319,331,343,25,79,79,79],"floor_reached":41,"playtime":2645,"items_purged":["Regret","Pain","Writhe"],"score":903,"play_id":"ce56d4e5-5e29-42a3-9a3e-d25da0726d9f","local_time":"20190312130227","is_ascension_mode":true,"campfire_choices":[{"floor":7.0,"key":"REST"},{"floor":15.0,"key":"REST"},{"floor":23.0,"key":"REST"},{"floor":28.0,"key":"REST"},{"floor":32.0,"key":"REST"},{"floor":40,"key":"REST"}],"neow_cost":"NONE","seed_source_timestamp":14426845938448,"circlet_count":0,"master_deck":["AscendersBane","Strike_B","Strike_B","Strike_B","Strike_B","Defend_B","Defend_B","Defend_B","Defend_B","Zap","Dualcast","Conserve Battery","Coolheaded+1","Buffer","Glacier+1","Capacitor","Electrodynamics","Static Discharge+1","Conserve Battery+1","Steam+1","BootSequence+1","Defragment","Fission+1","Glacier+1","Steam Power+1","Fission+1","Chill+1","Creative AI","Blizzard+1"],"special_seed":0,"relics":["Black Star","Toxic Egg 2","Boot","Question Card","Pear","The Courier","Ancient Tea Set","Cables","WarpedTongs","Philosopher\u0027s Stone","Sundial","Darkstone Periapt","MawBank","Singing Bowl","Busted Crown","Pantograph","Unceasing Top"],"potions_floor_usage":[],"damage_taken":[{"damage":2.0,"enemies":"Cultist","floor":1.0,"turns":4.0},{"damage":70.0,"enemies":"Lagavulin","floor":6.0,"turns":8.0},{"damage":0.0,"enemies":"Jaw Worm","floor":8.0,"turns":7.0},{"damage":2.0,"enemies":"2 Louse","floor":10.0,"turns":5.0},{"damage":21.0,"enemies":"Gremlin Nob","floor":12.0,"turns":4.0},{"damage":3.0,"enemies":"Large Slime","floor":13.0,"turns":13.0},{"damage":34.0,"enemies":"The Guardian","floor":16.0,"turns":24.0},{"damage":19.0,"enemies":"Spheric Guardian","floor":18.0,"turns":7.0},{"damage":22.0,"enemies":"3 Byrds","floor":19.0,"turns":2.0},{"damage":7.0,"enemies":"Centurion and Healer","floor":21.0,"turns":12.0},{"damage":6.0,"enemies":"Snake Plant","floor":22.0,"turns":7.0},{"damage":30.0,"enemies":"Slavers","floor":24.0,"turns":4.0},{"damage":10.0,"enemies":"Cultist and Chosen","floor":27.0,"turns":11.0},{"damage":4.0,"enemies":"Gremlin Leader","floor":29.0,"turns":11.0},{"damage":12.0,"enemies":"Shelled Parasite and Fungi","floor":30.0,"turns":10.0},{"damage":4.0,"enemies":"Snake Plant","floor":31.0,"turns":5.0},{"damage":15.0,"enemies":"Collector","floor":33.0,"turns":17.0},{"damage":18.0,"enemies":"3 Darklings","floor":35.0,"turns":4.0},{"damage":37,"enemies":"2 Orb Walkers","floor":39,"turns":8},{"damage":73,"enemies":"Reptomancer","floor":41,"turns":3}],"seed_played":"-2984640641182360040","potions_obtained":[{"floor":1.0,"key":"FairyPotion"},{"floor":6.0,"key":"FearPotion"},{"floor":8.0,"key":"GamblersBrew"},{"floor":12.0,"key":"EntropicBrew"},{"floor":16.0,"key":"AttackPotion"},{"floor":21.0,"key":"FairyPotion"},{"floor":22.0,"key":"Weak Potion"},{"floor":29.0,"key":"Block Potion"},{"floor":30.0,"key":"SkillPotion"},{"floor":35.0,"key":"SteroidPotion"}],"is_trial":false,"path_per_floor":["M","?","?","$","?","E","R","M","T","M","$","E","M","?","R","B",null,"M","M","$","M","M","R","E","$","T","M","R","E","M","M","R","B",null,"M","?","?","$","?","R","E"],"character_chosen":"DEFECT","items_purchased":["Conserve Battery+1","Steam+1","Glacier+1","Pantograph"],"campfire_rested":6,"item_purchase_floors":[20,20,25,38],"current_hp_per_floor":[62,62,71,71,66,17,41,41,41,39,39,18,15,15,39,5,62,43,21,21,14,8,32,2,2,2,8,32,28,18,14,38,23,68,50,73,73,73,38,65,0],"gold":79,"neow_bonus":"BOSS_RELIC","is_prod":false,"is_daily":false,"chose_seed":false,"campfire_upgraded":0,"win_rate":0,"timestamp":1552392147,"path_taken":["M","?","?","$","?","E","R","M","T","M","$","E","M","?","R","BOSS","M","M","?","M","M","R","E","?","T","?","R","E","M","M","R","BOSS","M","?","?","$","?","R","E"],"build_version":"2019-02-06","purchased_purges":3,"victory":false,"max_hp_per_floor":[71,71,71,71,71,81,81,81,81,81,81,81,81,81,81,81,81,81,81,81,81,81,81,81,81,81,81,81,81,83,83,83,83,83,83,89,89,89,91,91,91],"card_choices":[{"not_picked":["Fusion","Compile Driver"],"picked":"Conserve Battery","floor":1.0},{"not_picked":["Redo+1","Go for the Eyes"],"picked":"Coolheaded+1","floor":6.0},{"not_picked":["Undo+1","Fusion+1","Conserve Battery+1"],"picked":"Buffer","floor":8.0},{"not_picked":["Hello World","Compile Driver","Beam Cell","Redo+1"],"picked":"SKIP","floor":10.0},{"not_picked":["Redo+1","Genetic Algorithm+1","Multi-Cast+1"],"picked":"Glacier+1","floor":12.0},{"not_picked":["Go for the Eyes","Streamline","Ball Lightning"],"picked":"Capacitor","floor":13.0},{"not_picked":["Biased Cognition","Multi-Cast+1","All For One"],"picked":"Electrodynamics","floor":16.0},{"not_picked":["Blizzard","Turbo+1","Steam+1"],"picked":"Static Discharge+1","floor":18.0},{"not_picked":["Barrage","Gash","Ball Lightning","Melter"],"picked":"SKIP","floor":19.0},{"not_picked":["Turbo+1","Gash","Steam+1"],"picked":"BootSequence+1","floor":21.0},{"not_picked":["Hologram+1","Fusion+1","Conserve Battery+1"],"picked":"Defragment","floor":22.0},{"not_picked":["Skim+1","Gash","Cold Snap"],"picked":"Fission+1","floor":24.0},{"not_picked":["Cold Snap","Loop","Coolheaded+1"],"picked":"Steam Power+1","floor":27.0},{"not_picked":["Rebound","Gash","Sweeping Beam"],"picked":"Fission+1","floor":29.0},{"not_picked":["Glacier+1","Redo+1","Ball Lightning","Beam Cell"],"picked":"Singing Bowl","floor":30.0},{"not_picked":["Barrage","Steam+1","Steam Power+1"],"picked":"Chill+1","floor":31.0},{"not_picked":["All For One","Seek+1","Multi-Cast+1"],"picked":"Creative AI","floor":33.0},{"not_picked":["Reprogram+1"],"picked":"Blizzard+1","floor":35.0},{"not_picked":["Go for the Eyes","Compile Driver+1"],"picked":"Singing Bowl","floor":39}],"player_experience":1013322,"relics_obtained":[{"floor":6.0,"key":"Question Card"},{"floor":6.0,"key":"Pear"},{"floor":9.0,"key":"The Courier"},{"floor":12.0,"key":"Ancient Tea Set"},{"floor":12.0,"key":"Cables"},{"floor":24.0,"key":"Sundial"},{"floor":24.0,"key":"Darkstone Periapt"},{"floor":29.0,"key":"MawBank"},{"floor":29.0,"key":"Singing Bowl"},{"floor":39,"key":"Unceasing Top"}],"event_choices":[{"damage_healed":0.0,"max_hp_gain":0.0,"max_hp_loss":0.0,"gold_gain":0.0,"event_name":"Big Fish","player_choice":"Box","floor":2.0,"gold_loss":0.0,"damage_taken":0.0,"relics_obtained":["Toxic Egg 2"],"cards_obtained":["Regret"]},{"damage_healed":17.0,"max_hp_gain":0.0,"max_hp_loss":0.0,"gold_gain":0.0,"event_name":"The Cleric","player_choice":"Healed","floor":3.0,"gold_loss":35.0,"damage_taken":0.0},{"damage_healed":0.0,"max_hp_gain":0.0,"max_hp_loss":0.0,"gold_gain":0.0,"event_name":"Scrap Ooze","player_choice":"Success","floor":5.0,"gold_loss":0.0,"damage_taken":5.0,"relics_obtained":["Boot"]},{"damage_healed":0.0,"max_hp_gain":0.0,"max_hp_loss":0.0,"gold_gain":0.0,"event_name":"Accursed Blacksmith","player_choice":"Rummage","floor":14.0,"gold_loss":0.0,"damage_taken":0.0,"relics_obtained":["WarpedTongs"],"cards_obtained":["Pain"]},{"damage_healed":17.0,"max_hp_gain":0.0,"max_hp_loss":0.0,"gold_gain":0.0,"event_name":"Winding Halls","player_choice":"Writhe","floor":36.0,"gold_loss":0.0,"damage_taken":0.0,"cards_obtained":["Writhe"]},{"damage_healed":0.0,"max_hp_gain":0.0,"max_hp_loss":0.0,"gold_gain":0.0,"event_name":"Tomb of Lord Red Mask","player_choice":"Ignored","floor":37.0,"gold_loss":0.0,"damage_taken":0.0},{"damage_healed":0,"gold_gain":0,"player_choice":"Fight","damage_taken":0,"max_hp_gain":0,"max_hp_loss":0,"event_name":"Mysterious Sphere","floor":39,"gold_loss":0}],"is_beta":true,"boss_relics":[{"not_picked":["Lizard Tail","Velvet Choker"],"picked":"Philosopher\u0027s Stone"},{"not_picked":["Empty Cage","Calling Bell"],"picked":"Busted Crown"}],"items_purged_floors":[4,20,38],"is_endless":false,"potions_floor_spawned":[1,6,8,12,16,21,22,29,30,35],"killed_by":"Reptomancer","ascension_level":20}