{"gold_per_floor":[110,285,303,303,303,334,348,348,348,371,381,381,56,70,70,168,168,185,185,89,19,19,19,34,34,58,68,88,104,104,116,116,211,211,224,224,155,155,101,101,0,0,0,0,0,11,11,11,11,11,11,11,11,36,36],"floor_reached":55,"playtime":3864,"items_purged":["Pain"],"score":661,"play_id":"e1ce2829-c83d-4a25-8d12-69ea2afcc2f5","local_time":"20190309014703","is_ascension_mode":false,"campfire_choices":[{"floor":8.0,"key":"RECALL"},{"floor":12.0,"key":"REST"},{"data":"Apotheosis","floor":15.0,"key":"SMITH"},{"data":"Finesse","floor":23.0,"key":"SMITH"},{"data":"Coolheaded","floor":25.0,"key":"SMITH"},{"data":"Defragment","floor":30.0,"key":"SMITH"},{"data":"Double Energy","floor":32.0,"key":"SMITH"},{"data":"Dark Shackles","floor":40.0,"key":"SMITH"},{"data":"Glacier","floor":42.0,"key":"SMITH"},{"data":"Blizzard","floor":44.0,"key":"SMITH"},{"floor":49.0,"key":"REST"},{"data":"Rainbow","floor":52.0,"key":"SMITH"}],"neow_cost":"CURSE","seed_source_timestamp":678593669219840,"circlet_count":0,"master_deck":["Zap","Dualcast","Cold Snap","Coolheaded+1","Coolheaded","Conserve Battery","FTL","Apotheosis+1","Self Repair","Conserve Battery","Creative AI+1","Aggregate+1","Finesse+1","FTL","Turbo","Barrage","Double Energy+1","Defragment+1","Hologram+1","Go for the Eyes","Heatsinks","Reinforced Body","Self Repair","Rainbow+1","Stack","Dark Shackles+1","Dark Shackles","Purity","Capacitor","Coolheaded","Blizzard+1","Glacier+1","BootSequence","Madness","Madness"],"special_seed":0,"relics":["Cracked Core","WingedGreaves","Thread and Needle","Potion Belt","Letter Opener","Odd Mushroom","Inserter","Pandora\u0027s Box","Prayer Wheel","The Courier","Art of War"],"potions_floor_usage":[55],"damage_taken":[{"damage":9.0,"enemies":"2 Louse","floor":1.0,"turns":3.0},{"damage":3.0,"enemies":"Jaw Worm","floor":3.0,"turns":3.0},{"damage":8.0,"enemies":"3 Sentries","floor":6.0,"turns":13.0},{"damage":0.0,"enemies":"Small Slimes","floor":7.0,"turns":5.0},{"damage":7.0,"enemies":"The Mushroom Lair","floor":10.0,"turns":5.0},{"damage":0.0,"enemies":"3 Louse","floor":11.0,"turns":4.0},{"damage":6.0,"enemies":"Blue Slaver","floor":14.0,"turns":4.0},{"damage":3.0,"enemies":"The Guardian","floor":16.0,"turns":12.0},{"damage":20.0,"enemies":"2 Thieves","floor":18.0,"turns":5.0},{"damage":0.0,"enemies":"3 Byrds","floor":24.0,"turns":4.0},{"damage":0.0,"enemies":"Centurion and Healer","floor":27.0,"turns":7.0},{"damage":1.0,"enemies":"Sentry and Sphere","floor":28.0,"turns":5.0},{"damage":13.0,"enemies":"Snake Plant","floor":29.0,"turns":6.0},{"damage":17.0,"enemies":"3 Cultists","floor":31.0,"turns":5.0},{"damage":10.0,"enemies":"Automaton","floor":33.0,"turns":11.0},{"damage":22.0,"enemies":"3 Shapes","floor":35.0,"turns":7.0},{"damage":19.0,"enemies":"3 Darklings","floor":46.0,"turns":6.0},{"damage":43.0,"enemies":"Awakened One","floor":50.0,"turns":15.0},{"damage":46.0,"enemies":"Shield and Spear","floor":54.0,"turns":12.0},{"damage":47,"enemies":"The Heart","floor":55,"turns":14}],"seed_played":"-373271990276438712","potions_obtained":[{"floor":1.0,"key":"AttackPotion"},{"floor":10.0,"key":"SpeedPotion"},{"floor":18.0,"key":"FearPotion"},{"floor":31.0,"key":"Poison Potion"}],"is_trial":false,"path_per_floor":["M","?","M","?","?","E","M","R","T","?","M","R","$","M","R","B",null,"M","?","$","$","?","R","M","R","T","M","M","M","R","M","R","B",null,"M","?","$","?","$","R","$","R","T","R","T","M","?","?","R","B",null,"R","$","E","B"],"character_chosen":"DEFECT","items_purchased":["Apotheosis","Self Repair","Finesse","FTL","Capacitor","Coolheaded","Blizzard","Glacier"],"campfire_rested":2,"item_purchase_floors":[13,13,20,21,37,39,41,41],"current_hp_per_floor":[66,66,63,45,38,30,30,30,30,23,23,45,45,46,46,53,75,65,65,65,65,65,65,75,75,75,75,74,71,71,61,61,51,75,70,60,60,60,60,60,60,60,60,60,60,41,41,32,54,31,75,75,75,46,0],"gold":36,"neow_bonus":"ONE_RARE_RELIC","is_prod":false,"is_daily":false,"chose_seed":false,"campfire_upgraded":9,"win_rate":0,"timestamp":1552114023,"path_taken":["M","?","M","?","?","E","M","R","T","?","M","R","$","M","R","BOSS","M","?","?","$","?","R","M","R","T","M","?","M","R","M","R","BOSS","M","?","$","?","$","R","?","R","T","R","?","?","?","?","R","BOSS","R","$","E","BOSS"],"build_version":"2019-01-23","purchased_purges":1,"victory":false,"max_hp_per_floor":[75,75,75,75,75,75,75,75,75,75,75,75,75,75,75,75,75,75,75,75,75,75,75,75,75,75,75,75,75,75,75,75,75,75,75,75,75,75,75,75,75,75,75,75,75,75,75,75,75,75,75,75,75,75,75],"card_choices":[{"not_picked":["Beam Cell","Barrage"],"picked":"Cold Snap","floor":1.0},{"not_picked":["Leap","Fission"],"picked":"Coolheaded","floor":3.0},{"not_picked":["Compile Driver","Melter"],"picked":"Coolheaded","floor":6.0},{"not_picked":["Steam","Tempest"],"picked":"Conserve Battery","floor":7.0},{"not_picked":["Conserve Battery","Redo"],"picked":"FTL","floor":10.0},{"not_picked":["Turbo","Rebound","Hyperbeam"],"picked":"SKIP","floor":11.0},{"not_picked":["Turbo","Rebound"],"picked":"Conserve Battery","floor":14.0},{"not_picked":["Amplify","Rainbow"],"picked":"Creative AI","floor":16.0},{"not_picked":["Genetic Algorithm","Barrage"],"picked":"Aggregate+1","floor":18.0},{"not_picked":["Storm","Doom and Gloom+1","Rip and Tear"],"picked":"SKIP","floor":24.0},{"not_picked":["Ball Lightning","Streamline","Force Field+1"],"picked":"SKIP","floor":27.0},{"not_picked":["Chaos","Go for the Eyes"],"picked":"Double Energy","floor":28.0},{"not_picked":["Beam Cell","Go for the Eyes"],"picked":"Defragment","floor":29.0},{"not_picked":["Steam","Beam Cell+1"],"picked":"Hologram+1","floor":31.0},{"not_picked":["Redo","Sweeping Beam+1"],"picked":"Stack","floor":35.0},{"not_picked":["Enlightenment","Panacea"],"picked":"Dark Shackles","floor":36.0},{"not_picked":["Secret Technique","Chrysalis"],"picked":"Dark Shackles","floor":36.0},{"not_picked":["Jack Of All Trades","Panacea"],"picked":"Purity","floor":36.0},{"not_picked":["Ball Lightning+1","Cold Snap"],"picked":"BootSequence","floor":46.0},{"not_picked":["Hologram","Gash","Steam+1"],"picked":"SKIP","floor":46.0},{"not_picked":["Multi-Cast","Streamline","Beam Cell+1"],"picked":"SKIP","floor":54.0}],"player_experience":1161373,"relics_obtained":[{"floor":6.0,"key":"Potion Belt"},{"floor":9.0,"key":"Letter Opener"},{"floor":10.0,"key":"Odd Mushroom"},{"floor":43.0,"key":"Prayer Wheel"},{"floor":45.0,"key":"The Courier"},{"floor":54.0,"key":"Art of War"}],"event_choices":[{"damage_healed":0.0,"max_hp_gain":0.0,"max_hp_loss":0.0,"gold_gain":175.0,"event_name":"Liars Game","player_choice":"AGREE","floor":2.0,"gold_loss":0.0,"damage_taken":0.0,"cards_obtained":["Doubt"]},{"damage_healed":0.0,"max_hp_gain":0.0,"max_hp_loss":0.0,"gold_gain":0.0,"event_name":"Scrap Ooze","player_choice":"Success","floor":4.0,"gold_loss":0.0,"damage_taken":18.0,"relics_obtained":["Thread and Needle"]},{"cards_removed":["Doubt"],"damage_healed":0.0,"max_hp_gain":0.0,"max_hp_loss":0.0,"gold_gain":0.0,"event_name":"Golden Wing","player_choice":"Card Removal","floor":5.0,"gold_loss":0.0,"damage_taken":7.0},{"damage_healed":0.0,"max_hp_gain":0.0,"max_hp_loss":0.0,"gold_gain":0.0,"event_name":"Mushrooms","player_choice":"Fought Mushrooms","floor":10.0,"gold_loss":0.0,"damage_taken":0.0},{"damage_healed":0.0,"max_hp_gain":0.0,"max_hp_loss":0.0,"gold_gain":0.0,"event_name":"Upgrade Shrine","player_choice":"Upgraded","floor":19.0,"gold_loss":0.0,"damage_taken":0.0,"cards_upgraded":["Creative AI"]},{"damage_healed":0.0,"max_hp_gain":0.0,"max_hp_loss":0.0,"gold_gain":0.0,"cards_transformed":["Strike_B","Strike_B"],"event_name":"Drug Dealer","player_choice":"Became Test Subject","floor":22.0,"gold_loss":0.0,"damage_taken":0.0,"cards_obtained":["Turbo","Barrage"]},{"damage_healed":0.0,"max_hp_gain":0.0,"max_hp_loss":0.0,"gold_gain":0.0,"event_name":"SensoryStone","player_choice":"Memory 3","floor":36.0,"gold_loss":0.0,"damage_taken":10.0},{"damage_healed":0.0,"max_hp_gain":0.0,"max_hp_loss":0.0,"gold_gain":0.0,"event_name":"Mysterious Sphere","player_choice":"Ignored","floor":38.0,"gold_loss":0.0,"damage_taken":0.0},{"cards_removed":["Gash"],"damage_healed":0.0,"max_hp_gain":0.0,"max_hp_loss":0.0,"gold_gain":0.0,"event_name":"Falling","player_choice":"Removed Attack","floor":47.0,"gold_loss":0.0,"damage_taken":0.0},{"damage_healed":0.0,"max_hp_gain":0.0,"max_hp_loss":0.0,"gold_gain":0.0,"event_name":"Winding Halls","player_choice":"Embrace Madness","floor":48.0,"gold_loss":0.0,"damage_taken":9.0,"cards_obtained":["Madness","Madness"]}],"is_beta":false,"boss_relics":[{"not_picked":["Eternal Feather","Orrery"],"picked":"Inserter"},{"not_picked":["Velvet Choker","White Beast Statue"],"picked":"Pandora\u0027s Box"}],"items_purged_floors":[13],"is_endless":false,"potions_floor_spawned":[1,10,18,31],"killed_by":"The Heart","ascension_level":0}