{"gold_per_floor":[110,24,37,37,37,37,78,108,155,173,216,240,276,329,329,428,428,442,460,460,485,509,509,543,561,561,561,611,611],"floor_reached":29,"playtime":1113,"items_purged":[],"score":601,"play_id":"e5b25d15-7796-4ab6-acd7-2bf6ca4c6f36","local_time":"20190312083630","is_ascension_mode":true,"campfire_choices":[{"data":"Melter","floor":6.0,"key":"SMITH"},{"floor":15.0,"key":"DIG"},{"data":"Double Energy","floor":23.0,"key":"SMITH"},{"floor":27.0,"key":"REST"}],"neow_cost":"NONE","seed_source_timestamp":0,"circlet_count":0,"master_deck":["AscendersBane","Strike_B","Strike_B","Strike_B","Strike_B","Defend_B","Defend_B","Defend_B","Defend_B","Zap","Dualcast+1","Melter+1","Capacitor+1","Glacier","Self Repair","Chill","Go for the Eyes","Creative AI","Coolheaded+1","Conserve Battery","Echo Form","Conserve Battery","Leap","Double Energy+1","Barrage","Defragment"],"special_seed":0,"relics":["Cracked Core","NeowsBlessing","Golden Idol","Shovel","Odd Mushroom","Ancient Tea Set","Pear","Letter Opener","Mango","Velvet Choker","War Paint","Shuriken"],"potions_floor_usage":[29],"damage_taken":[{"damage":0.0,"enemies":"Jaw Worm","floor":1.0,"turns":1.0},{"damage":0.0,"enemies":"Small Slimes","floor":3.0,"turns":1.0},{"damage":0.0,"enemies":"Lagavulin","floor":7.0,"turns":1.0},{"damage":13.0,"enemies":"The Mushroom Lair","floor":8.0,"turns":6.0},{"damage":2.0,"enemies":"Cultist","floor":10.0,"turns":4.0},{"damage":8.0,"enemies":"Gremlin Nob","floor":11.0,"turns":3.0},{"damage":8.0,"enemies":"2 Fungi Beasts","floor":12.0,"turns":4.0},{"damage":21.0,"enemies":"3 Sentries","floor":13.0,"turns":10.0},{"damage":46.0,"enemies":"The Guardian","floor":16.0,"turns":12.0},{"damage":21.0,"enemies":"3 Byrds","floor":18.0,"turns":7.0},{"damage":0.0,"enemies":"Spheric Guardian","floor":19.0,"turns":3.0},{"damage":16.0,"enemies":"Snake Plant","floor":21.0,"turns":6.0},{"damage":21.0,"enemies":"Sentry and Sphere","floor":22.0,"turns":4.0},{"damage":25.0,"enemies":"Book of Stabbing","floor":24.0,"turns":6.0},{"damage":12.0,"enemies":"Shelled Parasite and Fungi","floor":25.0,"turns":7.0},{"damage":58,"enemies":"Slavers","floor":29,"turns":3}],"seed_played":"56812903747693460","potions_obtained":[{"floor":1.0,"key":"LiquidBronze"},{"floor":8.0,"key":"SkillPotion"},{"floor":10.0,"key":"Fire Potion"},{"floor":11.0,"key":"SpeedPotion"},{"floor":20.0,"key":"Fruit Juice"},{"floor":20.0,"key":"SteroidPotion"},{"floor":21.0,"key":"Swift Potion"},{"floor":22.0,"key":"Energy Potion"},{"floor":24.0,"key":"FocusPotion"}],"is_trial":false,"path_per_floor":["M","$","M","?","?","R","E","?","T","M","E","M","E","?","R","B",null,"M","M","?","M","M","R","E","M","T","R","?","E"],"character_chosen":"DEFECT","items_purchased":["Capacitor"],"campfire_rested":1,"item_purchase_floors":[2],"current_hp_per_floor":[64,64,64,64,64,64,64,58,58,63,65,64,50,50,64,25,72,65,65,65,61,47,47,29,24,24,51,51,0],"gold":611,"neow_bonus":"THREE_ENEMY_KILL","is_prod":false,"is_daily":false,"chose_seed":false,"campfire_upgraded":2,"win_rate":0,"timestamp":1552376190,"path_taken":["M","$","M","?","?","R","E","?","T","M","E","M","E","?","R","BOSS","M","M","?","M","M","R","E","?","T","R","?","E"],"build_version":"2019-02-06","purchased_purges":0,"victory":false,"max_hp_per_floor":[71,71,71,71,64,64,64,64,64,64,74,74,74,74,88,88,88,88,88,88,93,93,93,93,93,93,93,93,93],"card_choices":[{"not_picked":["Aggregate","Stack"],"picked":"Melter","floor":1.0},{"not_picked":["Turbo","Coolheaded"],"picked":"Glacier","floor":3.0},{"not_picked":["Fusion","Streamline"],"picked":"Self Repair","floor":7.0},{"not_picked":["Steam","Capacitor"],"picked":"Chill","floor":8.0},{"not_picked":["Heatsinks","Rip and Tear"],"picked":"Go for the Eyes","floor":10.0},{"not_picked":["Auto Shields","Stack"],"picked":"Creative AI","floor":11.0},{"not_picked":["Stack","Sweeping Beam"],"picked":"Coolheaded","floor":12.0},{"not_picked":["Ball Lightning","Sweeping Beam"],"picked":"Conserve Battery","floor":13.0},{"not_picked":["Amplify","Hyperbeam"],"picked":"Echo Form","floor":16.0},{"not_picked":["Streamline","Compile Driver"],"picked":"Conserve Battery","floor":18.0},{"not_picked":["Barrage","Lockon"],"picked":"Leap","floor":19.0},{"not_picked":["Aggregate","FTL"],"picked":"Double Energy","floor":21.0},{"not_picked":["Ball Lightning","Steam"],"picked":"Barrage","floor":22.0},{"not_picked":["Fusion","All For One","Redo+1"],"picked":"SKIP","floor":24.0},{"not_picked":["Go for the Eyes","Hologram"],"picked":"Defragment","floor":25.0}],"player_experience":1006565,"relics_obtained":[{"floor":7.0,"key":"Shovel"},{"floor":8.0,"key":"Odd Mushroom"},{"floor":9.0,"key":"Ancient Tea Set"},{"floor":11.0,"key":"Pear"},{"floor":13.0,"key":"Letter Opener"},{"floor":15.0,"key":"Mango"},{"floor":24.0,"key":"War Paint"},{"floor":26.0,"key":"Shuriken"}],"event_choices":[{"damage_healed":0.0,"max_hp_gain":0.0,"max_hp_loss":0.0,"gold_gain":0.0,"event_name":"Living Wall","player_choice":"Grow","floor":4.0,"gold_loss":0.0,"damage_taken":0.0,"cards_upgraded":["Capacitor"]},{"damage_healed":0.0,"max_hp_gain":0.0,"max_hp_loss":7.0,"gold_gain":0.0,"event_name":"Golden Idol","player_choice":"Lose Max HP","floor":5.0,"gold_loss":0.0,"damage_taken":0.0,"relics_obtained":["Golden Idol"]},{"damage_healed":0.0,"max_hp_gain":0.0,"max_hp_loss":0.0,"gold_gain":0.0,"event_name":"Mushrooms","player_choice":"Fought Mushrooms","floor":8.0,"gold_loss":0.0,"damage_taken":0.0},{"damage_healed":0.0,"max_hp_gain":0.0,"max_hp_loss":0.0,"gold_gain":53.0,"event_name":"Golden Wing","player_choice":"Gained Gold","floor":14.0,"gold_loss":0.0,"damage_taken":0.0},{"damage_healed":0.0,"max_hp_gain":0.0,"max_hp_loss":0.0,"gold_gain":0.0,"event_name":"Lab","player_choice":"Got Potions","floor":20.0,"gold_loss":0.0,"damage_taken":0.0},{"damage_healed":0.0,"max_hp_gain":0.0,"max_hp_loss":0.0,"gold_gain":50.0,"event_name":"Nest","player_choice":"Stole From Cult","floor":28.0,"gold_loss":0.0,"damage_taken":0.0}],"is_beta":true,"boss_relics":[{"not_picked":["Pandora\u0027s Box","Calling Bell"],"picked":"Velvet Choker"}],"items_purged_floors":[],"is_endless":false,"potions_floor_spawned":[1,8,10,11,21,22,24],"killed_by":"Slavers","ascension_level":20}