{"gold_per_floor":[114,124,140,42,54,54,87,113,125,154,183,206,247,278,290,402,414,415,439,451,463,377,377,377,393,393,393,404,418,433,445,445,445],"floor_reached":33,"playtime":6191,"items_purged":["Shame"],"score":317,"play_id":"29ff3ba5-4606-41e6-a2b3-471b982e95fc","local_time":"20190307015303","is_ascension_mode":false,"campfire_choices":[{"data":"Armaments","floor":6,"key":"SMITH"},{"floor":15,"key":"REST"},{"data":"Clash","floor":23,"key":"SMITH"},{"data":"Trip","floor":27,"key":"SMITH"},{"floor":32,"key":"REST"}],"neow_cost":"CURSE","seed_source_timestamp":49559497550107,"circlet_count":0,"master_deck":["Strike_R","Strike_R","Strike_R","Strike_R","Strike_R","Defend_R","Defend_R","Defend_R","Defend_R","Bash","Armaments+1","Intimidate","Thunderclap","Pommel Strike","Perfected Strike","Clash","Intimidate","Clash+1","Twin Strike","Dropkick","Thunderclap","Feed","Pommel Strike","Sword Boomerang","Trip+1","Ghostly Armor","Cleave","Sever Soul","Feed"],"relics":["Burning Blood","MawBank","Champion Belt","FossilizedHelix","Eternal Feather","MutagenicStrength","Matryoshka"],"potions_floor_usage":[11,12,19,25,30,31],"damage_taken":[{"damage":12,"enemies":"Cultist","floor":1,"turns":5},{"damage":10,"enemies":"2 Louse","floor":2,"turns":4},{"damage":5,"enemies":"Jaw Worm","floor":3,"turns":5},{"damage":14,"enemies":"Gremlin Gang","floor":5,"turns":6},{"damage":29,"enemies":"Gremlin Nob","floor":7,"turns":5},{"damage":9,"enemies":"Blue Slaver","floor":8,"turns":3},{"damage":3,"enemies":"Lots of Slimes","floor":10,"turns":3},{"damage":8,"enemies":"Exordium Thugs","floor":11,"turns":3},{"damage":0,"enemies":"3 Louse","floor":12,"turns":3},{"damage":18,"enemies":"Lagavulin","floor":13,"turns":7},{"damage":0,"enemies":"Looter","floor":14,"turns":2},{"damage":39,"enemies":"The Guardian","floor":16,"turns":12},{"damage":2,"enemies":"2 Thieves","floor":18,"turns":4},{"damage":7,"enemies":"Shell Parasite","floor":19,"turns":5},{"damage":15,"enemies":"Centurion and Healer","floor":25,"turns":3},{"damage":0,"enemies":"Snake Plant","floor":28,"turns":2},{"damage":0,"enemies":"Shelled Parasite and Fungi","floor":29,"turns":4},{"damage":14,"enemies":"Sentry and Sphere","floor":30,"turns":4},{"damage":27,"enemies":"Centurion and Healer","floor":31,"turns":5},{"damage":126,"enemies":"Collector","floor":33,"turns":12}],"seed_played":"-3472814099401850960","potions_obtained":[{"floor":3,"key":"SpeedPotion"},{"floor":7,"key":"EssenceOfSteel"},{"floor":8,"key":"Swift Potion"},{"floor":11,"key":"BloodPotion"},{"floor":29,"key":"Swift Potion"},{"floor":30,"key":"SkillPotion"}],"is_trial":false,"path_per_floor":["M","?","?","?","M"],"character_chosen":"IRONCLAD","items_purchased":["Pommel Strike","Trip"],"campfire_rested":2,"item_purchase_floors":[4,22],"current_hp_per_floor":[90,86,87,87,79,79,56,53,53,56,54,69,57,63,91,58,96,99,98,98,98,98,99,79,70,70,85,94,103,98,77,113,0],"gold":445,"neow_bonus":"TWENTY_PERCENT_HP_BONUS","is_prod":false,"is_daily":false,"chose_seed":false,"campfire_upgraded":3,"win_rate":0.0,"timestamp":1551919983,"path_taken":["M","M","M","$","M","R","E","M","T","M","M","?","E","M","R","BOSS","M","M","?","?","$","R","?","M","T","R","M","?","M","M","R","BOSS"],"build_version":"2019-01-23","purchased_purges":1,"victory":false,"max_hp_per_floor":[96,96,96,96,96,96,96,96,96,96,96,96,96,96,96,96,96,99,99,99,99,99,99,104,104,104,104,107,110,113,113,113,113],"card_choices":[{"not_picked":["Perfected Strike","Corruption"],"picked":"Armaments","floor":1},{"not_picked":["Body Slam","True Grit"],"picked":"Intimidate","floor":2},{"not_picked":["Intimidate","Sword Boomerang"],"picked":"Thunderclap","floor":3},{"not_picked":["Intimidate","Twin Strike"],"picked":"Perfected Strike","floor":5},{"not_picked":["Brutality","Corruption"],"picked":"Clash","floor":7},{"not_picked":["Shrug It Off","Feel No Pain"],"picked":"Intimidate","floor":8},{"not_picked":["Heavy Blade","Hemokinesis"],"picked":"Warcry","floor":10},{"not_picked":["Burning Pact","Entrench"],"picked":"Clash","floor":11},{"not_picked":["Body Slam","Anger"],"picked":"Twin Strike","floor":12},{"not_picked":["Brutality","Sword Boomerang"],"picked":"Dropkick","floor":13},{"not_picked":["Clothesline","Rampage"],"picked":"Thunderclap","floor":14},{"not_picked":["Double Tap","Bludgeon"],"picked":"Feed","floor":16},{"not_picked":["True Grit+1","Heavy Blade"],"picked":"Pommel Strike","floor":18},{"not_picked":["Heavy Blade","Disarm"],"picked":"Sword Boomerang","floor":19},{"not_picked":["Disarm","Burning Pact","Thunderclap"],"picked":"SKIP","floor":25},{"not_picked":["Feel No Pain","Shrug It Off"],"picked":"Ghostly Armor","floor":28},{"not_picked":["Iron Wave","Body Slam"],"picked":"Cleave","floor":29},{"not_picked":["Dropkick+1","Uppercut"],"picked":"Sever Soul","floor":30},{"not_picked":["Pummel+1","Sword Boomerang+1"],"picked":"Feed","floor":31}],"player_experience":25990,"relics_obtained":[{"floor":7,"key":"MawBank"},{"floor":9,"key":"Champion Belt"},{"floor":13,"key":"FossilizedHelix"},{"floor":26,"key":"Matryoshka"}],"event_choices":[{"damage_healed":0,"gold_gain":0,"player_choice":"Inject Mutagens","damage_taken":0,"relics_obtained":["MutagenicStrength"],"max_hp_gain":0,"max_hp_loss":0,"event_name":"Drug Dealer","floor":20,"gold_loss":0},{"cards_removed":["Warcry"],"damage_healed":0,"gold_gain":0,"player_choice":"Elegance","damage_taken":0,"max_hp_gain":0,"max_hp_loss":0,"event_name":"Back to Basics","floor":21,"gold_loss":0},{"damage_healed":0,"gold_gain":0,"player_choice":"Shed Blood","damage_taken":25,"max_hp_gain":5,"max_hp_loss":0,"event_name":"Forgotten Altar","floor":24,"gold_loss":0}],"is_beta":false,"boss_relics":[{"not_picked":["Runic Pyramid","Runic Dome"],"picked":"Eternal Feather"}],"items_purged_floors":[4],"is_endless":false,"potions_floor_spawned":[3,7,8,11,29,30],"killed_by":"Collector","ascension_level":0}