{"gold_per_floor":[118,137,137,14,34,34,47,47,47,47,1,17,31,48,48,149,149,161,174,174,99,99,99,99,99,99,111,123,135],"floor_reached":29,"playtime":1187,"items_purged":["Strike_R"],"score":234,"play_id":"1b4fc489-825a-49d4-8512-e564f1625019","local_time":"20190313210133","is_ascension_mode":true,"campfire_choices":[{"data":"Armaments","floor":6.0,"key":"SMITH"},{"data":"Searing Blow","floor":8.0,"key":"SMITH"},{"data":"Searing Blow+1","floor":10.0,"key":"SMITH"},{"data":"Searing Blow+2","floor":15.0,"key":"SMITH"},{"data":"Searing Blow+3","floor":23,"key":"SMITH"},{"data":"Searing Blow+4","floor":25,"key":"SMITH"},{"data":"Searing Blow+5","floor":27,"key":"SMITH"}],"neow_cost":"NONE","seed_source_timestamp":0,"circlet_count":0,"master_deck":["Strike_R","Strike_R","Strike_R","Defend_R","Defend_R","Defend_R","Defend_R","Bash","Exhume","Pommel Strike","Searing Blow+6","Armaments+1","Impervious","True Grit+1","Shrug It Off+1","Limit Break+1","Flex+1","Dual Wield+1","Writhe","Feel No Pain"],"special_seed":0,"relics":["Burning Blood","Toxic Egg 2","Sozu","MutagenicStrength","Singing Bowl","MawBank"],"potions_floor_usage":[29],"damage_taken":[{"damage":6.0,"enemies":"Cultist","floor":1.0,"turns":4.0},{"damage":10.0,"enemies":"Small Slimes","floor":2.0,"turns":4.0},{"damage":4.0,"enemies":"Jaw Worm","floor":5.0,"turns":4.0},{"damage":14.0,"enemies":"Blue Slaver","floor":7.0,"turns":6.0},{"damage":2.0,"enemies":"2 Fungi Beasts","floor":12.0,"turns":4.0},{"damage":17.0,"enemies":"Gremlin Gang","floor":13.0,"turns":6.0},{"damage":23.0,"enemies":"Exordium Wildlife","floor":14.0,"turns":6.0},{"damage":40.0,"enemies":"The Guardian","floor":16.0,"turns":13.0},{"damage":29.0,"enemies":"3 Byrds","floor":18.0,"turns":7.0},{"damage":1,"enemies":"Spheric Guardian","floor":19,"turns":4},{"damage":48,"enemies":"Gremlin Leader","floor":29,"turns":6}],"seed_played":"-931102932014070373","potions_obtained":[{"floor":5.0,"key":"Explosive Potion"},{"floor":13.0,"key":"Strength Potion"},{"floor":14.0,"key":"Weak Potion"}],"is_trial":false,"path_per_floor":["M","M","?","$","M","R","M","R","T","R","$","M","M","M","R","B",null,"M","M","?","$","?","R","?","R","T","R","$","E"],"character_chosen":"IRONCLAD","items_purchased":["Armaments","True Grit+1","Dual Wield+1"],"campfire_rested":0,"item_purchase_floors":[4,11,21],"current_hp_per_floor":[80,76,81,81,83,83,75,75,75,75,75,79,68,51,51,17,85,62,67,67,67,67,67,67,67,67,67,67,19],"gold":135,"neow_bonus":"ONE_RANDOM_RARE_CARD","is_prod":false,"is_daily":false,"chose_seed":false,"campfire_upgraded":7,"win_rate":0,"timestamp":1552525293,"path_taken":["M","?","?","$","M","R","M","R","T","R","$","M","M","M","R","BOSS","M","M","?","$","?","R","?","R","T","R","$","E"],"build_version":"2019-01-23","purchased_purges":1,"victory":false,"max_hp_per_floor":[80,80,85,85,85,85,85,85,85,85,85,85,85,85,85,85,85,85,85,85,85,85,85,85,85,85,85,85,85],"card_choices":[{"not_picked":["Headbutt","Anger"],"picked":"Pommel Strike","floor":1.0},{"not_picked":["Flex","Sword Boomerang"],"picked":"Searing Blow","floor":2.0},{"not_picked":["Pommel Strike","Rage","Sword Boomerang"],"picked":"SKIP","floor":5.0},{"not_picked":["Thunderclap","Anger"],"picked":"Impervious","floor":7.0},{"not_picked":["Thunderclap","Sever Soul","Burning Pact+1"],"picked":"SKIP","floor":12.0},{"not_picked":["Sword Boomerang","Clash"],"picked":"Shrug It Off+1","floor":13.0},{"not_picked":["Anger","Rage+1","Rupture"],"picked":"SKIP","floor":14.0},{"not_picked":["Immolate","Brutality"],"picked":"Limit Break+1","floor":16.0},{"not_picked":["Hemokinesis","Cleave","Evolve+1"],"picked":"SKIP","floor":18.0},{"not_picked":["Second Wind+1","Iron Wave"],"picked":"Flex+1","floor":19}],"player_experience":1232966,"relics_obtained":[{"floor":9.0,"key":"Toxic Egg 2"},{"floor":26,"key":"MawBank"}],"event_choices":[{"damage_healed":0.0,"max_hp_gain":5.0,"max_hp_loss":0.0,"gold_gain":0.0,"event_name":"Big Fish","player_choice":"Donut","floor":3.0,"gold_loss":0.0,"damage_taken":0.0},{"damage_healed":0,"gold_gain":0,"player_choice":"Inject Mutagens","damage_taken":0,"relics_obtained":["MutagenicStrength"],"max_hp_gain":0,"max_hp_loss":0,"event_name":"Drug Dealer","floor":20,"gold_loss":0},{"damage_healed":0,"gold_gain":0,"player_choice":"Opened","damage_taken":0,"relics_obtained":["Singing Bowl"],"max_hp_gain":0,"max_hp_loss":0,"event_name":"The Mausoleum","floor":22,"gold_loss":0,"cards_obtained":["Writhe"]},{"damage_healed":0,"gold_gain":0,"cards_transformed":["Strike_R"],"player_choice":"Transformed","damage_taken":0,"max_hp_gain":0,"max_hp_loss":0,"event_name":"Transmorgrifier","floor":24,"gold_loss":0,"cards_obtained":["Feel No Pain"]}],"is_beta":false,"boss_relics":[{"not_picked":["Mark of Pain","Lizard Tail"],"picked":"Sozu"}],"items_purged_floors":[4],"is_endless":false,"potions_floor_spawned":[5,13,14],"killed_by":"Gremlin Leader","ascension_level":2}