{"gold_per_floor":[109,128,45,120,120,120,152,23,49,81,97,109,109],"floor_reached":13,"playtime":251,"items_purged":["Defend_B"],"score":236,"play_id":"babb3747-169b-46b0-8804-2a51bb223230","local_time":"20190314015156","is_ascension_mode":true,"campfire_choices":[{"data":"Zap","floor":6,"key":"SMITH"}],"neow_cost":"NONE","seed_source_timestamp":41717449360474,"circlet_count":0,"master_deck":["AscendersBane","Strike_B","Strike_B","Strike_B","Strike_B","Defend_B","Defend_B","Defend_B","Zap+1","Dualcast","Storm","Core Surge+1","Conserve Battery","Conserve Battery","Conserve Battery","Gash","Capacitor"],"relics":["Cracked Core","NeowsBlessing","Ancient Tea Set","Regal Pillow","Bottled Tornado"],"potions_floor_usage":[10],"damage_taken":[{"damage":0,"enemies":"Cultist","floor":1,"turns":1},{"damage":0,"enemies":"2 Louse","floor":2,"turns":1},{"damage":0,"enemies":"Gremlin Nob","floor":7,"turns":1},{"damage":25,"enemies":"Lagavulin","floor":10,"turns":7},{"damage":14,"enemies":"Small Slimes","floor":11,"turns":3},{"damage":0,"enemies":"Exordium Wildlife","floor":12,"turns":3},{"damage":0,"enemies":"3 Sentries","floor":13,"turns":1}],"seed_played":"-7505943583480255158","potions_obtained":[{"floor":1,"key":"Swift Potion"},{"floor":2,"key":"SkillPotion"},{"floor":7,"key":"Energy Potion"}],"is_trial":false,"path_per_floor":["M","M","$","?","?","R","E","$","T","E","M","M","E"],"character_chosen":"DEFECT","items_purchased":["Core Surge","Conserve Battery"],"campfire_rested":0,"item_purchase_floors":[3,8],"current_hp_per_floor":[64,64,64,53,53,53,53,53,53,28,14,14,14],"gold":109,"neow_bonus":"THREE_ENEMY_KILL","is_prod":false,"is_daily":false,"chose_seed":false,"campfire_upgraded":1,"win_rate":0,"timestamp":1552524716,"path_taken":["M","M","?","?","?","R","E","$","T","E","M","?","E"],"build_version":"2019-02-06","purchased_purges":1,"victory":false,"max_hp_per_floor":[71,71,71,71,71,71,71,71,71,71,71,71,71],"card_choices":[{"not_picked":["Lockon","Hologram","Force Field"],"picked":"SKIP","floor":1},{"not_picked":["Hello World","Compile Driver"],"picked":"Storm","floor":2},{"not_picked":["Lockon","Leap"],"picked":"Conserve Battery","floor":7},{"not_picked":["Aggregate","Reprogram"],"picked":"Conserve Battery","floor":10},{"not_picked":["Barrage","Consume"],"picked":"Gash","floor":11},{"not_picked":["Redo","Ball Lightning"],"picked":"Capacitor","floor":12}],"player_experience":1026330,"relics_obtained":[{"floor":7,"key":"Ancient Tea Set"},{"floor":9,"key":"Regal Pillow"},{"floor":10,"key":"Bottled Tornado"}],"event_choices":[{"damage_healed":0,"gold_gain":75,"player_choice":"Gather Gold","damage_taken":11,"max_hp_gain":0,"max_hp_loss":0,"event_name":"World of Goop","floor":4,"gold_loss":0},{"damage_healed":0,"gold_gain":0,"player_choice":"Upgraded","damage_taken":0,"max_hp_gain":0,"max_hp_loss":0,"event_name":"Upgrade Shrine","floor":5,"gold_loss":0,"cards_upgraded":["Core Surge"]}],"is_beta":true,"boss_relics":[],"items_purged_floors":[8],"is_endless":false,"potions_floor_spawned":[1,2,7],"killed_by":"3 Sentries","ascension_level":20}