{"gold_per_floor":[11,11,11,22,22,22,54,64,64,94,104,116,127,144,144,144],"floor_reached":16,"playtime":752,"items_purged":[],"score":228,"play_id":"c5690c36-bb45-46a4-a693-508c10707af9","local_time":"20190312085014","is_ascension_mode":true,"campfire_choices":[{"data":"Go for the Eyes","floor":6.0,"key":"SMITH"},{"data":"Beam Cell","floor":15,"key":"SMITH"}],"neow_cost":"NO_GOLD","seed_source_timestamp":1270100622613,"circlet_count":0,"master_deck":["AscendersBane","Strike_B","Defend_B","Defend_B","Defend_B","Defend_B","Zap","Dualcast","Beam Cell+1","Coolheaded","Compile Driver","Go for the Eyes+1","Leap","Cold Snap","Leap","Core Surge","Conserve Battery","Sweeping Beam"],"special_seed":0,"relics":["Cracked Core","Mummified Hand","Smiling Mask","Ornamental Fan","Vajra"],"potions_floor_usage":[16],"damage_taken":[{"damage":3.0,"enemies":"Jaw Worm","floor":1.0,"turns":6.0},{"damage":4.0,"enemies":"2 Louse","floor":4.0,"turns":3.0},{"damage":28.0,"enemies":"3 Sentries","floor":7.0,"turns":12.0},{"damage":0.0,"enemies":"Cultist","floor":8.0,"turns":4.0},{"damage":7.0,"enemies":"Lagavulin","floor":10.0,"turns":10.0},{"damage":0.0,"enemies":"2 Fungi Beasts","floor":11.0,"turns":4.0},{"damage":0.0,"enemies":"Exordium Thugs","floor":12.0,"turns":3.0},{"damage":1,"enemies":"Blue Slaver","floor":13,"turns":4},{"damage":0,"enemies":"Looter","floor":14,"turns":3},{"damage":6,"enemies":"Slime Boss","floor":16,"turns":5}],"seed_played":"3781835014798146121","potions_obtained":[{"floor":1.0,"key":"Swift Potion"},{"floor":8.0,"key":"Explosive Potion"},{"floor":10.0,"key":"AttackPotion"},{"floor":14,"key":"Fire Potion"}],"is_trial":false,"path_per_floor":["M","?","?","M","T","R","E","M","T","E","M","M","M","M","R","B"],"character_chosen":"DEFECT","items_purchased":[],"campfire_rested":0,"item_purchase_floors":[],"current_hp_per_floor":[61,54,59,55,55,55,27,27,27,20,20,20,19,19,19,13],"gold":144,"neow_bonus":"TRANSFORM_TWO_CARDS","is_prod":false,"is_daily":false,"chose_seed":false,"campfire_upgraded":2,"win_rate":0,"timestamp":1552377014,"path_taken":["M","?","?","M","?","R","E","M","T","E","?","M","M","M","R","BOSS"],"build_version":"2019-02-06","purchased_purges":0,"victory":false,"max_hp_per_floor":[71,71,76,76,76,76,76,76,76,76,76,76,76,76,76,76],"card_choices":[{"not_picked":["Fusion","Redo"],"picked":"Compile Driver","floor":1.0},{"not_picked":["Compile Driver","Steam"],"picked":"Go for the Eyes","floor":4.0},{"not_picked":["Rip and Tear","Beam Cell"],"picked":"Leap","floor":7.0},{"not_picked":["Gash","Streamline"],"picked":"Cold Snap","floor":8.0},{"not_picked":["Coolheaded","Double Energy"],"picked":"Leap","floor":10.0},{"not_picked":["Coolheaded","Cold Snap","Sweeping Beam"],"picked":"SKIP","floor":11.0},{"not_picked":["Capacitor","Redo"],"picked":"Core Surge","floor":12.0},{"not_picked":["Sweeping Beam","Hologram"],"picked":"Conserve Battery","floor":13},{"not_picked":["Go for the Eyes","Beam Cell"],"picked":"Sweeping Beam","floor":14}],"player_experience":1007678,"relics_obtained":[{"floor":5.0,"key":"Mummified Hand"},{"floor":7.0,"key":"Smiling Mask"},{"floor":9.0,"key":"Ornamental Fan"},{"floor":10.0,"key":"Vajra"}],"event_choices":[{"cards_removed":["Strike_B"],"damage_healed":0.0,"max_hp_gain":0.0,"max_hp_loss":0.0,"gold_gain":0.0,"event_name":"Golden Wing","player_choice":"Card Removal","floor":2.0,"gold_loss":0.0,"damage_taken":7.0},{"damage_healed":0.0,"max_hp_gain":5.0,"max_hp_loss":0.0,"gold_gain":0.0,"event_name":"Big Fish","player_choice":"Donut","floor":3.0,"gold_loss":0.0,"damage_taken":0.0}],"is_beta":true,"boss_relics":[],"items_purged_floors":[],"is_endless":false,"potions_floor_spawned":[1,8,10,14],"killed_by":"Slime Boss","ascension_level":20}