{"gold_per_floor":[117,134,144,319,269,269,332,332,332,332,358,358,372,372,372,468,468,486,486,497,2,101,101,101],"floor_reached":24,"playtime":1005,"items_purged":["Strike_R+1"],"score":315,"play_id":"d0dddf15-3ade-40d3-8639-633138c17103","local_time":"20190123122618","is_ascension_mode":true,"campfire_choices":[{"data":"Body Slam","floor":6.0,"key":"SMITH"},{"floor":8.0,"key":"REST"},{"floor":10.0,"key":"REST"},{"floor":12.0,"key":"REST"},{"data":"Barricade","floor":15.0,"key":"SMITH"},{"floor":23.0,"key":"REST"}],"neow_cost":"NONE","seed_source_timestamp":0,"circlet_count":0,"master_deck":["Strike_R+1","Strike_R+1","Strike_R+1","Defend_R+1","Defend_R+1","Defend_R+1","Defend_R+1","Bash","Body Slam+1","Entrench","Doubt","Body Slam","Barricade+1","Intimidate","Feed","Warcry+1","Metallicize","Disarm"],"special_seed":0,"relics":["Burning Blood","Lantern","Bag of Marbles","Kunai","Potion Belt","Snecko Eye","Self Forming Clay"],"potions_floor_usage":[],"damage_taken":[{"damage":9.0,"enemies":"Jaw Worm","floor":1.0,"turns":5.0},{"damage":7.0,"enemies":"Small Slimes","floor":2.0,"turns":4.0},{"damage":3.0,"enemies":"2 Louse","floor":3.0,"turns":4.0},{"damage":60.0,"enemies":"3 Sentries","floor":7.0,"turns":16.0},{"damage":56.0,"enemies":"Gremlin Nob","floor":11.0,"turns":5.0},{"damage":30.0,"enemies":"Large Slime","floor":13.0,"turns":9.0},{"damage":0.0,"enemies":"Hexaghost","floor":16.0,"turns":11.0},{"damage":54.0,"enemies":"Spheric Guardian","floor":18.0,"turns":7.0},{"damage":13.0,"enemies":"3 Byrds","floor":20.0,"turns":7.0},{"damage":0,"enemies":"Gremlin Leader","floor":24,"turns":1}],"seed_played":"5961177501615838371","potions_obtained":[{"floor":1.0,"key":"Energy Potion"},{"floor":2.0,"key":"BloodPotion"},{"floor":7.0,"key":"Ancient Potion"}],"is_trial":false,"path_per_floor":["M","M","M","?","?","R","?","R","T","R","E","R","M","?","R","B",null,"M","?","M","$","?","R","E"],"character_chosen":"IRONCLAD","items_purchased":["Metallicize","Disarm","Self Forming Clay"],"campfire_rested":4,"item_purchase_floors":[21,21,21],"current_hp_per_floor":[69,68,71,71,71,71,17,41,41,65,15,39,23,23,23,29,67,19,19,15,15,15,39,39],"gold":101,"neow_bonus":"RANDOM_COMMON_RELIC","is_prod":false,"is_daily":false,"chose_seed":false,"campfire_upgraded":2,"win_rate":0,"timestamp":1548264378,"path_taken":["M","M","M","?","?","R","?","R","T","R","E","R","M","?","R","BOSS","M","?","M","$","?","R","E"],"build_version":"2019-01-03v4","purchased_purges":1,"victory":false,"max_hp_per_floor":[80,80,80,80,80,80,80,80,80,80,80,80,80,80,80,80,80,80,80,83,83,83,83,83],"card_choices":[{"not_picked":["Pummel","Cleave"],"picked":"Body Slam","floor":1.0},{"not_picked":["Dual Wield","Ghostly Armor"],"picked":"Entrench","floor":2.0},{"not_picked":["Warcry","Sever Soul","Clash"],"picked":"SKIP","floor":3.0},{"not_picked":["Shockwave","Wild Strike"],"picked":"Body Slam","floor":7.0},{"not_picked":["Demon Form","Sword Boomerang"],"picked":"Barricade","floor":11.0},{"not_picked":["Flex","Seeing Red"],"picked":"Intimidate","floor":13.0},{"not_picked":["Bludgeon","Limit Break"],"picked":"Feed","floor":16.0},{"not_picked":["Heavy Blade","Anger"],"picked":"Warcry+1","floor":18.0},{"not_picked":["Carnage","Sword Boomerang","Heavy Blade+1"],"picked":"SKIP","floor":20.0}],"player_experience":369800,"relics_obtained":[{"floor":7.0,"key":"Bag of Marbles"},{"floor":9.0,"key":"Kunai"},{"floor":11.0,"key":"Potion Belt"}],"event_choices":[{"damage_healed":0.0,"max_hp_gain":0.0,"max_hp_loss":0.0,"gold_gain":175.0,"event_name":"Liars Game","player_choice":"AGREE","floor":4.0,"gold_loss":0.0,"damage_taken":0.0,"cards_obtained":["Doubt"]},{"cards_removed":["Strike_R"],"damage_healed":0.0,"max_hp_gain":0.0,"max_hp_loss":0.0,"gold_gain":0.0,"event_name":"The Cleric","player_choice":"Card Removal","floor":5.0,"gold_loss":50.0,"damage_taken":0.0},{"damage_healed":0.0,"max_hp_gain":0.0,"max_hp_loss":0.0,"gold_gain":0.0,"event_name":"Dead Adventurer","player_choice":"Searched \u00272\u0027 times","floor":7.0,"gold_loss":0.0,"damage_taken":0.0},{"damage_healed":0.0,"max_hp_gain":0.0,"max_hp_loss":0.0,"gold_gain":0.0,"event_name":"Golden Idol","player_choice":"Ignored","floor":14.0,"gold_loss":0.0,"damage_taken":0.0},{"damage_healed":0.0,"max_hp_gain":0.0,"max_hp_loss":0.0,"gold_gain":0.0,"event_name":"Back to Basics","player_choice":"Simplicity","floor":19.0,"gold_loss":0.0,"damage_taken":0.0,"cards_upgraded":["Strike_R","Strike_R","Strike_R","Strike_R","Defend_R","Defend_R","Defend_R","Defend_R"]},{"damage_healed":0.0,"max_hp_gain":0.0,"max_hp_loss":0.0,"gold_gain":99.0,"event_name":"Nest","player_choice":"Stole From Cult","floor":22.0,"gold_loss":0.0,"damage_taken":0.0}],"is_beta":false,"boss_relics":[{"not_picked":["Lizard Tail","Velvet Choker"],"picked":"Snecko Eye"}],"items_purged_floors":[21],"is_endless":false,"potions_floor_spawned":[1,2,7],"killed_by":"Gremlin Leader","ascension_level":6}