{"gold_per_floor":[112,112,130,205,218,218,231,248,271,271,49,79,79,94,94,94],"floor_reached":16,"playtime":431,"items_purged":["Bash"],"score":102,"play_id":"6bc74852-b2e1-4353-9382-1a5bdfd64e0a","local_time":"20190223003821","is_ascension_mode":false,"campfire_choices":[{"data":"Flex","floor":6,"key":"SMITH"},{"floor":10,"key":"REST"},{"floor":13,"key":"REST"},{"floor":15,"key":"REST"}],"neow_cost":"NONE","seed_source_timestamp":560650284264266,"circlet_count":0,"master_deck":["Strike_R","Strike_R","Strike_R","Strike_R","Strike_R","Defend_R","Defend_R","Defend_R","Defend_R","Regret","Flex+1","Flex","Flex"],"relics":["Burning Blood","Anchor","Pen Nib","Juzu Bracelet","Bronze Scales","Blood Vial"],"potions_floor_usage":[16,16],"damage_taken":[{"damage":13,"enemies":"Cultist","floor":1,"turns":5},{"damage":11,"enemies":"Small Slimes","floor":3,"turns":4},{"damage":2,"enemies":"2 Louse","floor":5,"turns":2},{"damage":23,"enemies":"Gremlin Gang","floor":7,"turns":8},{"damage":9,"enemies":"Blue Slaver","floor":8,"turns":3},{"damage":45,"enemies":"Lagavulin","floor":12,"turns":8},{"damage":4,"enemies":"Large Slime","floor":14,"turns":5},{"damage":86,"enemies":"Hexaghost","floor":16,"turns":11}],"seed_played":"-6610605819578057127","potions_obtained":[{"floor":7,"key":"Block Potion"},{"floor":8,"key":"Swift Potion"},{"floor":12,"key":"SpeedPotion"}],"is_trial":false,"path_per_floor":["M","?","M","?","M","R","M","M","T","R","$","E","R","M","R","B"],"character_chosen":"IRONCLAD","items_purchased":["Bronze Scales"],"campfire_rested":3,"item_purchase_floors":[11],"current_hp_per_floor":[73,73,68,57,61,61,44,41,41,65,65,26,50,54,78,0],"gold":94,"neow_bonus":"RANDOM_COMMON_RELIC","is_prod":false,"is_daily":false,"chose_seed":false,"campfire_upgraded":1,"win_rate":0.0,"timestamp":1550911101,"path_taken":["M","?","M","?","M","R","M","M","T","R","$","E","R","M","R","BOSS"],"build_version":"2019-01-23","purchased_purges":1,"victory":false,"max_hp_per_floor":[80,80,80,80,80,80,80,80,80,80,80,80,80,80,80,80],"card_choices":[{"not_picked":["Armaments","Body Slam","Headbutt"],"picked":"SKIP","floor":1},{"not_picked":["Evolve","Blood for Blood","Headbutt"],"picked":"SKIP","floor":3},{"not_picked":["Heavy Blade","Battle Trance"],"picked":"Flex","floor":5},{"not_picked":["Twin Strike","Bloodletting","Cleave"],"picked":"SKIP","floor":7},{"not_picked":["Clash","Shrug It Off"],"picked":"Flex","floor":8},{"not_picked":["Pummel","Warcry","Offering"],"picked":"SKIP","floor":12},{"not_picked":["Shrug It Off","True Grit"],"picked":"Flex","floor":14}],"player_experience":9137,"relics_obtained":[{"floor":9,"key":"Juzu Bracelet"},{"floor":12,"key":"Blood Vial"}],"event_choices":[{"damage_healed":0,"gold_gain":0,"player_choice":"Box","damage_taken":0,"relics_obtained":["Pen Nib"],"max_hp_gain":0,"max_hp_loss":0,"event_name":"Big Fish","floor":2,"gold_loss":0,"cards_obtained":["Regret"]},{"damage_healed":0,"gold_gain":75,"player_choice":"Gather Gold","damage_taken":11,"max_hp_gain":0,"max_hp_loss":0,"event_name":"World of Goop","floor":4,"gold_loss":0}],"is_beta":false,"boss_relics":[],"items_purged_floors":[11],"is_endless":false,"potions_floor_spawned":[7,8,12],"killed_by":"Hexaghost","ascension_level":0}