{"gold_per_floor":[109,109,109,34,52,86,86,86,112,112,146,164,194,208,208,287,287,246,246,260,295,59,93,93,107,134,149,149,149,176,189,189,261,261,278,278,278,198,198,223,223,238,238,270,284,319,335,347,347,347,347,347,347,27,61,61],"floor_reached":56,"playtime":3296,"items_purged":["Regret","Normality"],"score":2511,"play_id":"6b6dcfc2-a6b9-4636-974a-470ecb8ce80a","local_time":"20190304034511","is_ascension_mode":true,"campfire_choices":[{"data":"Defragment","floor":7.0,"key":"SMITH"},{"data":"Capacitor","floor":15.0,"key":"SMITH"},{"data":"Buffer","floor":24.0,"key":"SMITH"},{"data":"Chill","floor":28.0,"key":"SMITH"},{"floor":32.0,"key":"RECALL"},{"data":"Fission","floor":41.0,"key":"SMITH"},{"data":"Biased Cognition","floor":49.0,"key":"SMITH"},{"data":"Electrodynamics","floor":53.0,"key":"SMITH"}],"neow_cost":"NONE","seed_source_timestamp":45245975276233,"circlet_count":0,"master_deck":["AscendersBane","Strike_B","Strike_B+1","Strike_B+1","Defend_B","Defend_B+1","Defend_B+1","Defend_B+1","Zap","Dualcast","FTL","Cold Snap","Defragment+1","Glacier","Chill+1","Capacitor+1","Buffer+1","Ball Lightning","Biased Cognition+1","Glacier","Glacier","Core Surge","Compile Driver","Doom and Gloom","Fission+1","Hologram","Electrodynamics+1","Conserve Battery","Go for the Eyes+1","Auto Shields+1","Core Surge+1","White Noise+1","Redo+1","Go for the Eyes","Blizzard"],"special_seed":0,"relics":["Cracked Core","NeowsBlessing","War Paint","Symbiotic Virus","Orichalcum","The Courier","Meat on the Bone","Happy Flower","Sozu","Red Mask","Runic Capacitor","Omamori","Strawberry","Calling Bell","Bag of Marbles","Cables","Nunchaku","Ancient Tea Set","Question Card","Toxic Egg 2","Turnip","Centennial Puzzle","Whetstone","Blue Candle"],"potions_floor_usage":[56,56],"damage_taken":[{"damage":0.0,"enemies":"Jaw Worm","floor":1.0,"turns":1.0},{"damage":0.0,"enemies":"Small Slimes","floor":5.0,"turns":1.0},{"damage":0.0,"enemies":"Gremlin Nob","floor":6.0,"turns":1.0},{"damage":4.0,"enemies":"Lagavulin","floor":11.0,"turns":4.0},{"damage":0.0,"enemies":"2 Louse","floor":12.0,"turns":3.0},{"damage":2.0,"enemies":"3 Sentries","floor":13.0,"turns":11.0},{"damage":2.0,"enemies":"Large Slime","floor":14.0,"turns":6.0},{"damage":0.0,"enemies":"Slime Boss","floor":16.0,"turns":6.0},{"damage":2.0,"enemies":"2 Thieves","floor":18.0,"turns":5.0},{"damage":2.0,"enemies":"Shell Parasite","floor":20.0,"turns":4.0},{"damage":6.0,"enemies":"Masked Bandits","floor":21.0,"turns":5.0},{"damage":36.0,"enemies":"Slavers","floor":23.0,"turns":10.0},{"damage":8.0,"enemies":"Snake Plant","floor":25.0,"turns":4.0},{"damage":3.0,"enemies":"Cultist and Chosen","floor":27.0,"turns":8.0},{"damage":21.0,"enemies":"Gremlin Leader","floor":30.0,"turns":13.0},{"damage":0.0,"enemies":"Centurion and Healer","floor":31.0,"turns":6.0},{"damage":0.0,"enemies":"Champ","floor":33.0,"turns":10.0},{"damage":1.0,"enemies":"3 Darklings","floor":35.0,"turns":8.0},{"damage":0.0,"enemies":"Reptomancer","floor":40.0,"turns":7.0},{"damage":0.0,"enemies":"3 Shapes","floor":42.0,"turns":6.0},{"damage":2.0,"enemies":"Giant Head","floor":44.0,"turns":15.0},{"damage":0.0,"enemies":"Spire Growth","floor":45.0,"turns":5.0},{"damage":0.0,"enemies":"Nemesis","floor":46.0,"turns":9.0},{"damage":0.0,"enemies":"4 Shapes","floor":47.0,"turns":6.0},{"damage":0.0,"enemies":"Maw","floor":48.0,"turns":6.0},{"damage":7.0,"enemies":"Time Eater","floor":50.0,"turns":12.0},{"damage":0.0,"enemies":"Donu and Deca","floor":51.0,"turns":16.0},{"damage":29.0,"enemies":"Shield and Spear","floor":55.0,"turns":11.0},{"damage":58,"enemies":"The Heart","floor":56,"turns":3}],"seed_played":"-1082438879728456941","potions_obtained":[{"floor":5.0,"key":"Fire Potion"},{"floor":12.0,"key":"Dexterity Potion"},{"floor":14.0,"key":"Dexterity Potion"}],"is_trial":false,"path_per_floor":["M","?","?","$","M","E","R","?","T","T","E","M","E","M","R","B",null,"M","?","M","?","$","E","R","M","T","M","R","?","E","M","R","B",null,"M","?","?","$","$","E","R","M","T","E","M","E","M","M","R","B","B",null,"R","$","E","B"],"character_chosen":"DEFECT","items_purchased":["Runic Capacitor","Glacier","Centennial Puzzle","Whetstone","Redo+1","Go for the Eyes"],"campfire_rested":0,"item_purchase_floors":[22,22,54,54,54,54],"current_hp_per_floor":[64,43,43,43,43,43,43,36,36,36,32,44,42,40,40,40,63,61,61,59,53,53,29,29,33,33,42,42,56,54,54,54,54,72,71,71,71,71,71,71,71,71,71,69,69,69,69,69,69,62,62,74,74,74,45,0],"gold":61,"neow_bonus":"THREE_ENEMY_KILL","is_prod":false,"is_daily":false,"chose_seed":false,"campfire_upgraded":7,"win_rate":0,"timestamp":1551667511,"path_taken":["M","?","?","?","M","E","R","?","T","?","E","M","E","M","R","BOSS","M","?","?","?","$","E","R","M","T","M","R","?","E","M","R","BOSS","M","?","?","?","$","E","R","M","T","E","?","E","M","M","R","BOSS","BOSS","R","$","E","BOSS"],"build_version":"2019-02-06","purchased_purges":2,"victory":false,"max_hp_per_floor":[71,71,71,71,71,71,71,71,71,71,71,71,71,71,71,71,71,71,71,71,71,71,71,71,71,71,71,71,71,78,78,78,78,78,78,78,78,78,78,78,78,78,78,78,78,78,78,78,78,78,78,78,78,78,78,78],"card_choices":[{"not_picked":["Conserve Battery","Beam Cell"],"picked":"FTL","floor":1.0},{"not_picked":["Leap","Beam Cell"],"picked":"Cold Snap","floor":5.0},{"not_picked":["Streamline","Reprogram"],"picked":"Defragment","floor":6.0},{"not_picked":["Machine Learning","Stack","Double Energy"],"picked":"SKIP","floor":11.0},{"not_picked":["FTL","Compile Driver"],"picked":"Glacier","floor":12.0},{"not_picked":["Rip and Tear","Rebound"],"picked":"Chill","floor":13.0},{"not_picked":["Storm","Steam"],"picked":"Capacitor","floor":14.0},{"not_picked":["Multi-Cast","Amplify"],"picked":"Buffer","floor":16.0},{"not_picked":["Leap","Gash"],"picked":"Ball Lightning","floor":18.0},{"not_picked":["Rebound","Coolheaded"],"picked":"Biased Cognition","floor":20.0},{"not_picked":["Leap","Steam"],"picked":"Glacier","floor":23.0},{"not_picked":["Stack","Sunder","Rebound"],"picked":"SKIP","floor":25.0},{"not_picked":["Ball Lightning","Barrage"],"picked":"Core Surge","floor":27.0},{"not_picked":["Lockon","Undo","Compile Driver"],"picked":"SKIP","floor":30.0},{"not_picked":["Lockon","Undo"],"picked":"Compile Driver","floor":30.0},{"not_picked":["Turbo","Rip and Tear"],"picked":"Doom and Gloom","floor":31.0},{"not_picked":["Biased Cognition","Rainbow"],"picked":"Fission","floor":33.0},{"not_picked":["Redo","Streamline"],"picked":"Hologram","floor":35.0},{"not_picked":["Streamline","Rip and Tear"],"picked":"Electrodynamics","floor":40.0},{"not_picked":["Streamline","Storm"],"picked":"Conserve Battery","floor":42.0},{"not_picked":["Auto Shields","Doom and Gloom","Streamline","Beam Cell"],"picked":"SKIP","floor":44.0},{"not_picked":["Auto Shields","Doom and Gloom","Streamline","Beam Cell"],"picked":"SKIP","floor":44.0},{"not_picked":["Streamline","Turbo+1","Skim+1"],"picked":"Go for the Eyes+1","floor":45.0},{"not_picked":["Sweeping Beam","Genetic Algorithm+1","Steam+1"],"picked":"Auto Shields+1","floor":46.0},{"not_picked":["Turbo+1","Go for the Eyes","Redo+1"],"picked":"Core Surge","floor":47.0},{"not_picked":["Redo+1","Heatsinks","Ball Lightning+1"],"picked":"White Noise+1","floor":48.0},{"not_picked":["Double Energy+1","Gash","Steam+1"],"picked":"Blizzard","floor":55.0}],"player_experience":976922,"relics_obtained":[{"floor":6.0,"key":"Symbiotic Virus"},{"floor":9.0,"key":"Orichalcum"},{"floor":10.0,"key":"The Courier"},{"floor":11.0,"key":"Meat on the Bone"},{"floor":13.0,"key":"Happy Flower"},{"floor":21.0,"key":"Red Mask"},{"floor":23.0,"key":"Omamori"},{"floor":30.0,"key":"Strawberry"},{"floor":34.0,"key":"Bag of Marbles"},{"floor":34.0,"key":"Cables"},{"floor":34.0,"key":"Nunchaku"},{"floor":40.0,"key":"Ancient Tea Set"},{"floor":43.0,"key":"Question Card"},{"floor":44.0,"key":"Toxic Egg 2"},{"floor":46.0,"key":"Turnip"},{"floor":55.0,"key":"Blue Candle"}],"event_choices":[{"damage_healed":0.0,"max_hp_gain":0.0,"max_hp_loss":0.0,"gold_gain":0.0,"event_name":"Shining Light","player_choice":"Entered Light","floor":2.0,"gold_loss":0.0,"damage_taken":21.0,"cards_upgraded":["Defend_B","Strike_B"]},{"damage_healed":0.0,"max_hp_gain":0.0,"max_hp_loss":0.0,"gold_gain":0.0,"event_name":"Big Fish","player_choice":"Box","floor":3.0,"gold_loss":0.0,"damage_taken":0.0,"relics_obtained":["War Paint"],"cards_obtained":["Regret"]},{"cards_removed":["Strike_B"],"damage_healed":0.0,"max_hp_gain":0.0,"max_hp_loss":0.0,"gold_gain":0.0,"event_name":"Golden Wing","player_choice":"Card Removal","floor":8.0,"gold_loss":0.0,"damage_taken":7.0},{"damage_healed":0.0,"max_hp_gain":0.0,"max_hp_loss":0.0,"gold_gain":0.0,"event_name":"Match and Keep!","player_choice":"0 cards matched","floor":19.0,"gold_loss":0.0,"damage_taken":0.0,"cards_obtained":[]},{"damage_healed":0.0,"max_hp_gain":0.0,"max_hp_loss":0.0,"gold_gain":0.0,"event_name":"Masked Bandits","player_choice":"Fought Bandits","floor":21.0,"gold_loss":0.0,"damage_taken":0.0},{"damage_healed":14.0,"max_hp_gain":0.0,"max_hp_loss":0.0,"gold_gain":0.0,"event_name":"The Library","player_choice":"Heal","floor":29.0,"gold_loss":0.0,"damage_taken":0.0},{"damage_healed":0.0,"max_hp_gain":0.0,"max_hp_loss":0.0,"gold_gain":0.0,"event_name":"Mysterious Sphere","player_choice":"Ignored","floor":36.0,"gold_loss":0.0,"damage_taken":0.0},{"damage_healed":0.0,"max_hp_gain":0.0,"max_hp_loss":0.0,"gold_gain":0.0,"event_name":"SensoryStone","player_choice":"Memory 1","floor":37.0,"gold_loss":0.0,"damage_taken":0.0}],"is_beta":true,"boss_relics":[{"not_picked":["Philosopher\u0027s Stone","Ectoplasm"],"picked":"Sozu"},{"not_picked":["Lizard Tail","Orrery"],"picked":"Calling Bell"}],"items_purged_floors":[4,38],"is_endless":false,"potions_floor_spawned":[5,12,14,23,27,30,31,35,40,42,48],"killed_by":"The Heart","ascension_level":20}