{"gold_per_floor":[118,118,130,153,178,190,231,243,280,220,282,310,8,18,18,18],"floor_reached":16,"playtime":604,"items_purged":[],"score":200,"play_id":"0801c80f-46fb-44cc-8dc4-df7230492136","local_time":"20190313144715","is_ascension_mode":true,"campfire_choices":[{"data":"Noxious Fumes","floor":6,"key":"SMITH"},{"data":"Well Laid Plans","floor":8,"key":"SMITH"},{"data":"Footwork","floor":15,"key":"SMITH"}],"neow_cost":"NONE","seed_source_timestamp":84227344690900,"circlet_count":0,"master_deck":["AscendersBane","Defend_G","Defend_G","Defend_G","Defend_G","Defend_G","Strike_G","Strike_G","Strike_G","Strike_G","Strike_G","Survivor","Neutralize+1","Backstab","Noxious Fumes+1","Well Laid Plans+1","Cloak And Dagger","Backflip","Infinite Blades","Footwork+1"],"relics":["Ring of the Snake","Juzu Bracelet","MawBank","Bag of Preparation","Boot","Mummified Hand"],"potions_floor_usage":[12],"damage_taken":[{"damage":4,"enemies":"Small Slimes","floor":1,"turns":4},{"damage":0,"enemies":"Cultist","floor":4,"turns":4},{"damage":0,"enemies":"2 Louse","floor":5,"turns":3},{"damage":19,"enemies":"3 Sentries","floor":7,"turns":8},{"damage":1,"enemies":"Red Slaver","floor":12,"turns":4},{"damage":4,"enemies":"Blue Slaver","floor":14,"turns":3},{"damage":38,"enemies":"Slime Boss","floor":16,"turns":8}],"seed_played":"2666964390437757173","potions_obtained":[{"floor":1,"key":"Poison Potion"},{"floor":5,"key":"SpeedPotion"}],"is_trial":false,"path_per_floor":["M","?","?","M","M","R","E","R","T","?","?","M","$","M","R","B"],"character_chosen":"THE_SILENT","items_purchased":["Mummified Hand","Infinite Blades"],"campfire_rested":0,"item_purchase_floors":[13,13],"current_hp_per_floor":[55,55,55,55,55,55,36,36,36,36,36,35,35,31,31,0],"gold":18,"neow_bonus":"RANDOM_COMMON_RELIC","is_prod":false,"is_daily":false,"chose_seed":false,"campfire_upgraded":3,"win_rate":0,"timestamp":1552502835,"path_taken":["M","?","?","M","M","R","E","R","T","?","?","M","$","M","R","BOSS"],"build_version":"2019-01-23","purchased_purges":0,"victory":false,"max_hp_per_floor":[66,66,66,66,66,66,66,66,66,66,66,66,66,66,66,66],"card_choices":[{"not_picked":["Underhanded Strike","Dagger Spray"],"picked":"Backstab","floor":1},{"not_picked":["Sucker Punch","PiercingWail"],"picked":"Noxious Fumes","floor":4},{"not_picked":["Dodge and Roll","Bouncing Flask"],"picked":"Well Laid Plans","floor":5},{"not_picked":["Accuracy","Sucker Punch"],"picked":"Cloak And Dagger","floor":7},{"not_picked":["Acrobatics","Deflect"],"picked":"Backflip","floor":12},{"not_picked":["Outmaneuver","Prepared"],"picked":"Footwork","floor":14}],"player_experience":1317446,"relics_obtained":[{"floor":7,"key":"Bag of Preparation"},{"floor":9,"key":"Boot"}],"event_choices":[{"damage_healed":0,"gold_gain":0,"player_choice":"Gave Potion","damage_taken":0,"relics_obtained":["MawBank"],"max_hp_gain":0,"max_hp_loss":0,"event_name":"WeMeetAgain","floor":2,"gold_loss":0},{"damage_healed":0,"gold_gain":0,"player_choice":"Upgraded","damage_taken":0,"max_hp_gain":0,"max_hp_loss":0,"event_name":"Upgrade Shrine","floor":3,"gold_loss":0,"cards_upgraded":["Neutralize"]},{"damage_healed":0,"gold_gain":0,"player_choice":"Left Gold","damage_taken":0,"max_hp_gain":0,"max_hp_loss":0,"event_name":"World of Goop","floor":10,"gold_loss":72},{"damage_healed":0,"gold_gain":50,"player_choice":"Pray","damage_taken":0,"max_hp_gain":0,"max_hp_loss":0,"event_name":"Golden Shrine","floor":11,"gold_loss":0}],"is_beta":false,"boss_relics":[],"items_purged_floors":[],"is_endless":false,"potions_floor_spawned":[1,5],"killed_by":"Slime Boss","ascension_level":20}