{"gold_per_floor":[117,133,144,157,172,172,122,151,177,177,192,209,229,254,254,254],"floor_reached":16,"playtime":853,"items_purged":[],"score":116,"play_id":"63e34b45-ecce-4c9f-a7ce-3ec38a13ef5c","local_time":"20190312152910","is_ascension_mode":false,"campfire_choices":[{"data":"Zap","floor":6,"key":"SMITH"},{"data":"Dualcast","floor":10,"key":"SMITH"},{"floor":15,"key":"REST"}],"neow_cost":"NONE","seed_source_timestamp":21486707050599,"circlet_count":0,"master_deck":["Strike_B","Strike_B","Strike_B","Defend_B","Defend_B","Defend_B","Defend_B","Zap+1","Dualcast+1","Turbo","Gash","Go for the Eyes","Turbo","Gash","Auto Shields","Gash","Doom and Gloom","Reboot"],"relics":["Cracked Core","NeowsBlessing","Regal Pillow","Vajra","PreservedInsect"],"potions_floor_usage":[13,14,16,16],"damage_taken":[{"damage":0,"enemies":"2 Louse","floor":1,"turns":1},{"damage":0,"enemies":"Jaw Worm","floor":2,"turns":1},{"damage":0,"enemies":"Small Slimes","floor":3,"turns":1},{"damage":0,"enemies":"Looter","floor":4,"turns":3},{"damage":9,"enemies":"Exordium Wildlife","floor":5,"turns":2},{"damage":39,"enemies":"3 Sentries","floor":8,"turns":8},{"damage":5,"enemies":"2 Fungi Beasts","floor":11,"turns":3},{"damage":8,"enemies":"Red Slaver","floor":12,"turns":3},{"damage":5,"enemies":"3 Louse","floor":13,"turns":4},{"damage":8,"enemies":"Lagavulin","floor":14,"turns":5},{"damage":38,"enemies":"The Guardian","floor":16,"turns":11}],"seed_played":"-8673102442597811612","potions_obtained":[{"floor":4,"key":"Regen Potion"},{"floor":5,"key":"Block Potion"},{"floor":12,"key":"FearPotion"},{"floor":14,"key":"Explosive Potion"}],"is_trial":false,"path_per_floor":["M","M","M","M","M","R","?","E","T","R","M","M","M","E","R","B"],"character_chosen":"DEFECT","items_purchased":[],"campfire_rested":1,"item_purchase_floors":[],"current_hp_per_floor":[75,75,75,75,66,66,66,27,27,27,22,14,9,1,38,0],"gold":254,"neow_bonus":"THREE_ENEMY_KILL","is_prod":false,"is_daily":false,"chose_seed":false,"campfire_upgraded":2,"win_rate":0.0,"timestamp":1552418950,"path_taken":["M","M","M","M","M","R","?","E","T","R","M","M","M","E","R","BOSS"],"build_version":"2019-01-23","purchased_purges":0,"victory":false,"max_hp_per_floor":[75,75,75,75,75,75,75,75,75,75,75,75,75,75,75,75],"card_choices":[{"not_picked":["Compile Driver","Hologram"],"picked":"Turbo","floor":1},{"not_picked":["Chill","Beam Cell"],"picked":"Gash","floor":2},{"not_picked":["Hologram","Stack"],"picked":"Go for the Eyes","floor":3},{"not_picked":["Rebound","Redo"],"picked":"Turbo","floor":4},{"not_picked":["Glacier","Ball Lightning"],"picked":"Gash","floor":5},{"not_picked":["Ball Lightning","Coolheaded","Thunder Strike"],"picked":"SKIP","floor":8},{"not_picked":["Sweeping Beam","Hello World"],"picked":"Auto Shields","floor":11},{"not_picked":["Steam Power","Barrage"],"picked":"Gash","floor":12},{"not_picked":["Heatsinks","Rebound"],"picked":"Doom and Gloom","floor":13},{"not_picked":["Reprogram","Conserve Battery"],"picked":"Reboot","floor":14}],"player_experience":14752,"relics_obtained":[{"floor":8,"key":"Regal Pillow"},{"floor":9,"key":"Vajra"},{"floor":14,"key":"PreservedInsect"}],"event_choices":[{"cards_removed":["Strike_B"],"damage_healed":0,"gold_gain":0,"player_choice":"Card Removal","damage_taken":0,"max_hp_gain":0,"max_hp_loss":0,"event_name":"The Cleric","floor":7,"gold_loss":50}],"is_beta":false,"boss_relics":[],"items_purged_floors":[],"is_endless":false,"potions_floor_spawned":[4,5,12,14],"killed_by":"The Guardian","ascension_level":0}