{"gold_per_floor":[114,114,114,189,189,189,204,204,229,1,1,32,51,79,79,151,151,167,183,183,193,193,193,222,129,155,180,180,180,180,196,196,273,273,292,292,306,324,374,374],"floor_reached":40,"playtime":1106,"items_purged":["Writhe"],"score":910,"play_id":"09822c8d-a04f-4e17-b746-64185bec87d6","local_time":"20190303011324","is_ascension_mode":true,"campfire_choices":[{"data":"Zap","floor":6.0,"key":"SMITH"},{"data":"BootSequence","floor":8.0,"key":"SMITH"},{"data":"Dualcast","floor":11.0,"key":"SMITH"},{"data":"Streamline","floor":15.0,"key":"SMITH"},{"data":"Electrodynamics","floor":23.0,"key":"SMITH"},{"floor":28,"key":"REST"},{"data":"Defragment","floor":29,"key":"SMITH"},{"data":"Thunder Strike","floor":30,"key":"SMITH"},{"data":"Conserve Battery","floor":32,"key":"SMITH"}],"neow_cost":"NONE","seed_source_timestamp":49754079318144,"circlet_count":0,"master_deck":["AscendersBane","Strike_B+1","Strike_B+1","Strike_B+1","Strike_B+1","Defend_B+1","Defend_B+1","Defend_B+1","Defend_B+1","Zap+1","Dualcast+1","BootSequence+1","FTL","Conserve Battery+1","Streamline+1","Leap","Electrodynamics+1","Thunder Strike+1","Defragment+1","Defragment+1","Cold Snap","Steam+1","Fission","BootSequence","Conserve Battery+1"],"special_seed":0,"relics":["Cracked Core","NeowsBlessing","Bag of Preparation","Membership Card","Cables","Centennial Puzzle","Eternal Feather","Regal Pillow","WingedGreaves","Anchor","Ice Cream","Inserter"],"potions_floor_usage":[24,24,35,40],"damage_taken":[{"damage":0.0,"enemies":"Small Slimes","floor":1.0,"turns":1.0},{"damage":0.0,"enemies":"Jaw Worm","floor":7.0,"turns":1.0},{"damage":0.0,"enemies":"3 Sentries","floor":12.0,"turns":1.0},{"damage":0.0,"enemies":"2 Louse","floor":13.0,"turns":2.0},{"damage":7.0,"enemies":"Lagavulin","floor":14.0,"turns":6.0},{"damage":39.0,"enemies":"Slime Boss","floor":16.0,"turns":10.0},{"damage":13.0,"enemies":"Spheric Guardian","floor":18.0,"turns":4.0},{"damage":0.0,"enemies":"3 Byrds","floor":19.0,"turns":2.0},{"damage":2.0,"enemies":"Centurion and Healer","floor":21.0,"turns":4.0},{"damage":16,"enemies":"Gremlin Leader","floor":24,"turns":5},{"damage":39,"enemies":"Slavers","floor":27,"turns":4},{"damage":4,"enemies":"Snake Plant","floor":31,"turns":3},{"damage":22,"enemies":"Collector","floor":33,"turns":8},{"damage":7,"enemies":"Orb Walker","floor":35,"turns":4},{"damage":0,"enemies":"3 Shapes","floor":37,"turns":4},{"damage":51,"enemies":"Spire Growth","floor":38,"turns":6},{"damage":0,"enemies":"Nemesis","floor":40,"turns":3}],"seed_played":"2818678819809440750","potions_obtained":[{"floor":1.0,"key":"SpeedPotion"},{"floor":7.0,"key":"SkillPotion"},{"floor":12.0,"key":"Regen Potion"},{"floor":21.0,"key":"Explosive Potion"},{"floor":27,"key":"SteroidPotion"},{"floor":33,"key":"EssenceOfSteel"},{"floor":38,"key":"GamblersBrew"}],"is_trial":false,"path_per_floor":["M","$","?","?","?","R","M","R","T","$","R","E","M","E","R","B",null,"M","M","?","M","?","R","E","$","T","E","R","R","R","M","R","B",null,"M","?","M","M","?","E"],"character_chosen":"DEFECT","items_purchased":["Membership Card","Defragment","Cold Snap"],"campfire_rested":1,"item_purchase_floors":[10,25,25],"current_hp_per_floor":[64,64,64,53,58,58,58,58,58,58,58,58,58,51,51,12,60,47,47,47,45,45,57,55,55,55,16,65,76,76,72,76,54,71,64,64,64,13,13,13],"gold":374,"neow_bonus":"THREE_ENEMY_KILL","is_prod":false,"is_daily":false,"chose_seed":false,"campfire_upgraded":8,"win_rate":0,"timestamp":1551572004,"path_taken":["M","$","?","?","?","R","M","R","T","?","R","E","?","E","R","BOSS","M","M","?","M","?","R","E","$","T","E","R","R","R","M","R","BOSS","M","?","?","M","?","E"],"build_version":"2019-02-06","purchased_purges":1,"victory":false,"max_hp_per_floor":[71,71,71,71,76,76,76,76,76,76,76,76,76,76,76,76,76,76,76,76,76,76,76,76,76,76,76,76,76,76,76,76,76,76,76,76,76,76,76,76],"card_choices":[{"not_picked":["Consume","Rip and Tear"],"picked":"BootSequence","floor":1.0},{"not_picked":["Barrage","Turbo"],"picked":"FTL","floor":7.0},{"not_picked":["Rebound","Go for the Eyes"],"picked":"Conserve Battery","floor":12.0},{"not_picked":["Beam Cell","Storm"],"picked":"Streamline","floor":13.0},{"not_picked":["Barrage","Gash"],"picked":"Leap","floor":14.0},{"not_picked":["Core Surge","Machine Learning"],"picked":"Electrodynamics","floor":16.0},{"not_picked":["Turbo","Steam","Sweeping Beam"],"picked":"SKIP","floor":18.0},{"not_picked":["Heatsinks","Consume"],"picked":"Scrape+1","floor":19.0},{"not_picked":["Chaos","Beam Cell"],"picked":"Thunder Strike","floor":21.0},{"not_picked":["Streamline","Cold Snap+1"],"picked":"Defragment+1","floor":24},{"not_picked":["Aggregate","Cold Snap+1"],"picked":"Steam+1","floor":27},{"not_picked":["Steam","Redo","Streamline"],"picked":"SKIP","floor":31},{"not_picked":["Core Surge","Reboot"],"picked":"Fission","floor":33},{"not_picked":["Steam","Darkness"],"picked":"BootSequence","floor":35},{"not_picked":["Stack","Rip and Tear","Compile Driver"],"picked":"SKIP","floor":37},{"not_picked":["Auto Shields","Rebound"],"picked":"Conserve Battery+1","floor":38}],"player_experience":975185,"relics_obtained":[{"floor":9.0,"key":"Bag of Preparation"},{"floor":12.0,"key":"Cables"},{"floor":14.0,"key":"Centennial Puzzle"},{"floor":24,"key":"WingedGreaves"},{"floor":26,"key":"Anchor"},{"floor":27,"key":"Ice Cream"}],"event_choices":[{"damage_healed":0.0,"max_hp_gain":0.0,"max_hp_loss":0.0,"gold_gain":0.0,"event_name":"The Cleric","player_choice":"Leave","floor":3.0,"gold_loss":0.0,"damage_taken":0.0},{"damage_healed":0.0,"max_hp_gain":0.0,"max_hp_loss":0.0,"gold_gain":75.0,"event_name":"World of Goop","player_choice":"Gather Gold","floor":4.0,"gold_loss":0.0,"damage_taken":11.0},{"damage_healed":0.0,"max_hp_gain":5.0,"max_hp_loss":0.0,"gold_gain":0.0,"event_name":"Big Fish","player_choice":"Donut","floor":5.0,"gold_loss":0.0,"damage_taken":0.0},{"damage_healed":0.0,"max_hp_gain":0.0,"max_hp_loss":0.0,"gold_gain":0.0,"event_name":"Back to Basics","player_choice":"Simplicity","floor":20.0,"gold_loss":0.0,"damage_taken":0.0,"cards_upgraded":["Strike_B","Strike_B","Strike_B","Strike_B","Defend_B","Defend_B","Defend_B","Defend_B"]},{"damage_healed":0.0,"max_hp_gain":0.0,"max_hp_loss":0.0,"gold_gain":0.0,"event_name":"The Mausoleum","player_choice":"Opened","floor":22.0,"gold_loss":0.0,"damage_taken":0.0,"relics_obtained":["Regal Pillow"],"cards_obtained":["Writhe"]},{"cards_removed":["Scrape"],"damage_healed":0,"gold_gain":0,"player_choice":"Purged","damage_taken":0,"max_hp_gain":0,"max_hp_loss":0,"event_name":"Purifier","floor":36,"gold_loss":0},{"damage_healed":0,"gold_gain":50,"player_choice":"Pray","damage_taken":0,"max_hp_gain":0,"max_hp_loss":0,"event_name":"Golden Shrine","floor":39,"gold_loss":0}],"is_beta":true,"boss_relics":[{"not_picked":["Orrery","Ectoplasm"],"picked":"Eternal Feather"},{"not_picked":["FrozenCore","Runic Pyramid"],"picked":"Inserter"}],"items_purged_floors":[25],"is_endless":false,"potions_floor_spawned":[1,7,12,21,27,33,38],"killed_by":"Nemesis","ascension_level":20}