{"gold_per_floor":[115,5,5,5,24,35,63,76,103,103,3,3,3,15,15,112,112,128,128,145,145,160,160,174,203,203,128,11,11,11,0,0,103,103,118,71,171,171,188,221,221,221,247,265,265,86,86,51,51,51,51,51,29,29],"floor_reached":54,"playtime":2501,"items_purged":["Defend_G","Strike_G","Strike_G"],"score":679,"play_id":"d3c789bb-aea6-4b38-afe5-5b20d906a0a8","local_time":"20190313211042","is_ascension_mode":false,"campfire_choices":[{"floor":10.0,"key":"REST"},{"floor":13.0,"key":"REST"},{"data":"Catalyst","floor":15.0,"key":"SMITH"},{"floor":23.0,"key":"RECALL"},{"floor":30.0,"key":"REST"},{"floor":32.0,"key":"REST"},{"floor":41.0,"key":"REST"},{"floor":45.0,"key":"REST"},{"floor":47.0,"key":"REST"},{"floor":49.0,"key":"REST"},{"floor":52.0,"key":"REST"}],"neow_cost":"NONE","seed_source_timestamp":826740259774595,"circlet_count":0,"master_deck":["Defend_G","Defend_G","Defend_G+1","Defend_G+1","Strike_G","Survivor","Neutralize","Quick Slash","Deadly Poison","Calculated Gamble","Riddle With Holes","Footwork+1","Catalyst+1","Footwork","Burst","Noxious Fumes","Caltrops+1","Dagger Throw","PiercingWail","Caltrops","Leg Sweep","Die Die Die","Predator+1","Backflip","Dodge and Roll","Tactician","Prepared","Reflex","Acrobatics"],"special_seed":0,"relics":["Ring of the Snake","Juzu Bracelet","Anchor","Fusion Hammer","Orichalcum","Strawberry","Black Star","Torii","Shuriken","Boot"],"potions_floor_usage":[54],"damage_taken":[{"damage":0.0,"enemies":"Jaw Worm","floor":1.0,"turns":3.0},{"damage":0.0,"enemies":"Small Slimes","floor":5.0,"turns":3.0},{"damage":1.0,"enemies":"Cultist","floor":6.0,"turns":3.0},{"damage":24.0,"enemies":"Gremlin Nob","floor":7.0,"turns":4.0},{"damage":24.0,"enemies":"Gremlin Gang","floor":8.0,"turns":5.0},{"damage":13.0,"enemies":"2 Fungi Beasts","floor":14.0,"turns":3.0},{"damage":22.0,"enemies":"Hexaghost","floor":16.0,"turns":10.0},{"damage":23.0,"enemies":"Shell Parasite","floor":18.0,"turns":7.0},{"damage":0.0,"enemies":"Chosen","floor":20.0,"turns":4.0},{"damage":7.0,"enemies":"Snake Plant","floor":22.0,"turns":4.0},{"damage":12.0,"enemies":"Centurion and Healer","floor":24.0,"turns":7.0},{"damage":23.0,"enemies":"Book of Stabbing","floor":25.0,"turns":5.0},{"damage":43.0,"enemies":"Champ","floor":33.0,"turns":12.0},{"damage":1.0,"enemies":"3 Shapes","floor":35.0,"turns":5.0},{"damage":4.0,"enemies":"Mind Bloom Boss Battle","floor":37.0,"turns":6.0},{"damage":0.0,"enemies":"Orb Walker","floor":39.0,"turns":4.0},{"damage":35.0,"enemies":"Reptomancer","floor":40.0,"turns":10.0},{"damage":35.0,"enemies":"Spire Growth","floor":44.0,"turns":8.0},{"damage":60.0,"enemies":"Time Eater","floor":50.0,"turns":16.0},{"damage":85,"enemies":"Shield and Spear","floor":54,"turns":8}],"seed_played":"-5848185685390959337","potions_obtained":[{"floor":1.0,"key":"Regen Potion"},{"floor":7.0,"key":"Swift Potion"},{"floor":8.0,"key":"Regen Potion"},{"floor":18.0,"key":"Dexterity Potion"},{"floor":20.0,"key":"SpeedPotion"},{"floor":24.0,"key":"Fire Potion"},{"floor":33.0,"key":"Regen Potion"},{"floor":35.0,"key":"Swift Potion"},{"floor":44.0,"key":"GamblersBrew"}],"is_trial":false,"path_per_floor":["M","$","?","?","M","M","E","M","T","R","$","?","R","M","R","B",null,"M","?","M","?","M","R","M","E","T","?","$","?","R","?","R","B",null,"M","$","?","?","M","E","R","?","T","M","R","$","R","$","R","B",null,"R","$","E"],"character_chosen":"THE_SILENT","items_purchased":["Calculated Gamble","Caltrops","Leg Sweep","Backflip","Prepared","Reflex","Acrobatics"],"campfire_rested":9,"item_purchase_floors":[2,28,28,36,46,48,53],"current_hp_per_floor":[70,70,70,70,70,69,45,35,35,56,56,42,63,50,50,43,70,47,70,70,70,63,63,51,28,35,35,35,35,58,58,77,34,77,76,76,72,72,72,46,69,77,77,42,65,65,77,77,77,17,77,77,77,0],"gold":29,"neow_bonus":"THREE_CARDS","is_prod":false,"is_daily":false,"chose_seed":false,"campfire_upgraded":1,"win_rate":0,"timestamp":1552479042,"path_taken":["M","$","?","?","?","M","E","M","T","R","$","?","R","M","R","BOSS","M","?","M","?","M","R","M","E","T","?","$","?","R","?","R","BOSS","M","$","?","?","M","E","R","?","T","M","R","$","R","?","R","BOSS","R","$","E"],"build_version":"2019-01-23","purchased_purges":3,"victory":false,"max_hp_per_floor":[70,70,70,70,70,70,70,70,70,70,70,70,70,70,70,70,70,70,70,70,70,70,70,70,70,77,77,77,77,77,77,77,77,77,77,77,77,77,77,77,77,77,77,77,77,77,77,77,77,77,77,77,77,77],"card_choices":[{"not_picked":["Underhanded Strike","Prepared"],"picked":"Quick Slash","floor":0.0},{"not_picked":["Reflex","Finisher"],"picked":"Deadly Poison","floor":1.0},{"not_picked":["Flying Knee","Calculated Gamble","Outmaneuver"],"picked":"SKIP","floor":5.0},{"not_picked":["Backflip","Crippling Poison"],"picked":"Footwork","floor":6.0},{"not_picked":["Blade Dance","Prepared"],"picked":"Riddle With Holes","floor":7.0},{"not_picked":["PiercingWail","Dagger Throw"],"picked":"Catalyst","floor":8.0},{"not_picked":["Sucker Punch","Bane"],"picked":"Footwork","floor":14.0},{"not_picked":["Venomology","Doppelganger"],"picked":"Burst","floor":16.0},{"not_picked":["Sucker Punch","Poisoned Stab"],"picked":"Noxious Fumes","floor":18.0},{"not_picked":["Flying Knee","Distraction"],"picked":"Caltrops+1","floor":20.0},{"not_picked":["Reflex","Blade Dance"],"picked":"Dagger Throw","floor":22.0},{"not_picked":["Prepared+1","Underhanded Strike"],"picked":"PiercingWail","floor":24.0},{"not_picked":["Dodge and Roll","Calculated Gamble","Masterful Stab"],"picked":"SKIP","floor":25.0},{"not_picked":["A Thousand Cuts","Corpse Explosion"],"picked":"Die Die Die","floor":33.0},{"not_picked":["Acrobatics","Cloak And Dagger+1"],"picked":"Predator+1","floor":35.0},{"not_picked":["Dagger Throw","Infinite Blades+1"],"picked":"Dodge and Roll","floor":37.0},{"not_picked":["Dagger Throw+1","Prepared","Dodge and Roll"],"picked":"SKIP","floor":39.0},{"not_picked":["Terror","Phantasmal Killer","Envenom"],"picked":"SKIP","floor":40.0},{"not_picked":["Acrobatics+1","Flying Knee"],"picked":"Tactician","floor":44.0}],"player_experience":712574,"relics_obtained":[{"floor":7.0,"key":"Juzu Bracelet"},{"floor":9.0,"key":"Anchor"},{"floor":25.0,"key":"Orichalcum"},{"floor":26.0,"key":"Strawberry"},{"floor":37.0,"key":"Torii"},{"floor":40.0,"key":"Shuriken"},{"floor":40.0,"key":"Boot"}],"event_choices":[{"damage_healed":0.0,"max_hp_gain":0.0,"max_hp_loss":0.0,"gold_gain":0.0,"event_name":"The Cleric","player_choice":"Leave","floor":3.0,"gold_loss":0.0,"damage_taken":0.0},{"damage_healed":0.0,"max_hp_gain":0.0,"max_hp_loss":0.0,"gold_gain":0.0,"cards_transformed":["Strike_G"],"event_name":"Transmorgrifier","player_choice":"Transformed","floor":4.0,"gold_loss":0.0,"damage_taken":0.0,"cards_obtained":["Riddle With Holes"]},{"damage_healed":0.0,"max_hp_gain":0.0,"max_hp_loss":0.0,"gold_gain":0.0,"event_name":"Shining Light","player_choice":"Entered Light","floor":12.0,"gold_loss":0.0,"damage_taken":14.0,"cards_upgraded":["Defend_G","Defend_G"]},{"damage_healed":23.0,"max_hp_gain":0.0,"max_hp_loss":0.0,"gold_gain":0.0,"event_name":"The Library","player_choice":"Heal","floor":19.0,"gold_loss":0.0,"damage_taken":0.0},{"damage_healed":0.0,"max_hp_gain":0.0,"max_hp_loss":0.0,"gold_gain":0.0,"event_name":"Upgrade Shrine","player_choice":"Upgraded","floor":21.0,"gold_loss":0.0,"damage_taken":0.0,"cards_upgraded":["Footwork"]},{"cards_removed":["Strike_G"],"damage_healed":0.0,"max_hp_gain":0.0,"max_hp_loss":0.0,"gold_gain":0.0,"event_name":"Beggar","player_choice":"Gave Gold","floor":27.0,"gold_loss":75.0,"damage_taken":0.0},{"damage_healed":0.0,"max_hp_gain":0.0,"max_hp_loss":0.0,"gold_gain":0.0,"event_name":"Ghosts","player_choice":"Ignored","floor":29.0,"gold_loss":0.0,"damage_taken":0.0},{"damage_healed":0.0,"max_hp_gain":0.0,"max_hp_loss":0.0,"gold_gain":0.0,"event_name":"Masked Bandits","player_choice":"Paid Fearfully","floor":31.0,"gold_loss":11.0,"damage_taken":0.0},{"damage_healed":0.0,"max_hp_gain":0.0,"max_hp_loss":0.0,"gold_gain":0.0,"event_name":"MindBloom","player_choice":"Fight","floor":37.0,"gold_loss":0.0,"damage_taken":0.0},{"damage_healed":0.0,"max_hp_gain":0.0,"max_hp_loss":0.0,"gold_gain":0.0,"event_name":"SecretPortal","player_choice":"Ignored","floor":38.0,"gold_loss":0.0,"damage_taken":0.0},{"cards_removed":["Riddle With Holes"],"damage_healed":8.0,"max_hp_gain":0.0,"max_hp_loss":0.0,"gold_gain":0.0,"event_name":"Bonfire Elementals","player_choice":"Offered Uncommon","floor":42.0,"gold_loss":0.0,"damage_taken":0.0}],"is_beta":false,"boss_relics":[{"not_picked":["Velvet Choker","Ring of the Serpent"],"picked":"Fusion Hammer"},{"not_picked":["Runic Dome","Snecko Eye"],"picked":"Black Star"}],"items_purged_floors":[2,11,46],"is_endless":false,"potions_floor_spawned":[1,7,8,18,20,24,33,35,44],"killed_by":"Shield and Spear","ascension_level":0}