{"gold_per_floor":[112,12,22,22,38,96,96,107,130,156,172,191,221,231,231,231],"floor_reached":16,"playtime":1079,"items_purged":["Strike_R"],"score":124,"play_id":"7bbb0310-7820-47bc-a71d-f28ca58b76bf","local_time":"20190313214224","is_ascension_mode":false,"campfire_choices":[{"data":"Shrug It Off","floor":7,"key":"SMITH"},{"floor":15,"key":"REST"}],"neow_cost":"NONE","seed_source_timestamp":13097007396846,"circlet_count":0,"master_deck":["Strike_R","Strike_R","Defend_R","Defend_R","Defend_R","Defend_R","Bash+1","Headbutt","Shrug It Off+1","Shrug It Off","Cleave+1","Heavy Blade","Heavy Blade","Armaments"],"relics":["Burning Blood","Tiny Chest","PreservedInsect","Vajra","Whetstone"],"potions_floor_usage":[10,13,14,14,16],"damage_taken":[{"damage":7,"enemies":"2 Louse","floor":1,"turns":3},{"damage":6,"enemies":"Cultist","floor":3,"turns":3},{"damage":10,"enemies":"Small Slimes","floor":5,"turns":4},{"damage":30,"enemies":"Gremlin Nob","floor":6,"turns":5},{"damage":8,"enemies":"3 Louse","floor":8,"turns":3},{"damage":25,"enemies":"Lagavulin","floor":10,"turns":5},{"damage":3,"enemies":"Exordium Wildlife","floor":11,"turns":3},{"damage":17,"enemies":"Gremlin Gang","floor":12,"turns":3},{"damage":13,"enemies":"Gremlin Nob","floor":13,"turns":3},{"damage":12,"enemies":"Exordium Thugs","floor":14,"turns":5},{"damage":34,"enemies":"Slime Boss","floor":16,"turns":10}],"seed_played":"-5492092696520084733","potions_obtained":[{"floor":3,"key":"SteroidPotion"},{"floor":5,"key":"PowerPotion"},{"floor":6,"key":"LiquidBronze"},{"floor":11,"key":"GamblersBrew"},{"floor":13,"key":"PowerPotion"}],"is_trial":false,"path_per_floor":["M","$","M","?","M","E","R","M","T","E","M","M","E","M","R","B"],"character_chosen":"IRONCLAD","items_purchased":["Shrug It Off"],"campfire_rested":1,"item_purchase_floors":[2],"current_hp_per_floor":[79,79,79,79,75,51,51,49,49,30,33,22,15,9,33,0],"gold":231,"neow_bonus":"REMOVE_CARD","is_prod":false,"is_daily":false,"chose_seed":false,"campfire_upgraded":1,"win_rate":0.0,"timestamp":1552527744,"path_taken":["M","$","M","?","M","E","R","?","T","E","M","M","E","M","R","BOSS"],"build_version":"2019-01-23","purchased_purges":1,"victory":false,"max_hp_per_floor":[80,80,80,80,80,80,80,80,80,80,80,80,80,80,80,80],"card_choices":[{"not_picked":["Anger","Havoc"],"picked":"Headbutt","floor":1},{"not_picked":["Offering","Dropkick"],"picked":"Shrug It Off","floor":3},{"not_picked":["Bloodletting","Thunderclap"],"picked":"Cleave","floor":5},{"not_picked":["Power Through","Wild Strike","Feed"],"picked":"SKIP","floor":6},{"not_picked":["Perfected Strike","Uppercut"],"picked":"Heavy Blade","floor":8},{"not_picked":["Burning Pact","True Grit"],"picked":"Heavy Blade","floor":10},{"not_picked":["Second Wind","Sentinel","Pommel Strike"],"picked":"SKIP","floor":11},{"not_picked":["Body Slam","Headbutt","Dropkick"],"picked":"SKIP","floor":12},{"not_picked":["Burning Pact","Sentinel","Dark Embrace"],"picked":"SKIP","floor":13},{"not_picked":["Havoc","True Grit"],"picked":"Armaments","floor":14}],"player_experience":35761,"relics_obtained":[{"floor":6,"key":"Tiny Chest"},{"floor":9,"key":"PreservedInsect"},{"floor":10,"key":"Vajra"},{"floor":13,"key":"Whetstone"}],"event_choices":[{"cards_removed":["Strike_R"],"damage_healed":0,"gold_gain":0,"player_choice":"Card Removal","damage_taken":0,"max_hp_gain":0,"max_hp_loss":0,"event_name":"Wheel of Change","floor":4,"gold_loss":0}],"is_beta":false,"boss_relics":[],"items_purged_floors":[2],"is_endless":false,"potions_floor_spawned":[3,5,6,11,13],"killed_by":"Slime Boss","ascension_level":0}