{"gold_per_floor":[115,129,41,54,54,54,80,80,80,80,105,123,136,95,95,174,174,191,191,201,116,116,116],"floor_reached":23,"playtime":756,"items_purged":[],"score":398,"play_id":"e24f8ee2-01d8-46d3-a95a-6a22516c057e","local_time":"20190304123855","is_ascension_mode":true,"campfire_choices":[{"data":"Defragment","floor":6.0,"key":"SMITH"},{"data":"White Noise","floor":8.0,"key":"SMITH"},{"data":"Zap","floor":10.0,"key":"SMITH"},{"floor":15.0,"key":"REST"}],"neow_cost":"NONE","seed_source_timestamp":4521380877652,"circlet_count":0,"master_deck":["AscendersBane","Strike_B","Strike_B","Strike_B","Defend_B","Defend_B","Defend_B","Defend_B","Zap+1","Dualcast","Stack","Go for the Eyes","White Noise+1","Defragment+1","Cold Snap","Creative AI","Ball Lightning+1","Leap","All For One+1","Redo+1","Coolheaded"],"special_seed":0,"relics":["Cracked Core","NeowsBlessing","Calipers","Dead Branch","Molten Egg 2","Inserter","Ice Cream","MutagenicStrength"],"potions_floor_usage":[],"damage_taken":[{"damage":0.0,"enemies":"Cultist","floor":1.0,"turns":1.0},{"damage":0.0,"enemies":"2 Louse","floor":2.0,"turns":1.0},{"damage":0.0,"enemies":"Small Slimes","floor":4.0,"turns":1.0},{"damage":17.0,"enemies":"Lagavulin","floor":7.0,"turns":9.0},{"damage":43.0,"enemies":"Gremlin Nob","floor":11.0,"turns":4.0},{"damage":2.0,"enemies":"Exordium Thugs","floor":12.0,"turns":2.0},{"damage":0.0,"enemies":"2 Fungi Beasts","floor":13.0,"turns":1.0},{"damage":12.0,"enemies":"Hexaghost","floor":16.0,"turns":8.0},{"damage":2.0,"enemies":"Spheric Guardian","floor":18.0,"turns":3.0},{"damage":23.0,"enemies":"Colosseum Slavers","floor":19.0,"turns":4.0},{"damage":16.0,"enemies":"Shell Parasite","floor":20.0,"turns":4.0},{"damage":20,"enemies":"Book of Stabbing","floor":23,"turns":2}],"seed_played":"-1442985523622684881","potions_obtained":[{"floor":4.0,"key":"PowerPotion"},{"floor":11.0,"key":"Swift Potion"},{"floor":13.0,"key":"Regen Potion"},{"floor":18.0,"key":"Explosive Potion"}],"is_trial":false,"path_per_floor":["M","M","$","M","?","R","E","R","T","R","E","M","M","?","R","B",null,"M","?","M","?","?","E"],"character_chosen":"DEFECT","items_purchased":["White Noise"],"campfire_rested":1,"item_purchase_floors":[3],"current_hp_per_floor":[64,64,64,64,64,64,47,47,47,47,4,2,2,2,23,11,56,54,31,27,27,27,7],"gold":116,"neow_bonus":"THREE_ENEMY_KILL","is_prod":false,"is_daily":false,"chose_seed":false,"campfire_upgraded":3,"win_rate":0,"timestamp":1551699535,"path_taken":["M","M","$","?","?","R","E","R","T","R","E","M","?","?","R","BOSS","M","?","M","?","?","E"],"build_version":"2019-02-06","purchased_purges":0,"victory":false,"max_hp_per_floor":[71,71,71,71,71,71,71,71,71,71,71,71,71,71,71,71,71,71,71,71,71,71,71],"card_choices":[{"not_picked":["Beam Cell","Gash"],"picked":"Stack","floor":1.0},{"not_picked":["Compile Driver","Loop"],"picked":"Go for the Eyes","floor":2.0},{"not_picked":["Gash","Consume"],"picked":"Defragment","floor":4.0},{"not_picked":["Compile Driver","Redo","Chaos"],"picked":"SKIP","floor":7.0},{"not_picked":["Gash","Conserve Battery"],"picked":"Creative AI","floor":11.0},{"not_picked":["Barrage+1","Leap"],"picked":"Ball Lightning+1","floor":12.0},{"not_picked":["Barrage+1","Redo"],"picked":"Leap","floor":13.0},{"not_picked":["Rainbow","Seek"],"picked":"All For One+1","floor":16.0},{"not_picked":["Hologram","Melter+1"],"picked":"Redo+1","floor":18.0},{"not_picked":["Cold Snap+1","Capacitor"],"picked":"Coolheaded","floor":20.0}],"player_experience":980267,"relics_obtained":[{"floor":7.0,"key":"Calipers"},{"floor":9.0,"key":"Dead Branch"},{"floor":11.0,"key":"Molten Egg 2"}],"event_choices":[{"damage_healed":0.0,"max_hp_gain":0.0,"max_hp_loss":0.0,"gold_gain":0.0,"cards_transformed":["Strike_B"],"event_name":"Transmorgrifier","player_choice":"Transformed","floor":5.0,"gold_loss":0.0,"damage_taken":0.0,"cards_obtained":["Cold Snap"]},{"damage_healed":0.0,"max_hp_gain":0.0,"max_hp_loss":0.0,"gold_gain":0.0,"event_name":"World of Goop","player_choice":"Left Gold","floor":14.0,"gold_loss":41.0,"damage_taken":0.0},{"damage_healed":0.0,"max_hp_gain":0.0,"max_hp_loss":0.0,"gold_gain":0.0,"event_name":"Colosseum","player_choice":"Fight","floor":19.0,"gold_loss":0.0,"damage_taken":0.0},{"damage_healed":0.0,"max_hp_gain":0.0,"max_hp_loss":0.0,"gold_gain":0.0,"event_name":"Colosseum","player_choice":"Fled From Nobs","floor":19.0,"gold_loss":0.0,"damage_taken":0.0},{"damage_healed":0.0,"max_hp_gain":0.0,"max_hp_loss":0.0,"gold_gain":0.0,"event_name":"Addict","player_choice":"Obtained Relic","floor":21.0,"gold_loss":85.0,"damage_taken":0.0,"relics_obtained":["Ice Cream"]},{"damage_healed":0,"gold_gain":0,"player_choice":"Inject Mutagens","damage_taken":0,"relics_obtained":["MutagenicStrength"],"max_hp_gain":0,"max_hp_loss":0,"event_name":"Drug Dealer","floor":22,"gold_loss":0}],"is_beta":true,"boss_relics":[{"not_picked":["FrozenCore","Nuclear Battery"],"picked":"Inserter"}],"items_purged_floors":[],"is_endless":false,"potions_floor_spawned":[4,11,13,16,18],"killed_by":"Book of Stabbing","ascension_level":20}