{"gold_per_floor":[112,131,131,81,81,81,97,113,113,113,128,49,66,79,79,181,181,194,210,309,309,309],"floor_reached":22,"playtime":1438,"items_purged":[],"score":178,"play_id":"84465b4d-3210-4915-81d7-1a6b712d5e65","local_time":"20190312114433","is_ascension_mode":false,"campfire_choices":[{"data":"Iron Wave","floor":6,"key":"SMITH"},{"floor":10,"key":"REST"},{"floor":15,"key":"REST"}],"neow_cost":"NONE","seed_source_timestamp":7424357836980,"circlet_count":0,"master_deck":["Strike_R","Strike_R","Strike_R","Strike_R","Strike_R","Defend_R","Defend_R","Bash","Juggernaut","Iron Wave+1","Iron Wave","Shrug It Off","Pommel Strike","Body Slam","Power Through","Juggernaut","Feed","Entrench","Decay"],"relics":["Burning Blood","Sundial","Eternal Feather"],"potions_floor_usage":[16,16,16],"damage_taken":[{"damage":8,"enemies":"Small Slimes","floor":1,"turns":3},{"damage":0,"enemies":"2 Louse","floor":2,"turns":3},{"damage":4,"enemies":"Cultist","floor":7,"turns":4},{"damage":20,"enemies":"Exordium Thugs","floor":8,"turns":6},{"damage":12,"enemies":"Gremlin Gang","floor":11,"turns":5},{"damage":4,"enemies":"3 Louse","floor":13,"turns":3},{"damage":13,"enemies":"2 Fungi Beasts","floor":14,"turns":4},{"damage":51,"enemies":"Hexaghost","floor":16,"turns":10},{"damage":39,"enemies":"3 Byrds","floor":18,"turns":7},{"damage":31,"enemies":"Spheric Guardian","floor":19,"turns":6},{"damage":28,"enemies":"Snake Plant","floor":22,"turns":5}],"seed_played":"7410734384780547881","potions_obtained":[{"floor":1,"key":"SpeedPotion"},{"floor":13,"key":"Block Potion"},{"floor":16,"key":"GamblersBrew"},{"floor":18,"key":"GamblersBrew"}],"is_trial":false,"path_per_floor":["M","M","?","?","?","R","M","M","T","R","M","$","M","M","R","B",null,"M","M","?","?","M"],"character_chosen":"IRONCLAD","items_purchased":["EssenceOfSteel"],"campfire_rested":2,"item_purchase_floors":[12],"current_hp_per_floor":[78,80,80,80,80,80,80,66,66,80,74,74,76,69,80,35,80,47,25,25,25,0],"gold":309,"neow_bonus":"ONE_RANDOM_RARE_CARD","is_prod":false,"is_daily":false,"chose_seed":false,"campfire_upgraded":1,"win_rate":0.0,"timestamp":1552405473,"path_taken":["M","M","?","?","?","R","M","?","T","R","M","?","?","M","R","BOSS","M","M","?","?","M"],"build_version":"2019-01-23","purchased_purges":0,"victory":false,"max_hp_per_floor":[80,80,80,80,80,80,80,80,80,80,80,80,80,80,80,80,80,80,83,83,83,83],"card_choices":[{"not_picked":["Clothesline","Cleave"],"picked":"Iron Wave","floor":1},{"not_picked":["Flex","Clash"],"picked":"Iron Wave","floor":2},{"not_picked":["Infernal Blade","Metallicize"],"picked":"Shrug It Off","floor":7},{"not_picked":["Burning Pact","Warcry"],"picked":"Pommel Strike","floor":8},{"not_picked":["Sword Boomerang","Burning Pact"],"picked":"Body Slam","floor":11},{"not_picked":["Warcry","Dropkick"],"picked":"Power Through","floor":13},{"not_picked":["Seeing Red","Shrug It Off"],"picked":"Juggernaut","floor":14},{"not_picked":["Offering","Brutality"],"picked":"Feed","floor":16},{"not_picked":["Cleave","Warcry"],"picked":"Entrench","floor":18},{"not_picked":["Warcry","Flex","Headbutt"],"picked":"SKIP","floor":19}],"player_experience":1035,"relics_obtained":[{"floor":9,"key":"Sundial"}],"event_choices":[{"damage_healed":0,"gold_gain":0,"player_choice":"Ignored","damage_taken":0,"max_hp_gain":0,"max_hp_loss":0,"event_name":"Liars Game","floor":3,"gold_loss":0},{"cards_removed":["Defend_R"],"damage_healed":0,"gold_gain":0,"player_choice":"Card Removal","damage_taken":0,"max_hp_gain":0,"max_hp_loss":0,"event_name":"The Cleric","floor":4,"gold_loss":50},{"cards_removed":["Defend_R"],"damage_healed":0,"gold_gain":0,"player_choice":"Purged","damage_taken":0,"max_hp_gain":0,"max_hp_loss":0,"event_name":"Purifier","floor":5,"gold_loss":0},{"damage_healed":0,"gold_gain":99,"player_choice":"Stole From Cult","damage_taken":0,"max_hp_gain":0,"max_hp_loss":0,"event_name":"Nest","floor":20,"gold_loss":0},{"damage_healed":0,"gold_gain":0,"player_choice":"Cursed","damage_taken":0,"max_hp_gain":0,"max_hp_loss":0,"event_name":"Wheel of Change","floor":21,"gold_loss":0,"cards_obtained":["Decay"]}],"is_beta":false,"boss_relics":[{"not_picked":["Tiny House","Coffee Dripper"],"picked":"Eternal Feather"}],"items_purged_floors":[],"is_endless":false,"potions_floor_spawned":[1,13,16,18],"killed_by":"Snake Plant","ascension_level":0}