{"gold_per_floor":[109,122,122,24,43,43,43,75,113,125,137,169,181,193],"floor_reached":14,"playtime":1100,"items_purged":["Strike_R"],"score":90,"play_id":"55125b52-37aa-41d5-905c-ef81353eeb96","local_time":"20190311134315","is_ascension_mode":false,"campfire_choices":[{"data":"Entrench","floor":6,"key":"SMITH"}],"neow_cost":"NONE","seed_source_timestamp":270330633172093,"circlet_count":0,"master_deck":["Strike_R","Strike_R","Strike_R","Defend_R","Defend_R","Defend_R","Defend_R","Bash","Entrench+1","Rampage","Sword Boomerang","Shrug It Off","Sword Boomerang"],"relics":["Burning Blood","NeowsBlessing","Du-Vu Doll","Pantograph","MawBank"],"potions_floor_usage":[13],"damage_taken":[{"damage":0,"enemies":"Cultist","floor":1,"turns":1},{"damage":0,"enemies":"Small Slimes","floor":2,"turns":1},{"damage":0,"enemies":"Jaw Worm","floor":5,"turns":1},{"damage":35,"enemies":"Lagavulin","floor":8,"turns":10},{"damage":5,"enemies":"Looter","floor":12,"turns":4},{"damage":0,"enemies":"3 Louse","floor":13,"turns":2},{"damage":63,"enemies":"3 Sentries","floor":14,"turns":12}],"seed_played":"-1345916716500402440","potions_obtained":[{"floor":5,"key":"SmokeBomb"},{"floor":8,"key":"Weak Potion"}],"is_trial":false,"path_per_floor":["T","M","?","?","M"],"character_chosen":"IRONCLAD","items_purchased":["Sword Boomerang"],"campfire_rested":0,"item_purchase_floors":[4],"current_hp_per_floor":[80,80,80,80,80,80,77,48,48,48,48,49,55,0],"gold":193,"neow_bonus":"THREE_ENEMY_KILL","is_prod":false,"is_daily":false,"chose_seed":false,"campfire_upgraded":1,"win_rate":0,"timestamp":1552308195,"path_taken":["M","M","?","$","?","R","?","E","T","?","$","M","?","E"],"build_version":"2019-01-23","purchased_purges":1,"victory":false,"max_hp_per_floor":[80,80,80,80,80,80,80,80,80,80,80,80,80,80],"card_choices":[{"not_picked":["Cleave","Clothesline"],"picked":"Entrench","floor":1},{"not_picked":["Wild Strike","Twin Strike"],"picked":"Rampage","floor":2},{"not_picked":["Clothesline","Sword Boomerang"],"picked":"Shrug It Off","floor":5},{"not_picked":["Perfected Strike","Wild Strike"],"picked":"Sword Boomerang","floor":8},{"not_picked":["Havoc","Whirlwind","Perfected Strike"],"picked":"SKIP","floor":12}],"player_experience":142995,"relics_obtained":[{"floor":3,"key":"Du-Vu Doll"},{"floor":8,"key":"MawBank"}],"event_choices":[{"damage_healed":0,"gold_gain":0,"player_choice":"Success","damage_taken":3,"relics_obtained":["Pantograph"],"max_hp_gain":0,"max_hp_loss":0,"event_name":"Scrap Ooze","floor":7,"gold_loss":0},{"cards_removed":["Strike_R"],"damage_healed":0,"gold_gain":0,"player_choice":"Card Removal","damage_taken":0,"max_hp_gain":0,"max_hp_loss":0,"event_name":"Wheel of Change","floor":10,"gold_loss":0}],"is_beta":false,"boss_relics":[],"items_purged_floors":[4],"is_endless":false,"potions_floor_spawned":[5,8],"killed_by":"3 Sentries","ascension_level":0}