{"gold_per_floor":[111,186,186,206,256,288,288,300,300,315,346,356,356,376,376,447,447,467,485,501,198,208,208,236,246,246,271,282,317,98,114,114,187,187,202,202,302,315,333,367,367,398,398,432,452,481,481,492,492,492,492,492,492,183,213,213],"floor_reached":56,"playtime":3908,"items_purged":["Strike_B","Strike_B"],"score":2382,"play_id":"5547cfb9-a611-4ec7-9868-9e8970532c25","local_time":"20190302181451","is_ascension_mode":true,"campfire_choices":[{"data":"Defragment","floor":7.0,"key":"SMITH"},{"floor":13.0,"key":"REST"},{"data":"Defragment","floor":15.0,"key":"SMITH"},{"floor":23.0,"key":"RECALL"},{"floor":32.0,"key":"REST"},{"floor":41.0,"key":"REST"},{"floor":47.0,"key":"REST"},{"floor":49.0,"key":"REST"},{"floor":53.0,"key":"REST"}],"neow_cost":"NONE","seed_source_timestamp":0,"circlet_count":0,"master_deck":["AscendersBane","Strike_B","Strike_B","Defend_B","Defend_B","Defend_B","Defend_B","Zap","Dualcast","White Noise","Defragment+1","Storm","Glacier","Defragment+1","Ball Lightning","Go for the Eyes","Buffer","Cold Snap","Steam Power+1","Cold Snap","Undo","Conserve Battery+1","Streamline+1","Go for the Eyes+1","Compile Driver+1","Glacier","Rainbow","Hologram","BootSequence","Barrage+1","White Noise","Electrodynamics","Conserve Battery+1","Hologram","Core Surge+1","Apotheosis","Creative AI","Capacitor"],"special_seed":0,"relics":["Cracked Core","NeowsBlessing","Mercury Hourglass","Letter Opener","PreservedInsect","Fusion Hammer","Lee\u0027s Waffle","Molten Egg 2","The Courier","Matryoshka","Dead Branch","Meat on the Bone","Philosopher\u0027s Stone","Gambling Chip","Blue Candle","DataDisk","Orichalcum","Boot","Bag of Marbles","StoneCalendar"],"potions_floor_usage":[56,56],"damage_taken":[{"damage":0.0,"enemies":"Jaw Worm","floor":1.0,"turns":1.0},{"damage":0.0,"enemies":"2 Louse","floor":4.0,"turns":1.0},{"damage":0.0,"enemies":"3 Sentries","floor":6.0,"turns":1.0},{"damage":0.0,"enemies":"Cultist","floor":8.0,"turns":3.0},{"damage":11.0,"enemies":"Exordium Thugs","floor":10.0,"turns":2.0},{"damage":18.0,"enemies":"Lagavulin","floor":11.0,"turns":6.0},{"damage":0.0,"enemies":"Looter","floor":12.0,"turns":4.0},{"damage":7.0,"enemies":"Exordium Wildlife","floor":14.0,"turns":3.0},{"damage":18.0,"enemies":"Hexaghost","floor":16.0,"turns":7.0},{"damage":4.0,"enemies":"3 Byrds","floor":18.0,"turns":3.0},{"damage":29.0,"enemies":"2 Thieves","floor":19.0,"turns":4.0},{"damage":7.0,"enemies":"Centurion and Healer","floor":20.0,"turns":8.0},{"damage":0.0,"enemies":"Sentry and Sphere","floor":22.0,"turns":5.0},{"damage":20.0,"enemies":"Slavers","floor":24.0,"turns":4.0},{"damage":0.0,"enemies":"Snecko","floor":25.0,"turns":4.0},{"damage":9.0,"enemies":"Book of Stabbing","floor":27.0,"turns":5.0},{"damage":27.0,"enemies":"Shelled Parasite and Fungi","floor":28.0,"turns":6.0},{"damage":11.0,"enemies":"Gremlin Leader","floor":29.0,"turns":4.0},{"damage":14.0,"enemies":"Centurion and Healer","floor":31.0,"turns":6.0},{"damage":13.0,"enemies":"Automaton","floor":33.0,"turns":10.0},{"damage":3.0,"enemies":"Orb Walker","floor":35.0,"turns":4.0},{"damage":0.0,"enemies":"Mind Bloom Boss Battle","floor":37.0,"turns":6.0},{"damage":6.0,"enemies":"3 Darklings","floor":38.0,"turns":5.0},{"damage":14.0,"enemies":"Sphere and 2 Shapes","floor":39.0,"turns":6.0},{"damage":0.0,"enemies":"Giant Head","floor":40.0,"turns":7.0},{"damage":6.0,"enemies":"Nemesis","floor":42.0,"turns":5.0},{"damage":0.0,"enemies":"Giant Head","floor":44.0,"turns":8.0},{"damage":0.0,"enemies":"Spire Growth","floor":45.0,"turns":3.0},{"damage":0.0,"enemies":"Nemesis","floor":46.0,"turns":5.0},{"damage":0.0,"enemies":"Maw","floor":48.0,"turns":6.0},{"damage":0.0,"enemies":"Time Eater","floor":50.0,"turns":15.0},{"damage":22.0,"enemies":"Donu and Deca","floor":51.0,"turns":8.0},{"damage":33.0,"enemies":"Shield and Spear","floor":55.0,"turns":4.0},{"damage":46,"enemies":"The Heart","floor":56,"turns":8}],"seed_played":"-3234995901289825123","potions_obtained":[{"floor":1.0,"key":"EssenceOfSteel"},{"floor":12.0,"key":"FearPotion"},{"floor":14.0,"key":"Regen Potion"},{"floor":20.0,"key":"PowerPotion"},{"floor":28.0,"key":"SteroidPotion"},{"floor":31.0,"key":"Dexterity Potion"},{"floor":35.0,"key":"Weak Potion"},{"floor":42.0,"key":"Ancient Potion"},{"floor":46.0,"key":"PowerPotion"}],"is_trial":false,"path_per_floor":["M","?","?","M","?","E","R","M","T","M","E","M","R","M","R","B",null,"M","M","M","$","M","R","E","M","T","E","M","E","$","M","R","B",null,"M","?","?","M","M","E","R","E","T","E","M","E","R","M","R","B","B",null,"R","$","E","B"],"character_chosen":"DEFECT","items_purchased":["Lee\u0027s Waffle","Meat on the Bone","Apotheosis","Creative AI"],"campfire_rested":6,"item_purchase_floors":[21,30,54,54],"current_hp_per_floor":[64,53,53,53,46,46,46,46,46,35,17,17,38,31,31,13,57,53,24,17,78,78,78,58,58,58,49,34,23,23,21,44,43,69,66,66,66,60,46,46,69,63,63,63,63,63,78,78,78,78,56,73,78,78,45,0],"gold":213,"neow_bonus":"THREE_ENEMY_KILL","is_prod":false,"is_daily":false,"chose_seed":false,"campfire_upgraded":2,"win_rate":0,"timestamp":1551546891,"path_taken":["M","?","?","?","?","E","R","M","T","M","E","M","R","?","R","BOSS","M","M","M","$","M","R","E","M","T","E","M","E","$","M","R","BOSS","M","?","?","?","M","E","R","E","T","E","M","E","R","M","R","BOSS","BOSS","R","$","E","BOSS"],"build_version":"2019-02-06","purchased_purges":2,"victory":false,"max_hp_per_floor":[71,71,71,71,71,71,71,71,71,71,71,71,71,71,71,71,71,71,71,71,78,78,78,78,78,78,78,78,78,78,78,78,78,78,78,78,78,78,78,78,78,78,78,78,78,78,78,78,78,78,78,78,78,78,78,78],"card_choices":[{"not_picked":["Sweeping Beam","Streamline"],"picked":"Doom and Gloom","floor":1.0},{"not_picked":["Ball Lightning","Reinforced Body"],"picked":"White Noise","floor":4.0},{"not_picked":["Reinforced Body","Leap"],"picked":"Defragment","floor":6.0},{"not_picked":["Stack","Sweeping Beam"],"picked":"Storm","floor":8.0},{"not_picked":["Hologram","Rebound"],"picked":"Glacier","floor":10.0},{"not_picked":["Turbo","Barrage"],"picked":"Defragment","floor":11.0},{"not_picked":["Reinforced Body","Fusion"],"picked":"Ball Lightning","floor":12.0},{"not_picked":["Skim","Loop"],"picked":"Go for the Eyes","floor":14.0},{"not_picked":["Rainbow","Amplify"],"picked":"Buffer","floor":16.0},{"not_picked":["Skim","Barrage"],"picked":"Cold Snap","floor":18.0},{"not_picked":["Sweeping Beam","Go for the Eyes"],"picked":"Steam Power+1","floor":19.0},{"not_picked":["Darkness","Barrage"],"picked":"Cold Snap","floor":20.0},{"not_picked":["Lockon","Steam Power"],"picked":"Undo","floor":22.0},{"not_picked":["Leap","Reprogram"],"picked":"Conserve Battery+1","floor":24.0},{"not_picked":["Redo","Darkness"],"picked":"Streamline+1","floor":25.0},{"not_picked":["Steam Power+1","Rebound+1","Darkness"],"picked":"SKIP","floor":27.0},{"not_picked":["Ball Lightning+1","Aggregate+1"],"picked":"Go for the Eyes+1","floor":28.0},{"not_picked":["Conserve Battery","Hyperbeam+1"],"picked":"Compile Driver+1","floor":29.0},{"not_picked":["Redo","Aggregate"],"picked":"Glacier","floor":31.0},{"not_picked":["Multi-Cast","Fission"],"picked":"Rainbow","floor":33.0},{"not_picked":["Streamline+1","Skim","Turbo"],"picked":"SKIP","floor":35.0},{"not_picked":["Storm","Scrape+1"],"picked":"Hologram","floor":37.0},{"not_picked":["Coolheaded","Melter+1"],"picked":"BootSequence","floor":38.0},{"not_picked":["Streamline+1","Storm"],"picked":"Barrage+1","floor":39.0},{"not_picked":["Cold Snap+1","Seek"],"picked":"White Noise","floor":40.0},{"not_picked":["Streamline+1","Rebound+1"],"picked":"Electrodynamics","floor":42.0},{"not_picked":["Compile Driver+1","Turbo","Rip and Tear+1"],"picked":"SKIP","floor":44.0},{"not_picked":["Leap","Cold Snap+1"],"picked":"Conserve Battery+1","floor":45.0},{"not_picked":["Streamline+1","Leap"],"picked":"Hologram","floor":46.0},{"not_picked":["Conserve Battery","Loop+1"],"picked":"Core Surge+1","floor":48.0},{"not_picked":["Compile Driver+1","Barrage+1"],"picked":"Capacitor","floor":55.0}],"player_experience":965462,"relics_obtained":[{"floor":6.0,"key":"Mercury Hourglass"},{"floor":9.0,"key":"Letter Opener"},{"floor":11.0,"key":"PreservedInsect"},{"floor":24.0,"key":"Molten Egg 2"},{"floor":26.0,"key":"The Courier"},{"floor":27.0,"key":"Matryoshka"},{"floor":29.0,"key":"Dead Branch"},{"floor":37.0,"key":"Gambling Chip"},{"floor":40.0,"key":"Blue Candle"},{"floor":42.0,"key":"DataDisk"},{"floor":43.0,"key":"Orichalcum"},{"floor":44.0,"key":"Boot"},{"floor":46.0,"key":"Bag of Marbles"},{"floor":55.0,"key":"StoneCalendar"}],"event_choices":[{"damage_healed":0.0,"max_hp_gain":0.0,"max_hp_loss":0.0,"gold_gain":75.0,"event_name":"World of Goop","player_choice":"Gather Gold","floor":2.0,"gold_loss":0.0,"damage_taken":11.0},{"damage_healed":0.0,"max_hp_gain":0.0,"max_hp_loss":0.0,"gold_gain":0.0,"event_name":"Living Wall","player_choice":"Grow","floor":3.0,"gold_loss":0.0,"damage_taken":0.0,"cards_upgraded":["Doom and Gloom"]},{"damage_healed":0.0,"max_hp_gain":0.0,"max_hp_loss":0.0,"gold_gain":50.0,"event_name":"FaceTrader","player_choice":"Touch","floor":5.0,"gold_loss":0.0,"damage_taken":7.0},{"cards_removed":["Doom and Gloom"],"damage_healed":0.0,"max_hp_gain":0.0,"max_hp_loss":0.0,"gold_gain":0.0,"event_name":"Falling","player_choice":"Removed Attack","floor":36.0,"gold_loss":0.0,"damage_taken":0.0},{"damage_healed":0.0,"max_hp_gain":0.0,"max_hp_loss":0.0,"gold_gain":0.0,"event_name":"MindBloom","player_choice":"Fight","floor":37.0,"gold_loss":0.0,"damage_taken":0.0}],"is_beta":true,"boss_relics":[{"not_picked":["Coffee Dripper","White Beast Statue"],"picked":"Fusion Hammer"},{"not_picked":["FrozenCore","Pandora\u0027s Box"],"picked":"Philosopher\u0027s Stone"}],"items_purged_floors":[21,54],"is_endless":false,"potions_floor_spawned":[1,12,14,18,20,28,31,35,38,40,42,46,55],"killed_by":"The Heart","ascension_level":20}