{"gold_per_floor":[118,118,133,12,30,30,30,48,94,94,94,105,105,118,118,214,214,224,224,1,1,14,14,31,43,69,69,89,89,3,13,13,13],"floor_reached":33,"playtime":1790,"items_purged":["Strike_B"],"score":288,"play_id":"b7dd7b46-4a4e-44ce-bcb3-805048739e4a","local_time":"20190312234049","is_ascension_mode":true,"campfire_choices":[{"data":"Dualcast","floor":6,"key":"SMITH"},{"data":"White Noise","floor":10,"key":"SMITH"},{"data":"Cold Snap","floor":15,"key":"SMITH"},{"data":"Hologram","floor":23,"key":"SMITH"},{"floor":27,"key":"REST"},{"floor":32,"key":"REST"}],"neow_cost":"NONE","seed_source_timestamp":1015090900485888,"circlet_count":0,"master_deck":["Strike_B","Strike_B","Defend_B","Defend_B","Defend_B","Defend_B","Zap+1","Dualcast+1","Beam Cell+1","BootSequence","Cold Snap+1","All For One","White Noise+1","Blizzard","Core Surge","Blizzard","Turbo","Hologram+1","FTL","Conserve Battery+1","Go for the Eyes","Capacitor"],"special_seed":0,"relics":["Cracked Core","Juzu Bracelet","Inserter","Cables","Strawberry","Vajra"],"potions_floor_usage":[16,24,33],"damage_taken":[{"damage":1.0,"enemies":"Cultist","floor":1.0,"turns":3.0},{"damage":2.0,"enemies":"2 Louse","floor":3.0,"turns":2.0},{"damage":0,"enemies":"Jaw Worm","floor":5,"turns":3},{"damage":0,"enemies":"Looter","floor":8,"turns":3},{"damage":0,"enemies":"Red Slaver","floor":12,"turns":1},{"damage":19,"enemies":"Exordium Thugs","floor":14,"turns":3},{"damage":2,"enemies":"Slime Boss","floor":16,"turns":9},{"damage":11,"enemies":"3 Byrds","floor":18,"turns":5},{"damage":24,"enemies":"2 Thieves","floor":22,"turns":4},{"damage":17,"enemies":"Cultist and Chosen","floor":24,"turns":5},{"damage":22,"enemies":"Sentry and Sphere","floor":25,"turns":6},{"damage":4,"enemies":"Centurion and Healer","floor":28,"turns":7},{"damage":7,"enemies":"Colosseum Slavers","floor":29,"turns":5},{"damage":2,"enemies":"Cultist and Chosen","floor":31,"turns":7},{"damage":68,"enemies":"Automaton","floor":33,"turns":12}],"seed_played":"8287213756525333264","potions_obtained":[{"floor":3.0,"key":"Fire Potion"},{"floor":5,"key":"SkillPotion"},{"floor":12,"key":"Explosive Potion"},{"floor":16,"key":"PowerPotion"},{"floor":28,"key":"FearPotion"}],"is_trial":false,"path_per_floor":["M","?","M","$","M","R","?","M","T","R","?","M","?","M","R","B",null,"M","T","$","?","M","R","M","M","T","R","M","?","$","M","R","B"],"character_chosen":"DEFECT","items_purchased":["Cold Snap","Blizzard","Strawberry","Go for the Eyes","Capacitor"],"campfire_rested":2,"item_purchase_floors":[4,20,20,30,30],"current_hp_per_floor":[81,81,79,79,79,79,79,79,79,79,84,84,84,65,65,63,87,76,76,83,83,59,59,42,20,20,48,44,37,37,35,63,0],"gold":13,"neow_bonus":"TEN_PERCENT_HP_BONUS","is_prod":false,"is_daily":false,"chose_seed":false,"campfire_upgraded":4,"win_rate":0,"timestamp":1552448449,"path_taken":["M","?","?","$","M","R","?","?","T","R","?","M","?","M","R","BOSS","M","?","?","?","M","R","M","M","T","R","M","?","?","M","R","BOSS"],"build_version":"2019-01-23","purchased_purges":1,"victory":false,"max_hp_per_floor":[82,82,82,82,82,82,82,82,82,82,87,87,87,87,87,87,87,87,87,94,94,94,94,94,94,94,94,94,94,94,94,94,94],"card_choices":[{"not_picked":["Leap","Hologram"],"picked":"Beam Cell","floor":1.0},{"not_picked":["Leap","Auto Shields"],"picked":"BootSequence","floor":3.0},{"not_picked":["Scrape","Beam Cell"],"picked":"All For One","floor":5},{"not_picked":["Storm","Rebound"],"picked":"White Noise","floor":8},{"not_picked":["Fusion","Stack","Rebound"],"picked":"SKIP","floor":12},{"not_picked":["Sweeping Beam","Coolheaded"],"picked":"Blizzard","floor":14},{"not_picked":["Rainbow","Buffer"],"picked":"Core Surge","floor":16},{"not_picked":["Doom and Gloom","Leap","Streamline"],"picked":"SKIP","floor":18},{"not_picked":["Rebound","Ball Lightning+1"],"picked":"Hologram","floor":22},{"not_picked":["Sweeping Beam+1","Go for the Eyes"],"picked":"FTL","floor":24},{"not_picked":["Ball Lightning","Steam"],"picked":"Conserve Battery+1","floor":25},{"not_picked":["Meteor Strike","Melter","Lockon"],"picked":"SKIP","floor":28},{"not_picked":["Compile Driver","Rebound+1","Melter"],"picked":"SKIP","floor":31}],"player_experience":1224141,"relics_obtained":[{"floor":9,"key":"Juzu Bracelet"},{"floor":19,"key":"Cables"},{"floor":26,"key":"Vajra"}],"event_choices":[{"damage_healed":0.0,"max_hp_gain":0.0,"max_hp_loss":0.0,"gold_gain":0.0,"event_name":"Upgrade Shrine","player_choice":"Upgraded","floor":2.0,"gold_loss":0.0,"damage_taken":0.0,"cards_upgraded":["Zap"]},{"damage_healed":0,"gold_gain":0,"player_choice":"Forge","damage_taken":0,"max_hp_gain":0,"max_hp_loss":0,"event_name":"Accursed Blacksmith","floor":7,"gold_loss":0,"cards_upgraded":["Beam Cell"]},{"damage_healed":0,"gold_gain":0,"player_choice":"Donut","damage_taken":0,"max_hp_gain":5,"max_hp_loss":0,"event_name":"Big Fish","floor":11,"gold_loss":0},{"cards_removed":["Strike_B"],"damage_healed":0,"gold_gain":0,"player_choice":"Purged","damage_taken":0,"max_hp_gain":0,"max_hp_loss":0,"event_name":"Purifier","floor":13,"gold_loss":0},{"damage_healed":0,"gold_gain":0,"player_choice":"Read","damage_taken":0,"max_hp_gain":0,"max_hp_loss":0,"event_name":"The Library","floor":21,"gold_loss":0,"cards_obtained":["Turbo"]},{"damage_healed":0,"gold_gain":0,"player_choice":"Fight","damage_taken":0,"max_hp_gain":0,"max_hp_loss":0,"event_name":"Colosseum","floor":29,"gold_loss":0},{"damage_healed":0,"gold_gain":0,"player_choice":"Fled From Nobs","damage_taken":0,"max_hp_gain":0,"max_hp_loss":0,"event_name":"Colosseum","floor":29,"gold_loss":0}],"is_beta":false,"boss_relics":[{"not_picked":["Tiny House","Empty Cage"],"picked":"Inserter"}],"items_purged_floors":[4],"is_endless":false,"potions_floor_spawned":[3,5,12,14,16,22,28],"killed_by":"Automaton","ascension_level":2}