{"gold_per_floor":[111,130,17,17,17,56,26,26,49,123,142,142],"floor_reached":12,"playtime":238,"items_purged":[],"score":152,"play_id":"5cac9d1a-2041-4493-aa96-882a56b27e9c","local_time":"20190302205531","is_ascension_mode":true,"campfire_choices":[],"neow_cost":"NONE","seed_source_timestamp":35234772873321,"circlet_count":0,"master_deck":["AscendersBane","Strike_B","Strike_B+1","Strike_B","Strike_B","Defend_B","Defend_B","Defend_B","Defend_B","Zap","Dualcast","Steam","Ball Lightning+1","Capacitor","Cold Snap","Tempest","Leap","Darkness"],"relics":["Nuclear Battery","Golden Idol","Whetstone","Anchor","Smiling Mask"],"potions_floor_usage":[6,6],"damage_taken":[{"damage":7,"enemies":"Cultist","floor":1,"turns":5},{"damage":8,"enemies":"Jaw Worm","floor":2,"turns":4},{"damage":46,"enemies":"Gremlin Nob","floor":6,"turns":5},{"damage":0,"enemies":"2 Louse","floor":11,"turns":1},{"damage":15,"enemies":"3 Sentries","floor":12,"turns":4}],"seed_played":"9140370167441398112","potions_obtained":[{"floor":1,"key":"AttackPotion"},{"floor":6,"key":"Fruit Juice"}],"is_trial":false,"path_per_floor":["M","M","$","?","?","E","$","T","T","?","M","E"],"character_chosen":"DEFECT","items_purchased":["Capacitor","Cold Snap","Leap"],"campfire_rested":0,"item_purchase_floors":[3,3,7],"current_hp_per_floor":[57,49,49,49,54,13,13,13,13,13,13,0],"gold":142,"neow_bonus":"BOSS_RELIC","is_prod":false,"is_daily":false,"chose_seed":false,"campfire_upgraded":0,"win_rate":0,"timestamp":1551556531,"path_taken":["M","?","$","?","?","E","$","?","T","?","M","E"],"build_version":"2019-02-06","purchased_purges":0,"victory":false,"max_hp_per_floor":[71,71,71,64,69,74,74,74,74,74,74,74],"card_choices":[{"not_picked":["Hello World","Scrape"],"picked":"Steam","floor":1},{"not_picked":["Force Field","Steam"],"picked":"Ball Lightning","floor":2},{"not_picked":["Compile Driver","Redo"],"picked":"Tempest","floor":6},{"not_picked":["Streamline","Steam"],"picked":"Darkness","floor":11}],"player_experience":971480,"relics_obtained":[{"floor":6,"key":"Whetstone"},{"floor":8,"key":"Anchor"},{"floor":9,"key":"Smiling Mask"}],"event_choices":[{"damage_healed":0,"gold_gain":0,"player_choice":"Lose Max HP","damage_taken":0,"relics_obtained":["Golden Idol"],"max_hp_gain":0,"max_hp_loss":7,"event_name":"Golden Idol","floor":4,"gold_loss":0},{"damage_healed":0,"gold_gain":0,"player_choice":"Donut","damage_taken":0,"max_hp_gain":5,"max_hp_loss":0,"event_name":"Big Fish","floor":5,"gold_loss":0},{"damage_healed":0,"gold_gain":74,"player_choice":"Gained Gold","damage_taken":0,"max_hp_gain":0,"max_hp_loss":0,"event_name":"Golden Wing","floor":10,"gold_loss":0}],"is_beta":true,"boss_relics":[],"items_purged_floors":[],"is_endless":false,"potions_floor_spawned":[1,6],"killed_by":"3 Sentries","ascension_level":20}