{"gold_per_floor":[112,112,112,112,129,156,156,186,186,207,207,227,73,83,83,161,161,181,231,244,254,74,105,105,120,199,199,234,234,269,288,288,366,416,436,452,470,470,200,226,226,260,339,354,382,382,382,411,411,411,411],"floor_reached":51,"playtime":3050,"items_purged":["Regret"],"score":1687,"play_id":"ebcf946d-b0a1-427b-8342-bcc4eaca0be9","local_time":"20190305172834","is_ascension_mode":true,"campfire_choices":[{"data":"Electrodynamics","floor":7.0,"key":"SMITH"},{"data":"Storm","floor":15.0,"key":"SMITH"},{"data":"Buffer","floor":24.0,"key":"SMITH"},{"floor":27.0,"key":"RECALL"},{"data":"Biased Cognition","floor":29.0,"key":"SMITH"},{"floor":32.0,"key":"REST"},{"data":"Fission","floor":41.0,"key":"SMITH"},{"floor":46.0,"key":"REST"},{"data":"Thunder Strike","floor":49.0,"key":"SMITH"}],"neow_cost":"NONE","seed_source_timestamp":0,"circlet_count":0,"master_deck":["AscendersBane","Strike_B","Strike_B","Strike_B","Strike_B","Defend_B","Defend_B+1","Defend_B","Defend_B","Zap","Dualcast","Conserve Battery","Defragment+1","Glacier","Rebound","Cold Snap","Go for the Eyes","Electrodynamics+1","Storm+1","Undo","Glacier","Buffer+1","Capacitor+1","Hologram+1","Tempest+1","Biased Cognition+1","Thunder Strike+1","BootSequence","Go for the Eyes+1","Fission+1","Conserve Battery","Finesse","Storm","Leap","Tempest","Aggregate"],"special_seed":0,"relics":["Orrery","Bottled Lightning","Mummified Hand","DataDisk","Odd Mushroom","Unceasing Top","Sozu","Happy Flower","Gremlin Horn","Letter Opener","The Courier","Tiny House","Bronze Scales","Lantern","Bottled Flame","Potion Belt","Prayer Wheel","Bag of Preparation"],"potions_floor_usage":[],"damage_taken":[{"damage":5.0,"enemies":"Small Slimes","floor":1.0,"turns":5.0},{"damage":2.0,"enemies":"Jaw Worm","floor":5.0,"turns":6.0},{"damage":9.0,"enemies":"Lagavulin","floor":6.0,"turns":11.0},{"damage":6.0,"enemies":"3 Sentries","floor":8.0,"turns":4.0},{"damage":0.0,"enemies":"The Mushroom Lair","floor":10.0,"turns":3.0},{"damage":0.0,"enemies":"2 Louse","floor":12.0,"turns":2.0},{"damage":0.0,"enemies":"2 Fungi Beasts","floor":14.0,"turns":3.0},{"damage":35.0,"enemies":"Hexaghost","floor":16.0,"turns":17.0},{"damage":0.0,"enemies":"Spheric Guardian","floor":18.0,"turns":5.0},{"damage":0.0,"enemies":"Shell Parasite","floor":20.0,"turns":4.0},{"damage":0.0,"enemies":"Snake Plant","floor":21.0,"turns":5.0},{"damage":7.0,"enemies":"Gremlin Leader","floor":23.0,"turns":6.0},{"damage":0.0,"enemies":"Centurion and Healer","floor":25.0,"turns":5.0},{"damage":0.0,"enemies":"Slavers","floor":28.0,"turns":4.0},{"damage":14.0,"enemies":"Book of Stabbing","floor":30.0,"turns":6.0},{"damage":0.0,"enemies":"Snecko","floor":31.0,"turns":5.0},{"damage":3.0,"enemies":"Champ","floor":33.0,"turns":13.0},{"damage":0.0,"enemies":"Orb Walker","floor":35.0,"turns":6.0},{"damage":0.0,"enemies":"3 Shapes","floor":36.0,"turns":4.0},{"damage":7.0,"enemies":"3 Darklings","floor":37.0,"turns":3.0},{"damage":0.0,"enemies":"Nemesis","floor":40.0,"turns":5.0},{"damage":22.0,"enemies":"Reptomancer","floor":42.0,"turns":5.0},{"damage":4.0,"enemies":"4 Shapes","floor":44.0,"turns":5.0},{"damage":15.0,"enemies":"Nemesis","floor":45.0,"turns":7.0},{"damage":4.0,"enemies":"Giant Head","floor":48.0,"turns":7.0},{"damage":30.0,"enemies":"Time Eater","floor":50.0,"turns":10.0},{"damage":26,"enemies":"Awakened One","floor":51,"turns":6}],"seed_played":"-370001576270237991","potions_obtained":[{"floor":1.0,"key":"Swift Potion"},{"floor":10.0,"key":"GamblersBrew"}],"is_trial":false,"path_per_floor":["M","?","?","$","M","E","R","E","T","?","?","M","$","M","R","B",null,"M","?","M","M","$","E","R","M","T","R","E","R","E","M","R","B",null,"M","M","M","?","$","E","R","E","T","M","E","R","?","E","R","B","B"],"character_chosen":"DEFECT","items_purchased":["Glacier","Biased Cognition","Bronze Scales","Lantern"],"campfire_rested":2,"item_purchase_floors":[13,22,39,39],"current_hp_per_floor":[59,59,59,59,57,48,48,42,42,42,42,42,42,42,42,7,55,55,55,55,55,55,48,48,48,48,48,48,48,34,34,55,52,71,71,71,64,64,64,64,64,42,42,38,23,45,45,41,41,11,0],"gold":411,"neow_bonus":"BOSS_RELIC","is_prod":false,"is_daily":false,"chose_seed":false,"campfire_upgraded":6,"win_rate":0,"timestamp":1551803314,"path_taken":["M","?","?","$","M","E","R","E","T","?","?","M","$","M","R","BOSS","M","?","M","M","$","E","R","M","T","R","E","R","E","M","R","BOSS","M","M","M","?","$","E","R","E","T","M","E","R","?","E","R","BOSS","BOSS"],"build_version":"2019-02-06","purchased_purges":1,"victory":false,"max_hp_per_floor":[71,71,71,71,71,71,71,71,71,71,71,71,71,71,71,71,71,71,71,71,71,71,71,71,71,71,71,71,71,71,71,71,71,76,76,76,76,76,76,76,76,76,76,76,76,76,76,76,76,76,76],"card_choices":[{"not_picked":["Tempest","Rebound"],"picked":"Conserve Battery","floor":0.0},{"not_picked":["Compile Driver","Hologram"],"picked":"Defragment","floor":0.0},{"not_picked":["Rebound","Cold Snap"],"picked":"Glacier","floor":0.0},{"not_picked":["Redo","Hello World"],"picked":"Rebound","floor":0.0},{"not_picked":["Hologram","Leap"],"picked":"Cold Snap","floor":0.0},{"not_picked":["Recycle","Stack"],"picked":"Go for the Eyes","floor":1.0},{"not_picked":["Sunder","Compile Driver","Hologram"],"picked":"SKIP","floor":5.0},{"not_picked":["Hologram","Stack"],"picked":"Electrodynamics","floor":6.0},{"not_picked":["Gash","Conserve Battery"],"picked":"Storm","floor":8.0},{"not_picked":["Sweeping Beam","Beam Cell"],"picked":"Undo","floor":12.0},{"not_picked":["Steam","Tempest","Aggregate"],"picked":"SKIP","floor":14.0},{"not_picked":["Multi-Cast","Amplify"],"picked":"Buffer","floor":16.0},{"not_picked":["Turbo","Rebound"],"picked":"Capacitor+1","floor":18.0},{"not_picked":["Rebound","Hologram+1","Barrage"],"picked":"SKIP","floor":20.0},{"not_picked":["Rebound","Barrage"],"picked":"Hologram+1","floor":20.0},{"not_picked":["Steam","Gash"],"picked":"Tempest+1","floor":21.0},{"not_picked":["Redo+1","Sweeping Beam","Rip and Tear"],"picked":"SKIP","floor":23.0},{"not_picked":["Thunder Strike","Fusion","Heatsinks"],"picked":"SKIP","floor":25.0},{"not_picked":["Fusion","Heatsinks"],"picked":"Thunder Strike","floor":25.0},{"not_picked":["Force Field","Beam Cell"],"picked":"BootSequence","floor":28.0},{"not_picked":["Lockon","Recycle","Undo"],"picked":"SKIP","floor":30.0},{"not_picked":["Lockon","Recycle","Undo"],"picked":"SKIP","floor":30.0},{"not_picked":["Steam","Static Discharge"],"picked":"Go for the Eyes+1","floor":31.0},{"not_picked":["All For One","Amplify"],"picked":"Fission","floor":33.0},{"not_picked":["Turbo","Fusion"],"picked":"Blizzard","floor":34.0},{"not_picked":["Hologram","Undo","Conserve Battery"],"picked":"SKIP","floor":35.0},{"not_picked":["Compile Driver","Stack","Gash"],"picked":"SKIP","floor":36.0},{"not_picked":["Sweeping Beam","Machine Learning"],"picked":"Conserve Battery","floor":37.0},{"not_picked":["Violence","PanicButton"],"picked":"Finesse","floor":38.0},{"not_picked":["Undo","Redo+1"],"picked":"Storm","floor":40.0},{"not_picked":["Rebound+1","Compile Driver+1"],"picked":"Leap","floor":42.0},{"not_picked":["Compile Driver","Hologram"],"picked":"Tempest","floor":44.0},{"not_picked":["Heatsinks","Recycle","Rip and Tear+1"],"picked":"SKIP","floor":45.0},{"not_picked":["Storm","Sweeping Beam"],"picked":"Aggregate","floor":48.0}],"player_experience":991409,"relics_obtained":[{"floor":6.0,"key":"Bottled Lightning"},{"floor":8.0,"key":"Mummified Hand"},{"floor":9.0,"key":"DataDisk"},{"floor":10.0,"key":"Odd Mushroom"},{"floor":23.0,"key":"Happy Flower"},{"floor":26.0,"key":"Gremlin Horn"},{"floor":28.0,"key":"Letter Opener"},{"floor":30.0,"key":"The Courier"},{"floor":40.0,"key":"Bottled Flame"},{"floor":42.0,"key":"Potion Belt"},{"floor":45.0,"key":"Prayer Wheel"},{"floor":48.0,"key":"Bag of Preparation"}],"event_choices":[{"damage_healed":0.0,"max_hp_gain":0.0,"max_hp_loss":0.0,"gold_gain":0.0,"event_name":"Living Wall","player_choice":"Grow","floor":2.0,"gold_loss":0.0,"damage_taken":0.0,"cards_upgraded":["Defragment"]},{"damage_healed":0.0,"max_hp_gain":0.0,"max_hp_loss":0.0,"gold_gain":0.0,"event_name":"Shining Light","player_choice":"Ignored","floor":3.0,"gold_loss":0.0,"damage_taken":0.0},{"damage_healed":0.0,"max_hp_gain":0.0,"max_hp_loss":0.0,"gold_gain":0.0,"event_name":"Mushrooms","player_choice":"Fought Mushrooms","floor":10.0,"gold_loss":0.0,"damage_taken":0.0},{"damage_healed":0.0,"max_hp_gain":0.0,"max_hp_loss":0.0,"gold_gain":0.0,"event_name":"Big Fish","player_choice":"Box","floor":11.0,"gold_loss":0.0,"damage_taken":0.0,"relics_obtained":["Unceasing Top"],"cards_obtained":["Regret"]},{"damage_healed":0.0,"max_hp_gain":0.0,"max_hp_loss":0.0,"gold_gain":50.0,"event_name":"Nest","player_choice":"Stole From Cult","floor":19.0,"gold_loss":0.0,"damage_taken":0.0},{"damage_healed":0.0,"max_hp_gain":0.0,"max_hp_loss":0.0,"gold_gain":0.0,"event_name":"SensoryStone","player_choice":"Memory 1","floor":38.0,"gold_loss":0.0,"damage_taken":0.0},{"cards_removed":["Blizzard"],"damage_healed":0.0,"max_hp_gain":0.0,"max_hp_loss":0.0,"gold_gain":0.0,"event_name":"Falling","player_choice":"Removed Attack","floor":47.0,"gold_loss":0.0,"damage_taken":0.0}],"is_beta":true,"boss_relics":[{"not_picked":["Runic Pyramid","Velvet Choker"],"picked":"Sozu"},{"not_picked":["Coffee Dripper","Runic Dome"],"picked":"Tiny House"}],"items_purged_floors":[13],"is_endless":false,"potions_floor_spawned":[1,10,12,21,30,31,35,37,44,45,48],"killed_by":"Awakened One","ascension_level":20}