{"gold_per_floor":[116,116,116,40,51,79,129,30,53,65,111,123,192,219,231,339,351,381,393,416,428,453,465,85,104,129,152,152,152,184,196,196,301,301,316,333,349,50,64,82,114,114,114,130,130,145,145,160,160,160],"floor_reached":51,"playtime":7008,"items_purged":["Strike_G","Strike_G"],"score":742,"play_id":"d64717f8-3561-48e9-9adb-247a794df597","local_time":"20190308203336","is_ascension_mode":false,"campfire_choices":[{"data":"Endless Agony","floor":10,"key":"SMITH"},{"data":"Neutralize","floor":12,"key":"SMITH"},{"data":"Glass Knife","floor":15,"key":"SMITH"},{"data":"Choke","floor":28,"key":"SMITH"},{"floor":32,"key":"REST"},{"data":"Blade Dance","floor":42,"key":"SMITH"},{"data":"A Thousand Cuts","floor":45,"key":"SMITH"},{"data":"Prepared","floor":49,"key":"SMITH"}],"neow_cost":"NONE","seed_source_timestamp":29812084648747,"circlet_count":0,"master_deck":["Defend_G","Defend_G","Defend_G","Survivor","Neutralize+1","Infinite Blades","Infinite Blades","Flying Knee","Endless Agony+1","Backflip","Slice","Glass Knife+1","Flying Knee","Venomology","Finisher+1","Slice","Choke+1","Blade Dance+1","Infinite Blades","Deflect+1","Endless Agony+1","Slice","A Thousand Cuts+1","Backstab+1","Backstab","Prepared+1","Terror+1","Infinite Blades+1","Slice","Backflip+1"],"relics":["Eternal Feather","PreservedInsect","Bag of Marbles","Potion Belt","MawBank","Lantern","Tiny Chest","Empty Cage","Darkstone Periapt","Shuriken","Happy Flower","Pen Nib","Boot","WristBlade","Ninja Scroll","Ancient Tea Set","Toxic Egg 2"],"potions_floor_usage":[16,16,16,20,22,25,33,33,33,33,36,37,41,46,46,46,50,50,50],"damage_taken":[{"damage":0,"enemies":"Jaw Worm","floor":1,"turns":5},{"damage":1,"enemies":"2 Louse","floor":5,"turns":3},{"damage":19,"enemies":"3 Sentries","floor":6,"turns":7},{"damage":8,"enemies":"Lagavulin","floor":11,"turns":6},{"damage":3,"enemies":"Gremlin Nob","floor":13,"turns":3},{"damage":0,"enemies":"Cultist","floor":14,"turns":2},{"damage":55,"enemies":"The Guardian","floor":16,"turns":15},{"damage":7,"enemies":"3 Byrds","floor":18,"turns":7},{"damage":17,"enemies":"Spheric Guardian","floor":20,"turns":4},{"damage":12,"enemies":"3 Cultists","floor":22,"turns":4},{"damage":0,"enemies":"Sentry and Sphere","floor":25,"turns":3},{"damage":21,"enemies":"Book of Stabbing","floor":30,"turns":3},{"damage":3,"enemies":"Centurion and Healer","floor":31,"turns":5},{"damage":7,"enemies":"Champ","floor":33,"turns":4},{"damage":0,"enemies":"Orb Walker","floor":35,"turns":1},{"damage":22,"enemies":"3 Darklings","floor":36,"turns":3},{"damage":5,"enemies":"4 Shapes","floor":37,"turns":3},{"damage":0,"enemies":"Sphere and 2 Shapes","floor":39,"turns":2},{"damage":7,"enemies":"3 Darklings","floor":40,"turns":3},{"damage":0,"enemies":"Reptomancer","floor":41,"turns":1},{"damage":9,"enemies":"4 Shapes","floor":44,"turns":2},{"damage":16,"enemies":"Maw","floor":46,"turns":3},{"damage":0,"enemies":"Jaw Worm Horde","floor":48,"turns":1},{"damage":39,"enemies":"Donu and Deca","floor":50,"turns":4}],"seed_played":"4218983943165774322","potions_obtained":[{"floor":5,"key":"SkillPotion"},{"floor":6,"key":"AttackPotion"},{"floor":13,"key":"Block Potion"},{"floor":20,"key":"Block Potion"},{"floor":31,"key":"GamblersBrew"},{"floor":33,"key":"Poison Potion"},{"floor":35,"key":"PowerPotion"},{"floor":40,"key":"Fire Potion"},{"floor":41,"key":"Ancient Potion"},{"floor":44,"key":"Strength Potion"},{"floor":46,"key":"Dexterity Potion"}],"is_trial":false,"path_per_floor":["?","?","T","?","?","T","$","M","T","?","M","?"],"character_chosen":"THE_SILENT","items_purchased":["Infinite Blades","Backflip","Shuriken","Infinite Blades","Ninja Scroll","Energy Potion"],"campfire_rested":1,"item_purchase_floors":[4,8,24,24,38,38],"current_hp_per_floor":[70,67,60,60,59,40,40,40,40,49,41,50,47,47,56,1,70,63,63,51,51,39,39,39,39,39,39,51,51,30,27,60,53,70,70,48,43,43,43,36,36,51,51,42,57,41,41,41,59,20],"gold":160,"neow_bonus":"BOSS_RELIC","is_prod":false,"is_daily":false,"chose_seed":false,"campfire_upgraded":7,"win_rate":0.0,"timestamp":1552073616,"path_taken":["M","?","?","$","M","E","?","$","T","R","E","R","E","M","R","BOSS","M","?","M","?","M","?","?","?","T","?","R","?","E","M","R","BOSS","M","?","M","$","M","M","E","R","T","M","R","M","?","M","R","BOSS"],"build_version":"2019-01-23","purchased_purges":2,"victory":true,"max_hp_per_floor":[70,70,70,70,70,70,70,70,70,70,70,70,70,70,70,70,70,70,70,70,70,70,70,70,70,70,70,70,70,70,70,70,70,70,70,70,70,70,70,70,70,70,70,70,70,70,70,70,70,70],"card_choices":[{"not_picked":["Blade Dance","Flying Knee"],"picked":"Infinite Blades","floor":1},{"not_picked":["Dagger Spray","Acrobatics"],"picked":"Flying Knee","floor":5},{"not_picked":["Slice","Deadly Poison"],"picked":"Endless Agony","floor":6},{"not_picked":["Noxious Fumes","Prepared"],"picked":"Slice","floor":11},{"not_picked":["Quick Slash","Acrobatics"],"picked":"Glass Knife","floor":13},{"not_picked":["Acrobatics","Bane"],"picked":"Flying Knee","floor":14},{"not_picked":["Burst","Adrenaline"],"picked":"Venomology","floor":16},{"not_picked":["Calculated Gamble","All Out Attack"],"picked":"Finisher+1","floor":18},{"not_picked":["Expertise","Dodge and Roll+1"],"picked":"Slice","floor":20},{"not_picked":["Quick Slash","Masterful Stab"],"picked":"Blade Dance","floor":22},{"not_picked":["Terror","Underhanded Strike+1"],"picked":"Deflect+1","floor":25},{"not_picked":["Deflect","Prepared+1"],"picked":"Endless Agony+1","floor":30},{"not_picked":["Blade Dance","Outmaneuver"],"picked":"Slice","floor":31},{"not_picked":["Bullet Time","Corpse Explosion"],"picked":"A Thousand Cuts","floor":33},{"not_picked":["Expertise","Bane+1","Crippling Poison"],"picked":"SKIP","floor":35},{"not_picked":["PiercingWail","Riddle With Holes"],"picked":"Backstab+1","floor":36},{"not_picked":["PiercingWail+1","Noxious Fumes"],"picked":"Backstab","floor":37},{"not_picked":["Flying Knee+1","Poisoned Stab+1"],"picked":"Prepared","floor":39},{"not_picked":["Sucker Punch","Poisoned Stab"],"picked":"Terror+1","floor":40},{"not_picked":["Escape Plan","Unload"],"picked":"Infinite Blades+1","floor":41},{"not_picked":["Masterful Stab+1","PiercingWail+1","Sucker Punch"],"picked":"SKIP","floor":44},{"not_picked":["Sucker Punch","Quick Slash+1"],"picked":"Slice","floor":46},{"not_picked":["Bouncing Flask+1","Bane+1"],"picked":"Backflip+1","floor":48}],"player_experience":53844,"relics_obtained":[{"floor":6,"key":"Bag of Marbles"},{"floor":7,"key":"Potion Belt"},{"floor":9,"key":"MawBank"},{"floor":11,"key":"Lantern"},{"floor":13,"key":"Tiny Chest"},{"floor":23,"key":"Darkstone Periapt"},{"floor":26,"key":"Happy Flower"},{"floor":27,"key":"Pen Nib"},{"floor":30,"key":"Boot"},{"floor":41,"key":"Ancient Tea Set"},{"floor":43,"key":"Toxic Egg 2"}],"event_choices":[{"damage_healed":0,"gold_gain":0,"player_choice":"Success","damage_taken":3,"relics_obtained":["PreservedInsect"],"max_hp_gain":0,"max_hp_loss":0,"event_name":"Scrap Ooze","floor":2,"gold_loss":0},{"cards_removed":["Defend_G"],"damage_healed":0,"gold_gain":0,"player_choice":"Card Removal","damage_taken":7,"max_hp_gain":0,"max_hp_loss":0,"event_name":"Golden Wing","floor":3,"gold_loss":0},{"damage_healed":0,"gold_gain":0,"player_choice":"Ignored","damage_taken":0,"max_hp_gain":0,"max_hp_loss":0,"event_name":"Ghosts","floor":19,"gold_loss":0},{"damage_healed":0,"gold_gain":0,"player_choice":"Read","damage_taken":0,"max_hp_gain":0,"max_hp_loss":0,"event_name":"The Library","floor":21,"gold_loss":0,"cards_obtained":["Choke"]},{"cards_removed":["Defend_G"],"damage_healed":0,"gold_gain":0,"player_choice":"Card Removal","damage_taken":0,"max_hp_gain":0,"max_hp_loss":0,"event_name":"Wheel of Change","floor":29,"gold_loss":0},{"cards_removed":["Strike_G"],"damage_healed":0,"gold_gain":0,"player_choice":"Purged","damage_taken":0,"max_hp_gain":0,"max_hp_loss":0,"event_name":"Purifier","floor":47,"gold_loss":0}],"is_beta":false,"boss_relics":[{"not_picked":["Velvet Choker","Runic Dome"],"picked":"Empty Cage"},{"not_picked":["Calling Bell","Runic Pyramid"],"picked":"WristBlade"}],"items_purged_floors":[8,24],"is_endless":false,"potions_floor_spawned":[5,6,13,20,31,33,35,40,41,44,46],"ascension_level":0}