{"gold_per_floor":[119,119,119,134,153,188,188,113,138,82,82,96,116,147,147,147],"floor_reached":16,"playtime":423,"items_purged":["Strike_B"],"score":215,"play_id":"0df86bdb-bf3b-4e4b-826d-f318ab757894","local_time":"20190310231601","is_ascension_mode":true,"campfire_choices":[{"floor":7,"key":"REST"},{"floor":15,"key":"REST"}],"neow_cost":"NONE","seed_source_timestamp":26711539828500,"circlet_count":0,"master_deck":["AscendersBane","Strike_B","Defend_B","Defend_B","Defend_B","Defend_B","Zap","Dualcast","Core Surge","Streamline","Conserve Battery","Ball Lightning","Ball Lightning","Glacier","Cold Snap"],"relics":["Cracked Core","Bronze Scales","Omamori","Orichalcum","Dream Catcher"],"potions_floor_usage":[6,14],"damage_taken":[{"damage":8,"enemies":"2 Louse","floor":1,"turns":2},{"damage":7,"enemies":"Jaw Worm","floor":4,"turns":3},{"damage":0,"enemies":"Small Slimes","floor":5,"turns":3},{"damage":24,"enemies":"Gremlin Nob","floor":6,"turns":4},{"damage":1,"enemies":"Blue Slaver","floor":12,"turns":2},{"damage":2,"enemies":"Exordium Wildlife","floor":13,"turns":3},{"damage":10,"enemies":"Lagavulin","floor":14,"turns":6},{"damage":48,"enemies":"Slime Boss","floor":16,"turns":6}],"seed_played":"-3855070642783947707","potions_obtained":[{"floor":4,"key":"Energy Potion"},{"floor":5,"key":"Poison Potion"},{"floor":6,"key":"AttackPotion"}],"is_trial":false,"path_per_floor":["M","?","?","M","M","E","R","$","T","?","?","M","M","E","R","B"],"character_chosen":"DEFECT","items_purchased":[],"campfire_rested":2,"item_purchase_floors":[],"current_hp_per_floor":[56,51,44,37,37,13,34,34,34,34,34,33,31,21,42,0],"gold":147,"neow_bonus":"ONE_RANDOM_RARE_CARD","is_prod":false,"is_daily":false,"chose_seed":false,"campfire_upgraded":0,"win_rate":0,"timestamp":1552274161,"path_taken":["M","?","?","M","M","E","R","$","T","?","?","?","M","E","R","BOSS"],"build_version":"2019-01-23","purchased_purges":1,"victory":false,"max_hp_per_floor":[71,71,71,71,71,71,71,71,71,71,71,71,71,71,71,71],"card_choices":[{"not_picked":["Coolheaded","Scrape"],"picked":"Streamline","floor":1},{"not_picked":["Consume","Recycle"],"picked":"Conserve Battery","floor":4},{"not_picked":["Steam","Beam Cell"],"picked":"Ball Lightning","floor":5},{"not_picked":["Melter","Streamline"],"picked":"Ball Lightning","floor":6},{"not_picked":["Barrage","Consume","Hyperbeam"],"picked":"SKIP","floor":12},{"not_picked":["Gash","Skim"],"picked":"Glacier","floor":13},{"not_picked":["Recycle","Conserve Battery","Self Repair"],"picked":"SKIP","floor":14},{"not_picked":["Barrage","Sweeping Beam"],"picked":"Cold Snap","floor":15}],"player_experience":1308127,"relics_obtained":[{"floor":6,"key":"Omamori"},{"floor":9,"key":"Orichalcum"},{"floor":14,"key":"Dream Catcher"}],"event_choices":[{"damage_healed":0,"gold_gain":0,"player_choice":"Success","damage_taken":5,"relics_obtained":["Bronze Scales"],"max_hp_gain":0,"max_hp_loss":0,"event_name":"Scrap Ooze","floor":2,"gold_loss":0},{"cards_removed":["Strike_B"],"damage_healed":0,"gold_gain":0,"player_choice":"Card Removal","damage_taken":7,"max_hp_gain":0,"max_hp_loss":0,"event_name":"Golden Wing","floor":3,"gold_loss":0},{"damage_healed":0,"gold_gain":0,"player_choice":"Left Gold","damage_taken":0,"max_hp_gain":0,"max_hp_loss":0,"event_name":"World of Goop","floor":10,"gold_loss":56},{"cards_removed":["Strike_B"],"damage_healed":0,"gold_gain":0,"player_choice":"Forget","damage_taken":0,"max_hp_gain":0,"max_hp_loss":0,"event_name":"Living Wall","floor":11,"gold_loss":0}],"is_beta":false,"boss_relics":[],"items_purged_floors":[8],"is_endless":false,"potions_floor_spawned":[4,5,6],"killed_by":"Slime Boss","ascension_level":19}