{"gold_per_floor":[109,126,51,51,51,51,16,50,62,74,86,111,149,174,186,272,284,308,320,332,344,376,388,400],"floor_reached":24,"playtime":884,"items_purged":[],"score":443,"play_id":"0881ccf1-ce27-4179-9d93-eb096a1ce5ff","local_time":"20181222203640","is_ascension_mode":true,"campfire_choices":[{"data":"Bouncing Flask","floor":6.0,"key":"SMITH"},{"data":"Footwork","floor":15.0,"key":"SMITH"},{"floor":23.0,"key":"REST"}],"neow_cost":"NONE","seed_source_timestamp":42225197629669,"circlet_count":0,"master_deck":["AscendersBane","Defend_G","Defend_G","Defend_G","Defend_G","Defend_G","Strike_G","Strike_G","Strike_G","Strike_G","Survivor","Neutralize","Footwork+1","Bouncing Flask+1","Regret","Endless Agony","Dagger Throw","Heel Hook","After Image","Endless Agony","Bullet Time","Underhanded Strike","PiercingWail"],"special_seed":0,"relics":["Ring of the Snake","NeowsBlessing","The Courier","MawBank","Mercury Hourglass","Shuriken","Ice Cream","Snecko Eye","MutagenicStrength"],"potions_floor_usage":[24],"damage_taken":[{"damage":0.0,"enemies":"Small Slimes","floor":1.0,"turns":1.0},{"damage":0.0,"enemies":"2 Louse","floor":2.0,"turns":1.0},{"damage":0.0,"enemies":"Lagavulin","floor":8.0,"turns":1.0},{"damage":0.0,"enemies":"Jaw Worm","floor":12.0,"turns":3.0},{"damage":31.0,"enemies":"Gremlin Nob","floor":13.0,"turns":4.0},{"damage":11.0,"enemies":"Exordium Wildlife","floor":14.0,"turns":6.0},{"damage":26.0,"enemies":"Slime Boss","floor":16.0,"turns":9.0},{"damage":22.0,"enemies":"2 Thieves","floor":18.0,"turns":5.0},{"damage":5.0,"enemies":"Colosseum Slavers","floor":20.0,"turns":4.0},{"damage":8.0,"enemies":"Shell Parasite","floor":22.0,"turns":3.0},{"damage":40,"enemies":"Book of Stabbing","floor":24,"turns":3}],"seed_played":"7971991858657339342","potions_obtained":[{"floor":1.0,"key":"SkillPotion"},{"floor":2.0,"key":"Regen Potion"},{"floor":8.0,"key":"PowerPotion"},{"floor":16.0,"key":"Strength Potion"}],"is_trial":false,"path_per_floor":["M","M","?","$","?","R","$","E","T","$","T","M","E","M","R","B",null,"M","$","?","?","M","R","E"],"character_chosen":"THE_SILENT","items_purchased":["Endless Agony"],"campfire_rested":1,"item_purchase_floors":[7],"current_hp_per_floor":[59,59,59,59,59,59,59,59,59,59,59,59,28,32,32,6,51,29,29,24,24,16,35,0],"gold":400,"neow_bonus":"THREE_ENEMY_KILL","is_prod":false,"is_daily":false,"chose_seed":false,"campfire_upgraded":2,"win_rate":0,"timestamp":1545507400,"path_taken":["M","M","?","$","?","R","$","E","T","$","?","?","E","M","R","BOSS","M","?","?","?","M","R","E"],"build_version":"2018-12-20","purchased_purges":0,"victory":false,"max_hp_per_floor":[66,66,66,66,66,66,66,66,66,66,66,66,66,66,66,66,66,66,66,66,66,66,66,66],"card_choices":[{"not_picked":["Dagger Spray","Prepared"],"picked":"Footwork","floor":1.0},{"not_picked":["Underhanded Strike","Calculated Gamble"],"picked":"Bouncing Flask","floor":2.0},{"not_picked":["Setup","Bane"],"picked":"Dagger Throw","floor":8.0},{"not_picked":["Underhanded Strike","Predator","Heel Hook"],"picked":"SKIP","floor":12.0},{"not_picked":["Underhanded Strike","Predator"],"picked":"Heel Hook","floor":12.0},{"not_picked":["Backstab","Dagger Spray"],"picked":"After Image","floor":13.0},{"not_picked":["PiercingWail","Terror"],"picked":"Endless Agony","floor":14.0},{"not_picked":["Phantasmal Killer","Malaise"],"picked":"Bullet Time","floor":16.0},{"not_picked":["Bane","Poisoned Stab"],"picked":"Underhanded Strike","floor":18.0},{"not_picked":["Outmaneuver","Blade Dance"],"picked":"PiercingWail","floor":22.0}],"player_experience":857083,"relics_obtained":[{"floor":8.0,"key":"MawBank"},{"floor":9.0,"key":"Mercury Hourglass"},{"floor":11.0,"key":"Shuriken"},{"floor":13.0,"key":"Ice Cream"}],"event_choices":[{"cards_removed":["Strike_G"],"damage_healed":0.0,"max_hp_gain":0.0,"max_hp_loss":0.0,"gold_gain":0.0,"event_name":"The Cleric","player_choice":"Card Removal","floor":3.0,"gold_loss":75.0,"damage_taken":0.0},{"damage_healed":0.0,"max_hp_gain":0.0,"max_hp_loss":0.0,"gold_gain":0.0,"event_name":"Big Fish","player_choice":"Box","floor":5.0,"gold_loss":0.0,"damage_taken":0.0,"relics_obtained":["The Courier"],"cards_obtained":["Regret"]},{"damage_healed":0.0,"max_hp_gain":0.0,"max_hp_loss":0.0,"gold_gain":0.0,"event_name":"Colosseum","player_choice":"Fight","floor":20.0,"gold_loss":0.0,"damage_taken":0.0},{"damage_healed":0.0,"max_hp_gain":0.0,"max_hp_loss":0.0,"gold_gain":0.0,"event_name":"Colosseum","player_choice":"Fled From Nobs","floor":20.0,"gold_loss":0.0,"damage_taken":0.0},{"damage_healed":0.0,"max_hp_gain":0.0,"max_hp_loss":0.0,"gold_gain":0.0,"event_name":"Drug Dealer","player_choice":"Inject Mutagens","floor":21.0,"gold_loss":0.0,"damage_taken":0.0,"relics_obtained":["MutagenicStrength"]}],"is_beta":true,"boss_relics":[{"not_picked":["Tiny House","Astrolabe"],"picked":"Snecko Eye"}],"items_purged_floors":[],"is_endless":false,"potions_floor_spawned":[1,2,8,16,20],"killed_by":"Book of Stabbing","ascension_level":19}