{"gold_per_floor":[114,264,17,27,42,42,76,76,76,76,103,120,170,203,203,203],"floor_reached":16,"playtime":689,"items_purged":["Doubt"],"score":236,"play_id":"cc4f1ebd-c648-4cd1-8b42-d293b5bf9efa","local_time":"20190309215213","is_ascension_mode":true,"campfire_choices":[{"data":"Defragment","floor":6,"key":"SMITH"},{"floor":8,"key":"REST"},{"data":"Zap","floor":10,"key":"SMITH"},{"data":"Go for the Eyes","floor":15,"key":"SMITH"}],"neow_cost":"CURSE","seed_source_timestamp":34816202483006,"circlet_count":0,"master_deck":["AscendersBane","Strike_B","Strike_B","Strike_B","Strike_B","Defend_B","Defend_B","Defend_B","Defend_B","Zap+1","Dualcast","Writhe","Barrage","Go for the Eyes+1","Defragment+1","Seek","Glacier"],"relics":["Cracked Core","StoneCalendar","Lantern","Pantograph","Singing Bowl","WingedGreaves","Juzu Bracelet"],"potions_floor_usage":[7],"damage_taken":[{"damage":4,"enemies":"Small Slimes","floor":1,"turns":3},{"damage":2,"enemies":"Cultist","floor":4,"turns":4},{"damage":10,"enemies":"2 Louse","floor":5,"turns":2},{"damage":35,"enemies":"Gremlin Nob","floor":7,"turns":4},{"damage":15,"enemies":"Lagavulin","floor":11,"turns":6},{"damage":9,"enemies":"Blue Slaver","floor":12,"turns":3},{"damage":23,"enemies":"3 Sentries","floor":14,"turns":7},{"damage":31,"enemies":"The Guardian","floor":16,"turns":9}],"seed_played":"-3982303838079065621","potions_obtained":[{"floor":4,"key":"Poison Potion"},{"floor":11,"key":"FairyPotion"},{"floor":14,"key":"FocusPotion"}],"is_trial":false,"path_per_floor":["M","?","$","M","M","R","E","R","T","R","E","M","?","E","R","B"],"character_chosen":"DEFECT","items_purchased":["Lantern"],"campfire_rested":1,"item_purchase_floors":[3],"current_hp_per_floor":[60,60,60,58,48,48,13,34,34,34,21,12,12,5,5,0],"gold":203,"neow_bonus":"ONE_RARE_RELIC","is_prod":false,"is_daily":false,"chose_seed":false,"campfire_upgraded":3,"win_rate":0,"timestamp":1552164733,"path_taken":["M","?","$","M","M","R","E","R","T","R","E","M","?","E","R","BOSS"],"build_version":"2019-02-06","purchased_purges":1,"victory":false,"max_hp_per_floor":[71,71,71,71,71,71,71,71,71,71,73,73,73,75,75,75],"card_choices":[{"not_picked":["Beam Cell","Redo"],"picked":"Barrage","floor":1},{"not_picked":["Redo","Stack"],"picked":"Go for the Eyes","floor":4},{"not_picked":["Tempest","Leap"],"picked":"Defragment","floor":5},{"not_picked":["Coolheaded","Chaos"],"picked":"Seek","floor":7},{"not_picked":["Reinforced Body","Rebound","Steam"],"picked":"Singing Bowl","floor":11},{"not_picked":["Reprogram","White Noise"],"picked":"Glacier","floor":12},{"not_picked":["Coolheaded","Beam Cell","Redo"],"picked":"Singing Bowl","floor":14}],"player_experience":1002524,"relics_obtained":[{"floor":7,"key":"Pantograph"},{"floor":9,"key":"Singing Bowl"},{"floor":11,"key":"WingedGreaves"},{"floor":14,"key":"Juzu Bracelet"}],"event_choices":[{"damage_healed":0,"gold_gain":150,"player_choice":"AGREE","damage_taken":0,"max_hp_gain":0,"max_hp_loss":0,"event_name":"Liars Game","floor":2,"gold_loss":0,"cards_obtained":["Doubt"]},{"damage_healed":0,"gold_gain":50,"player_choice":"Pray","damage_taken":0,"max_hp_gain":0,"max_hp_loss":0,"event_name":"Golden Shrine","floor":13,"gold_loss":0}],"is_beta":true,"boss_relics":[],"items_purged_floors":[3],"is_endless":false,"potions_floor_spawned":[4,11,14],"killed_by":"The Guardian","ascension_level":20}