{"gold_per_floor":[112,122,140,140,140,140,153,153,153,172,186,211,229,229],"floor_reached":14,"playtime":1440,"items_purged":[],"score":86,"play_id":"fd740760-e8da-4241-9d76-8bed90c6e1e7","local_time":"20190312145033","is_ascension_mode":false,"campfire_choices":[{"data":"Dualcast","floor":6,"key":"SMITH"},{"data":"Redo","floor":8,"key":"SMITH"}],"neow_cost":"NONE","seed_source_timestamp":18582581903656,"circlet_count":0,"master_deck":["Strike_B","Strike_B","Strike_B","Strike_B","Defend_B","Defend_B","Defend_B","Defend_B","Zap","Dualcast+1","Auto Shields","Redo+1","Self Repair","Double Energy","Defragment","Double Energy","Defragment","Self Repair"],"relics":["Cracked Core","Ancient Tea Set","Golden Idol","Ornamental Fan"],"potions_floor_usage":[2],"damage_taken":[{"damage":1,"enemies":"Jaw Worm","floor":1,"turns":3},{"damage":0,"enemies":"Small Slimes","floor":2,"turns":3},{"damage":0,"enemies":"Cultist","floor":3,"turns":3},{"damage":2,"enemies":"2 Fungi Beasts","floor":7,"turns":3},{"damage":5,"enemies":"Looter","floor":10,"turns":3},{"damage":18,"enemies":"Lots of Slimes","floor":11,"turns":4},{"damage":20,"enemies":"Large Slime","floor":12,"turns":6},{"damage":0,"enemies":"Red Slaver","floor":13,"turns":4},{"damage":101,"enemies":"Gremlin Nob","floor":14,"turns":5}],"seed_played":"-259939707166706908","potions_obtained":[{"floor":1,"key":"Poison Potion"},{"floor":2,"key":"Fruit Juice"},{"floor":11,"key":"FearPotion"}],"is_trial":false,"path_per_floor":["M","M","M","?","?","R","M","R","T","M","M","M","M","E"],"character_chosen":"DEFECT","items_purchased":[],"campfire_rested":0,"item_purchase_floors":[],"current_hp_per_floor":[74,79,79,59,80,80,80,80,80,80,69,56,63,0],"gold":229,"neow_bonus":"RANDOM_COMMON_RELIC","is_prod":false,"is_daily":false,"chose_seed":false,"campfire_upgraded":2,"win_rate":0.0,"timestamp":1552416633,"path_taken":["M","M","M","?","?","R","M","R","T","M","M","M","M","E"],"build_version":"2019-01-23","purchased_purges":0,"victory":false,"max_hp_per_floor":[75,80,80,80,80,80,80,80,80,80,80,80,80,80],"card_choices":[{"not_picked":["Compile Driver","Rebound"],"picked":"Auto Shields","floor":1},{"not_picked":["Fusion","Sweeping Beam"],"picked":"Redo","floor":2},{"not_picked":["Leap","Conserve Battery"],"picked":"Self Repair","floor":3},{"not_picked":["Stack","Heatsinks"],"picked":"Double Energy","floor":7},{"not_picked":["Consume","Beam Cell"],"picked":"Defragment","floor":10},{"not_picked":["Consume","Glacier"],"picked":"Double Energy","floor":11},{"not_picked":["FTL","Aggregate"],"picked":"Defragment","floor":12},{"not_picked":["Defragment","Barrage"],"picked":"Self Repair","floor":13}],"player_experience":11983,"relics_obtained":[{"floor":9,"key":"Ornamental Fan"}],"event_choices":[{"damage_healed":0,"gold_gain":0,"player_choice":"Take Damage","damage_taken":20,"relics_obtained":["Golden Idol"],"max_hp_gain":0,"max_hp_loss":0,"event_name":"Golden Idol","floor":4,"gold_loss":0},{"damage_healed":26,"gold_gain":0,"player_choice":"Banana","damage_taken":0,"max_hp_gain":0,"max_hp_loss":0,"event_name":"Big Fish","floor":5,"gold_loss":0}],"is_beta":false,"boss_relics":[],"items_purged_floors":[],"is_endless":false,"potions_floor_spawned":[1,2,11],"killed_by":"Gremlin Nob","ascension_level":0}