{"gold_per_floor":[112,112,262,74,74,105,118,134,134,168,187,162,162,195,195,195],"floor_reached":16,"playtime":439,"items_purged":["Doubt"],"score":290,"play_id":"12ba9a7c-322c-4ce2-b929-a7d800074a80","local_time":"20190302211643","is_ascension_mode":true,"campfire_choices":[{"data":"Buffer","floor":15,"key":"SMITH"}],"neow_cost":"NONE","seed_source_timestamp":36305557404390,"circlet_count":0,"master_deck":["AscendersBane","Strike_B","Strike_B","Strike_B","Strike_B","Defend_B","Defend_B","Defend_B","Defend_B","Zap","Dualcast","Conserve Battery","Self Repair","BootSequence","Cold Snap","Go for the Eyes","Leap","Leap","Hologram","Coolheaded","Buffer+1"],"relics":["Cracked Core","NeowsBlessing","StoneCalendar","Dream Catcher","Strawberry","Bird Faced Urn"],"potions_floor_usage":[10],"damage_taken":[{"damage":0,"enemies":"Jaw Worm","floor":1,"turns":1},{"damage":0,"enemies":"Lagavulin","floor":6,"turns":1},{"damage":0,"enemies":"Small Slimes","floor":7,"turns":2},{"damage":4,"enemies":"Cultist","floor":8,"turns":4},{"damage":32,"enemies":"Gremlin Nob","floor":10,"turns":4},{"damage":3,"enemies":"Red Slaver","floor":11,"turns":4},{"damage":0,"enemies":"Exordium Thugs","floor":12,"turns":4},{"damage":5,"enemies":"Lagavulin","floor":14,"turns":7},{"damage":73,"enemies":"Hexaghost","floor":16,"turns":15}],"seed_played":"7643703318187532430","potions_obtained":[{"floor":1,"key":"FocusPotion"},{"floor":7,"key":"AttackPotion"},{"floor":10,"key":"Energy Potion"}],"is_trial":false,"path_per_floor":["M","?","?","$","T","E","M","M","T","E","M","M","$","E","R","B"],"character_chosen":"DEFECT","items_purchased":["Self Repair","BootSequence"],"campfire_rested":0,"item_purchase_floors":[4,4],"current_hp_per_floor":[64,64,64,64,64,64,64,67,67,49,53,60,60,62,62,0],"gold":195,"neow_bonus":"THREE_ENEMY_KILL","is_prod":false,"is_daily":false,"chose_seed":false,"campfire_upgraded":1,"win_rate":0,"timestamp":1551557803,"path_taken":["M","?","?","$","?","E","M","M","T","E","M","?","?","E","R","BOSS"],"build_version":"2019-02-06","purchased_purges":1,"victory":false,"max_hp_per_floor":[71,71,71,71,71,71,71,71,71,78,78,78,78,78,78,78],"card_choices":[{"not_picked":["Fusion","Go for the Eyes"],"picked":"Conserve Battery","floor":1},{"not_picked":["Gash","Ball Lightning"],"picked":"Cold Snap","floor":6},{"not_picked":["Aggregate","Turbo"],"picked":"Go for the Eyes","floor":7},{"not_picked":["Turbo","Loop"],"picked":"Leap","floor":8},{"not_picked":["Consume","Stack"],"picked":"Leap","floor":10},{"not_picked":["Consume","Turbo"],"picked":"Hologram","floor":11},{"not_picked":["Steam Power","Turbo"],"picked":"Coolheaded","floor":12},{"not_picked":["Redo","Beam Cell"],"picked":"Buffer","floor":14}],"player_experience":972422,"relics_obtained":[{"floor":5,"key":"StoneCalendar"},{"floor":6,"key":"Dream Catcher"},{"floor":10,"key":"Strawberry"},{"floor":14,"key":"Bird Faced Urn"}],"event_choices":[{"damage_healed":0,"gold_gain":0,"player_choice":"Leave","damage_taken":0,"max_hp_gain":0,"max_hp_loss":0,"event_name":"The Cleric","floor":2,"gold_loss":0},{"damage_healed":0,"gold_gain":150,"player_choice":"AGREE","damage_taken":0,"max_hp_gain":0,"max_hp_loss":0,"event_name":"Liars Game","floor":3,"gold_loss":0,"cards_obtained":["Doubt"]}],"is_beta":true,"boss_relics":[],"items_purged_floors":[4],"is_endless":false,"potions_floor_spawned":[1,7,10],"killed_by":"Hexaghost","ascension_level":20}