{"gold_per_floor":[109,184,109,109,124,124,149,149,149,324,324,324],"floor_reached":12,"playtime":102,"items_purged":["Bash"],"score":99,"play_id":"1436c78f-27ea-4612-a559-6cbaba860a3c","local_time":"20190222233009","is_ascension_mode":false,"campfire_choices":[{"data":"Strike_R","floor":6,"key":"SMITH"},{"data":"Strike_R","floor":8,"key":"SMITH"}],"neow_cost":"NONE","seed_source_timestamp":556888939674985,"circlet_count":0,"master_deck":["Strike_R","Strike_R","Strike_R","Strike_R+1","Strike_R+1","Defend_R","Defend_R","Defend_R","Defend_R","Regret","Doubt"],"relics":["Burning Blood","NeowsBlessing","Ancient Tea Set","Kunai","Question Card","Golden Idol"],"potions_floor_usage":[],"damage_taken":[{"damage":0,"enemies":"Jaw Worm","floor":1,"turns":1},{"damage":0,"enemies":"Small Slimes","floor":5,"turns":1},{"damage":1,"enemies":"3 Sentries","floor":7,"turns":2},{"damage":60,"enemies":"Gremlin Nob","floor":12,"turns":5}],"seed_played":"5599339271080782885","potions_obtained":[{"floor":7,"key":"Swift Potion"}],"is_trial":false,"path_per_floor":["M","?","$","?","M","R","E","R","T","?","?","E"],"character_chosen":"IRONCLAD","items_purchased":[],"campfire_rested":0,"item_purchase_floors":[],"current_hp_per_floor":[80,69,69,69,75,75,80,80,80,80,60,0],"gold":324,"neow_bonus":"THREE_ENEMY_KILL","is_prod":false,"is_daily":false,"chose_seed":false,"campfire_upgraded":2,"win_rate":0.0,"timestamp":1550907009,"path_taken":["M","?","$","?","M","R","E","R","T","?","?","E"],"build_version":"2019-01-23","purchased_purges":1,"victory":false,"max_hp_per_floor":[80,80,80,80,80,80,80,80,80,80,80,80],"card_choices":[{"not_picked":["Heavy Blade","Iron Wave","Twin Strike"],"picked":"SKIP","floor":1},{"not_picked":["Iron Wave","Warcry","Disarm"],"picked":"SKIP","floor":5},{"not_picked":["Whirlwind","Clothesline","Feel No Pain"],"picked":"SKIP","floor":7}],"player_experience":5797,"relics_obtained":[{"floor":7,"key":"Kunai"},{"floor":9,"key":"Question Card"}],"event_choices":[{"damage_healed":0,"gold_gain":75,"player_choice":"Gather Gold","damage_taken":11,"max_hp_gain":0,"max_hp_loss":0,"event_name":"World of Goop","floor":2,"gold_loss":0},{"damage_healed":0,"gold_gain":0,"player_choice":"Box","damage_taken":0,"relics_obtained":["Ancient Tea Set"],"max_hp_gain":0,"max_hp_loss":0,"event_name":"Big Fish","floor":4,"gold_loss":0,"cards_obtained":["Regret"]},{"damage_healed":0,"gold_gain":175,"player_choice":"AGREE","damage_taken":0,"max_hp_gain":0,"max_hp_loss":0,"event_name":"Liars Game","floor":10,"gold_loss":0,"cards_obtained":["Doubt"]},{"damage_healed":0,"gold_gain":0,"player_choice":"Take Damage","damage_taken":20,"relics_obtained":["Golden Idol"],"max_hp_gain":0,"max_hp_loss":0,"event_name":"Golden Idol","floor":11,"gold_loss":0}],"is_beta":false,"boss_relics":[],"items_purged_floors":[3],"is_endless":false,"potions_floor_spawned":[7],"killed_by":"Gremlin Nob","ascension_level":0}