{"gold_per_floor":[119,119,119,119,136,136,168,168,168,185,185,204,204,129,129,129],"floor_reached":16,"playtime":500,"items_purged":["Strike_G"],"score":196,"play_id":"10d41d52-390e-4240-bbe6-9398a1ae7e3c","local_time":"20190310223203","is_ascension_mode":true,"campfire_choices":[{"floor":6.0,"key":"REST"},{"floor":8.0,"key":"REST"},{"data":"Riddle With Holes","floor":11.0,"key":"SMITH"},{"floor":15,"key":"REST"}],"neow_cost":"NONE","seed_source_timestamp":23973750495300,"circlet_count":0,"master_deck":["AscendersBane","Defend_G","Defend_G","Defend_G","Defend_G","Defend_G","Strike_G","Strike_G","Strike_G","Strike_G","Survivor","Neutralize+1","Blur+1","Riddle With Holes+1","Deflect","Slice","Backflip","Blur","Die Die Die"],"special_seed":0,"relics":["Ring of the Snake","Vajra","Centennial Puzzle","Dream Catcher","Ginger","Pear"],"potions_floor_usage":[],"damage_taken":[{"damage":0.0,"enemies":"Jaw Worm","floor":1.0,"turns":5.0},{"damage":0.0,"enemies":"Small Slimes","floor":5.0,"turns":3.0},{"damage":30.0,"enemies":"Gremlin Nob","floor":7.0,"turns":4.0},{"damage":0.0,"enemies":"Cultist","floor":10.0,"turns":3.0},{"damage":3.0,"enemies":"3 Louse","floor":12.0,"turns":3.0},{"damage":54,"enemies":"Slime Boss","floor":16,"turns":11}],"seed_played":"3495290206415909488","potions_obtained":[{"floor":5.0,"key":"Energy Potion"},{"floor":7.0,"key":"Energy Potion"}],"is_trial":false,"path_per_floor":["M","?","?","T","M","R","E","R","T","M","R","M","?","$","R","B"],"character_chosen":"THE_SILENT","items_purchased":[],"campfire_rested":3,"item_purchase_floors":[],"current_hp_per_floor":[59,33,13,13,13,32,2,21,31,31,31,28,28,28,50,0],"gold":129,"neow_bonus":"RANDOM_COMMON_RELIC","is_prod":false,"is_daily":false,"chose_seed":false,"campfire_upgraded":1,"win_rate":0,"timestamp":1552271523,"path_taken":["M","?","?","?","M","R","E","R","T","?","R","M","?","?","R","BOSS"],"build_version":"2019-01-23","purchased_purges":1,"victory":false,"max_hp_per_floor":[66,66,66,66,66,66,66,66,76,76,76,76,76,76,76,76],"card_choices":[{"not_picked":["Dodge and Roll","Sucker Punch"],"picked":"Blur","floor":1.0},{"not_picked":["Flying Knee","Quick Slash"],"picked":"Riddle With Holes","floor":5.0},{"not_picked":["All Out Attack","Acrobatics"],"picked":"Deflect","floor":6.0},{"not_picked":["Choke","Eviscerate"],"picked":"Slice","floor":7.0},{"not_picked":["All Out Attack","Cloak And Dagger"],"picked":"Backflip","floor":10.0},{"not_picked":["Poisoned Stab","Accuracy"],"picked":"Blur","floor":12.0},{"not_picked":["Calculated Gamble","Endless Agony"],"picked":"Die Die Die","floor":15}],"player_experience":1305539,"relics_obtained":[{"floor":4.0,"key":"Dream Catcher"},{"floor":7.0,"key":"Ginger"},{"floor":9.0,"key":"Pear"}],"event_choices":[{"damage_healed":0.0,"max_hp_gain":0.0,"max_hp_loss":0.0,"gold_gain":0.0,"event_name":"Scrap Ooze","player_choice":"Success","floor":2.0,"gold_loss":0.0,"damage_taken":26.0,"relics_obtained":["Centennial Puzzle"]},{"damage_healed":0.0,"max_hp_gain":0.0,"max_hp_loss":0.0,"gold_gain":0.0,"event_name":"Shining Light","player_choice":"Entered Light","floor":3.0,"gold_loss":0.0,"damage_taken":20.0,"cards_upgraded":["Blur","Neutralize"]},{"damage_healed":0,"gold_gain":0,"player_choice":"Searched \u00270\u0027 times","damage_taken":0,"max_hp_gain":0,"max_hp_loss":0,"event_name":"Dead Adventurer","floor":13,"gold_loss":0}],"is_beta":false,"boss_relics":[],"items_purged_floors":[14],"is_endless":false,"potions_floor_spawned":[5,7],"killed_by":"Slime Boss","ascension_level":20}