{"gold_per_floor":[117,137,16,36,36,66,91,103,115,127,119,131,162,191,203,312,324,349,361,383,395,418,430,471,483,571,233,233,250,279,303,303,303],"floor_reached":33,"playtime":4099,"items_purged":["Defend_R"],"score":285,"play_id":"6cef241a-f689-4af8-968b-76e306336a77","local_time":"20190310014631","is_ascension_mode":false,"campfire_choices":[{"data":"Armaments","floor":8,"key":"SMITH"},{"floor":10,"key":"REST"},{"data":"Inflame","floor":12,"key":"SMITH"},{"data":"Clothesline","floor":15,"key":"SMITH"},{"floor":23,"key":"REST"},{"data":"Blood for Blood","floor":25,"key":"SMITH"},{"floor":32,"key":"REST"}],"neow_cost":"NONE","seed_source_timestamp":137924468524910,"circlet_count":0,"master_deck":["Strike_R","Strike_R","Strike_R","Strike_R","Strike_R","Defend_R","Defend_R","Defend_R","Bash","Perfected Strike+1","Headbutt","Twin Strike","Inflame+1","Heavy Blade+1","Armaments+1","Clothesline+1","Reaper","Pommel Strike","Blood for Blood+1","Impatience","Perfected Strike+1","Clash+1","Reaper","Dual Wield+1","Shrug It Off+1","Rage+1","Perfected Strike","Pommel Strike"],"relics":["Burning Blood","MawBank","Velvet Choker","Ginger","Toxic Egg 2","Happy Flower","Bag of Preparation","Lantern"],"potions_floor_usage":[13,13,16,18,29,33],"damage_taken":[{"damage":12,"enemies":"Jaw Worm","floor":1,"turns":5},{"damage":15,"enemies":"Small Slimes","floor":2,"turns":5},{"damage":0,"enemies":"Cultist","floor":4,"turns":2},{"damage":26,"enemies":"Lagavulin","floor":6,"turns":7},{"damage":12,"enemies":"Large Slime","floor":7,"turns":5},{"damage":15,"enemies":"Gremlin Gang","floor":13,"turns":5},{"damage":11,"enemies":"Lots of Slimes","floor":14,"turns":4},{"damage":64,"enemies":"The Guardian","floor":16,"turns":10},{"damage":23,"enemies":"3 Byrds","floor":18,"turns":5},{"damage":8,"enemies":"Shell Parasite","floor":20,"turns":4},{"damage":36,"enemies":"Centurion and Healer","floor":22,"turns":6},{"damage":53,"enemies":"Gremlin Leader","floor":24,"turns":7},{"damage":9,"enemies":"Shelled Parasite and Fungi","floor":29,"turns":4},{"damage":34,"enemies":"Slavers","floor":30,"turns":5},{"damage":83,"enemies":"Collector","floor":33,"turns":7}],"seed_played":"4702699036709896142","potions_obtained":[{"floor":1,"key":"AttackPotion"},{"floor":6,"key":"Regen Potion"},{"floor":11,"key":"BloodPotion"},{"floor":16,"key":"Fire Potion"},{"floor":24,"key":"EssenceOfSteel"},{"floor":29,"key":"Weak Potion"}],"is_trial":false,"path_per_floor":["?","?","M","?","M","?","M","?","T"],"character_chosen":"IRONCLAD","items_purchased":["Twin Strike","Inflame","Dual Wield+1","Shrug It Off+1","Happy Flower"],"campfire_rested":3,"item_purchase_floors":[3,3,27,27,27],"current_hp_per_floor":[82,73,73,79,61,41,35,35,35,61,61,61,74,69,69,11,88,76,76,81,81,51,77,54,54,54,54,54,51,42,42,68,0],"gold":303,"neow_bonus":"TEN_PERCENT_HP_BONUS","is_prod":false,"is_daily":false,"chose_seed":false,"campfire_upgraded":4,"win_rate":0,"timestamp":1552178791,"path_taken":["M","M","$","M","?","E","M","R","T","R","?","R","?","M","R","BOSS","M","?","?","?","?","R","E","R","T","$","?","M","E","?","R","BOSS"],"build_version":"2019-01-23","purchased_purges":1,"victory":false,"max_hp_per_floor":[88,88,88,88,88,88,88,88,88,88,88,88,88,88,88,88,88,88,88,88,88,88,88,88,88,88,88,88,88,88,88,88,88],"card_choices":[{"not_picked":["Bloodletting","Infernal Blade"],"picked":"Perfected Strike","floor":1},{"not_picked":["Warcry","Cleave"],"picked":"Headbutt","floor":2},{"not_picked":["Thunderclap","Metallicize"],"picked":"Heavy Blade","floor":4},{"not_picked":["Intimidate","Bloodletting"],"picked":"Armaments","floor":6},{"not_picked":["Feel No Pain","Iron Wave","Fire Breathing"],"picked":"SKIP","floor":7},{"not_picked":["Entrench","Uppercut","Clothesline"],"picked":"SKIP","floor":13},{"not_picked":["Rupture","Battle Trance"],"picked":"Clothesline","floor":14},{"not_picked":["Fiend Fire","Feed"],"picked":"Reaper","floor":16},{"not_picked":["Combust+1","Warcry"],"picked":"Pommel Strike","floor":18},{"not_picked":["Sword Boomerang","Clash"],"picked":"Perfected Strike","floor":20},{"not_picked":["Barricade","Thunderclap+1"],"picked":"Clash+1","floor":22},{"not_picked":["Headbutt","Entrench+1"],"picked":"Reaper","floor":24},{"not_picked":["Headbutt+1","Sword Boomerang"],"picked":"Perfected Strike","floor":29},{"not_picked":["Uppercut","Hemokinesis+1"],"picked":"Pommel Strike","floor":30}],"player_experience":103358,"relics_obtained":[{"floor":6,"key":"MawBank"},{"floor":24,"key":"Ginger"},{"floor":26,"key":"Toxic Egg 2"},{"floor":30,"key":"Bag of Preparation"},{"floor":31,"key":"Lantern"}],"event_choices":[{"damage_healed":0,"gold_gain":0,"player_choice":"Entered Light","damage_taken":18,"max_hp_gain":0,"max_hp_loss":0,"event_name":"Shining Light","floor":5,"gold_loss":0,"cards_upgraded":["Perfected Strike","Heavy Blade"]},{"damage_healed":0,"gold_gain":0,"player_choice":"Bought 1 Potion","damage_taken":0,"max_hp_gain":0,"max_hp_loss":0,"event_name":"The Woman in Blue","floor":11,"gold_loss":0},{"damage_healed":0,"gold_gain":0,"player_choice":"2 cards matched","damage_taken":0,"max_hp_gain":0,"max_hp_loss":0,"event_name":"Match and Keep!","floor":19,"gold_loss":0,"cards_obtained":["Blood for Blood","Impatience"]},{"damage_healed":0,"gold_gain":0,"player_choice":"2 cards matched","damage_taken":0,"max_hp_gain":0,"max_hp_loss":0,"event_name":"Match and Keep!","floor":19,"gold_loss":0,"cards_obtained":["Blood for Blood","Impatience"]},{"damage_healed":0,"gold_gain":0,"player_choice":"Upgraded","damage_taken":0,"max_hp_gain":0,"max_hp_loss":0,"event_name":"Upgrade Shrine","floor":21,"gold_loss":0,"cards_upgraded":["Perfected Strike"]},{"damage_healed":0,"gold_gain":0,"player_choice":"Read","damage_taken":0,"max_hp_gain":0,"max_hp_loss":0,"event_name":"The Library","floor":28,"gold_loss":0,"cards_obtained":["Rage"]}],"is_beta":false,"boss_relics":[{"not_picked":["White Beast Statue","Runic Dome"],"picked":"Velvet Choker"}],"items_purged_floors":[27],"is_endless":false,"potions_floor_spawned":[1,6,16,24,29],"killed_by":"Collector","ascension_level":0}