{"gold_per_floor":[114,114,114,39,62,62,76,110,157,187,210,210,228,251,251,377,377,391,412,481,481,496,496,496,517,517,517,88,106,131,49,49,49],"floor_reached":33,"playtime":591,"items_purged":["Bash","Injury"],"score":249,"play_id":"88a02f87-0663-4a54-9f96-4685344a3dd2","local_time":"20190223011356","is_ascension_mode":false,"campfire_choices":[{"data":"Anger","floor":6,"key":"SMITH"},{"floor":15,"key":"REST"},{"floor":23,"key":"REST"},{"floor":27,"key":"REST"},{"floor":32,"key":"REST"}],"neow_cost":"NONE","seed_source_timestamp":562626290325576,"circlet_count":0,"master_deck":["Strike_R","Strike_R","Strike_R","Strike_R","Strike_R","Defend_R","Defend_R","Defend_R","Defend_R","Anger+1","Discovery+1","Anger","Flex+1","Metallicize+1","Dramatic Entrance","Fire Breathing+1","Jack Of All Trades+1"],"relics":["Black Blood","NeowsBlessing","Golden Idol","Toxic Egg 2","Dodecahedron","Happy Flower","Odd Mushroom","Frozen Egg 2","MutagenicStrength","Mummified Hand","Blood Vial"],"potions_floor_usage":[8,16,16,16,25,30,33,33],"damage_taken":[{"damage":0,"enemies":"Small Slimes","floor":1,"turns":1},{"damage":0,"enemies":"Jaw Worm","floor":5,"turns":1},{"damage":0,"enemies":"2 Louse","floor":7,"turns":1},{"damage":14,"enemies":"Gremlin Nob","floor":8,"turns":3},{"damage":23,"enemies":"The Mushroom Lair","floor":10,"turns":4},{"damage":6,"enemies":"2 Fungi Beasts","floor":11,"turns":3},{"damage":13,"enemies":"Red Slaver","floor":13,"turns":4},{"damage":16,"enemies":"3 Louse","floor":14,"turns":3},{"damage":38,"enemies":"Hexaghost","floor":16,"turns":10},{"damage":46,"enemies":"Spheric Guardian","floor":18,"turns":6},{"damage":19,"enemies":"Chosen","floor":19,"turns":6},{"damage":4,"enemies":"Snecko","floor":22,"turns":5},{"damage":32,"enemies":"Snake Plant","floor":25,"turns":4},{"damage":39,"enemies":"Sentry and Sphere","floor":29,"turns":7},{"damage":35,"enemies":"Cultist and Chosen","floor":30,"turns":8},{"damage":20,"enemies":"Automaton","floor":33,"turns":6}],"seed_played":"6955435521543083631","potions_obtained":[{"floor":7,"key":"FearPotion"},{"floor":8,"key":"PowerPotion"},{"floor":11,"key":"Strength Potion"},{"floor":14,"key":"Weak Potion"},{"floor":24,"key":"Fire Potion"},{"floor":24,"key":"SpeedPotion"},{"floor":24,"key":"SneckoOil"},{"floor":25,"key":"Swift Potion"},{"floor":30,"key":"Poison Potion"}],"is_trial":false,"path_per_floor":["M","?","T","$","M","R","M","E","T","?","M","?","M","M","R","B",null,"M","M","T","?","M","R","?","M","T","R","$","M","M","$","R","B"],"character_chosen":"IRONCLAD","items_purchased":["Flex+1","Metallicize+1","Blood Vial","Dramatic Entrance","Jack Of All Trades+1"],"campfire_rested":4,"item_purchase_floors":[28,28,28,28,31],"current_hp_per_floor":[80,80,80,80,80,80,80,72,72,55,55,55,48,38,62,30,80,44,35,35,35,41,65,65,43,43,67,67,40,17,17,41,23],"gold":49,"neow_bonus":"THREE_ENEMY_KILL","is_prod":false,"is_daily":false,"chose_seed":false,"campfire_upgraded":1,"win_rate":0.0,"timestamp":1550913236,"path_taken":["M","?","?","?","M","R","M","E","T","?","M","?","M","M","R","BOSS","M","M","?","?","M","R","?","?","T","R","?","M","M","$","R","BOSS"],"build_version":"2019-01-23","purchased_purges":2,"victory":false,"max_hp_per_floor":[80,80,80,80,80,80,80,80,80,80,80,80,80,80,80,80,80,80,80,80,80,80,80,80,80,80,80,80,80,80,80,80,80],"card_choices":[{"not_picked":["Clothesline","Cleave"],"picked":"Anger","floor":1},{"not_picked":["Sword Boomerang","Entrench+1","Pummel"],"picked":"SKIP","floor":5},{"not_picked":["Body Slam","Dropkick","Bloodletting+1"],"picked":"SKIP","floor":7},{"not_picked":["Headbutt","Clothesline","Clash"],"picked":"SKIP","floor":8},{"not_picked":["Warcry+1","Shrug It Off+1","Fiend Fire"],"picked":"SKIP","floor":11},{"not_picked":["Headbutt","Thunderclap","Wild Strike"],"picked":"SKIP","floor":13},{"not_picked":["Clash","Shrug It Off+1","Flex+1"],"picked":"SKIP","floor":14},{"not_picked":["Wild Strike","Power Through+1","True Grit+1"],"picked":"SKIP","floor":18},{"not_picked":["Perfected Strike","Hemokinesis"],"picked":"Anger","floor":19},{"not_picked":["Warcry+1","Armaments+1","Flame Barrier+1"],"picked":"SKIP","floor":22},{"not_picked":["Bloodletting+1","Thunderclap+1","Sword Boomerang"],"picked":"SKIP","floor":25},{"not_picked":["Wild Strike","Cleave","True Grit+1"],"picked":"SKIP","floor":29},{"not_picked":["Twin Strike","Armaments+1"],"picked":"Fire Breathing+1","floor":30}],"player_experience":9570,"relics_obtained":[{"floor":3,"key":"Toxic Egg 2"},{"floor":8,"key":"Dodecahedron"},{"floor":9,"key":"Happy Flower"},{"floor":10,"key":"Odd Mushroom"},{"floor":20,"key":"Frozen Egg 2"},{"floor":26,"key":"Mummified Hand"}],"event_choices":[{"damage_healed":0,"gold_gain":0,"player_choice":"Take Wound","damage_taken":0,"relics_obtained":["Golden Idol"],"max_hp_gain":0,"max_hp_loss":0,"event_name":"Golden Idol","floor":2,"gold_loss":0,"cards_obtained":["Injury"]},{"damage_healed":0,"gold_gain":0,"player_choice":"Fought Mushrooms","damage_taken":0,"max_hp_gain":0,"max_hp_loss":0,"event_name":"Mushrooms","floor":10,"gold_loss":0},{"damage_healed":0,"gold_gain":0,"player_choice":"1 cards matched","damage_taken":0,"max_hp_gain":0,"max_hp_loss":0,"event_name":"Match and Keep!","floor":12,"gold_loss":0,"cards_obtained":["Discovery"]},{"damage_healed":0,"gold_gain":0,"player_choice":"Inject Mutagens","damage_taken":0,"relics_obtained":["MutagenicStrength"],"max_hp_gain":0,"max_hp_loss":0,"event_name":"Drug Dealer","floor":21,"gold_loss":0},{"damage_healed":0,"gold_gain":0,"player_choice":"Got Potions","damage_taken":0,"max_hp_gain":0,"max_hp_loss":0,"event_name":"Lab","floor":24,"gold_loss":0}],"is_beta":false,"boss_relics":[{"not_picked":["Velvet Choker","Fusion Hammer"],"picked":"Black Blood"}],"items_purged_floors":[4,28],"is_endless":false,"potions_floor_spawned":[7,8,11,14,25,29,30],"killed_by":"Automaton","ascension_level":0}