{"gold_per_floor":[118,118,136,136,85,85,85,85,167,197,11,43,43,76,76,150,150,170,170,186,111,61,61,61,79,79,51,68,18,32,49,49,128,128,142,155,155,174,174,174,174,186,210,221,238,238,257,268,268,268],"floor_reached":51,"playtime":3474,"items_purged":["Strike_B"],"score":1413,"play_id":"8a422db0-4a1c-4203-b44b-522d7026e7cc","local_time":"20190313010441","is_ascension_mode":true,"campfire_choices":[{"data":"Zap","floor":6.0,"key":"SMITH"},{"data":"Dualcast","floor":8.0,"key":"SMITH"},{"floor":13.0,"key":"REST"},{"data":"Machine Learning","floor":15.0,"key":"SMITH"},{"data":"Go for the Eyes","floor":24.0,"key":"SMITH"},{"data":"Conserve Battery","floor":32.0,"key":"SMITH"},{"data":"Buffer","floor":40,"key":"SMITH"},{"floor":49,"key":"REST"}],"neow_cost":"NONE","seed_source_timestamp":31521700849200,"circlet_count":0,"master_deck":["AscendersBane","Zap+1","Dualcast+1","Conserve Battery+1","Ball Lightning","Rebound","Machine Learning+1","Ball Lightning","Glacier+1","Thunder Strike+1","White Noise+1","Double Energy+1","Go for the Eyes+1","Conserve Battery+1","Leap+1","BootSequence+1","Electrodynamics","Cold Snap","Buffer+1","Double Energy+1","Darkness+1","Chill+1","Hologram+1","Redo+1","Parasite","Steam Power+1"],"special_seed":0,"relics":["Cracked Core","Toxic Egg 2","Bag of Marbles","Anchor","Ice Cream","Blood Vial","Philosopher\u0027s Stone","Pocketwatch","Pandora\u0027s Box","Centennial Puzzle","Mummified Hand"],"potions_floor_usage":[33,33,38,38,48,50,50],"damage_taken":[{"damage":0.0,"enemies":"Cultist","floor":1.0,"turns":3.0},{"damage":0.0,"enemies":"2 Louse","floor":3.0,"turns":2.0},{"damage":23.0,"enemies":"Lagavulin","floor":10.0,"turns":5.0},{"damage":8.0,"enemies":"Gremlin Nob","floor":12.0,"turns":3.0},{"damage":0.0,"enemies":"3 Sentries","floor":14.0,"turns":7.0},{"damage":32.0,"enemies":"Hexaghost","floor":16.0,"turns":11.0},{"damage":0.0,"enemies":"Chosen","floor":18.0,"turns":4.0},{"damage":4.0,"enemies":"Shell Parasite","floor":20.0,"turns":4.0},{"damage":0.0,"enemies":"Book of Stabbing","floor":23.0,"turns":1.0},{"damage":0.0,"enemies":"Snecko","floor":25.0,"turns":5.0},{"damage":1.0,"enemies":"Chosen and Byrds","floor":28.0,"turns":5.0},{"damage":11.0,"enemies":"Snake Plant","floor":30.0,"turns":4.0},{"damage":6.0,"enemies":"Shelled Parasite and Fungi","floor":31.0,"turns":4.0},{"damage":2,"enemies":"Collector","floor":33,"turns":13},{"damage":0,"enemies":"Orb Walker","floor":35,"turns":4},{"damage":1,"enemies":"3 Shapes","floor":36,"turns":3},{"damage":0,"enemies":"Maw","floor":38,"turns":6},{"damage":12,"enemies":"Sphere and 2 Shapes","floor":42,"turns":6},{"damage":0,"enemies":"Writhing Mass","floor":44,"turns":4},{"damage":0,"enemies":"Jaw Worm Horde","floor":45,"turns":4},{"damage":17,"enemies":"Sphere and 2 Shapes","floor":47,"turns":4},{"damage":0,"enemies":"Transient","floor":48,"turns":6},{"damage":0,"enemies":"Donu and Deca","floor":50,"turns":7}],"seed_played":"425328216425026470","potions_obtained":[{"floor":12.0,"key":"Weak Potion"},{"floor":14.0,"key":"SmokeBomb"},{"floor":16.0,"key":"SneckoOil"},{"floor":28.0,"key":"EssenceOfSteel"},{"floor":31.0,"key":"Weak Potion"},{"floor":33,"key":"Weak Potion"},{"floor":36,"key":"AttackPotion"},{"floor":42,"key":"Block Potion"},{"floor":45,"key":"Poison Potion"},{"floor":48,"key":"FocusPotion"}],"is_trial":false,"path_per_floor":["M","?","M","?","$","R","?","R","T","E","$","E","R","E","R","B",null,"M","?","M","$","?","E","R","M","T","$","M","?","M","M","R","B",null,"M","M","?","M","?","R","?","M","T","M","M","T","M","M","R","B",null],"character_chosen":"DEFECT","items_purchased":["Rebound","Ball Lightning","Anchor","Leap+1"],"campfire_rested":2,"item_purchase_floors":[5,11,11,27],"current_hp_per_floor":[71,71,71,64,64,64,64,64,64,41,41,33,56,56,56,26,65,67,67,65,65,65,67,67,69,69,69,70,70,61,57,57,57,73,75,76,76,78,74,74,74,62,62,64,66,66,51,53,74,74],"gold":268,"neow_bonus":"TEN_PERCENT_HP_BONUS","is_prod":false,"is_daily":false,"chose_seed":false,"campfire_upgraded":6,"win_rate":0,"timestamp":1552453481,"path_taken":["M","?","?","?","$","R","?","R","T","E","$","E","R","E","R","BOSS","M","?","M","?","?","E","R","?","T","$","M","?","?","M","R","BOSS","M","M","?","M","?","R","?","M","T","M","M","?","M","M","R","BOSS"],"build_version":"2019-01-23","purchased_purges":1,"victory":true,"max_hp_per_floor":[78,78,78,78,78,78,78,78,78,78,78,78,78,78,78,78,78,78,78,78,78,78,78,78,78,78,78,78,78,78,78,78,78,78,78,78,78,78,74,74,74,74,74,74,74,74,74,74,74,74],"card_choices":[{"not_picked":["Streamline","White Noise"],"picked":"Conserve Battery","floor":1.0},{"not_picked":["Go for the Eyes","Leap"],"picked":"Ball Lightning","floor":3.0},{"not_picked":["Scrape","Beam Cell","Meteor Strike"],"picked":"SKIP","floor":10.0},{"not_picked":["Go for the Eyes","Steam Power+1"],"picked":"Glacier+1","floor":12.0},{"not_picked":["Chill+1","Sweeping Beam"],"picked":"Auto Shields+1","floor":14.0},{"not_picked":["Biased Cognition","Amplify+1"],"picked":"Thunder Strike","floor":16.0},{"not_picked":["Chaos+1","Fusion+1"],"picked":"White Noise+1","floor":18.0},{"not_picked":["Streamline","Recycle+1"],"picked":"Go for the Eyes","floor":20.0},{"not_picked":["Coolheaded+1","Sweeping Beam"],"picked":"Conserve Battery+1","floor":25.0},{"not_picked":["Fusion+1","Capacitor+1","Stack+1"],"picked":"SKIP","floor":28.0},{"not_picked":["Darkness+1","Scrape"],"picked":"BootSequence+1","floor":30.0},{"not_picked":["Heatsinks","Leap+1","Steam Power+1"],"picked":"SKIP","floor":31.0},{"not_picked":["Multi-Cast+1","Fission+1"],"picked":"Electrodynamics","floor":33},{"not_picked":["Consume+1","FTL"],"picked":"Chill+1","floor":35},{"not_picked":["Conserve Battery+1","Steam+1"],"picked":"Hologram+1","floor":36},{"not_picked":["Consume+1","Ball Lightning"],"picked":"Redo+1","floor":38},{"not_picked":["Ball Lightning","Gash+1","Beam Cell"],"picked":"SKIP","floor":42},{"not_picked":["Sweeping Beam","Stack+1"],"picked":"Steam Power+1","floor":44},{"not_picked":["Gash","Lockon+1","Electrodynamics"],"picked":"SKIP","floor":45},{"not_picked":["Steam+1","Gash","Leap+1"],"picked":"SKIP","floor":47},{"not_picked":["Rebound","Ball Lightning","Consume+1"],"picked":"SKIP","floor":48}],"player_experience":1311927,"relics_obtained":[{"floor":9.0,"key":"Toxic Egg 2"},{"floor":10.0,"key":"Bag of Marbles"},{"floor":12.0,"key":"Ice Cream"},{"floor":14.0,"key":"Blood Vial"},{"floor":26.0,"key":"Pocketwatch"},{"floor":43,"key":"Centennial Puzzle"},{"floor":46,"key":"Mummified Hand"}],"event_choices":[{"cards_removed":["Strike_B"],"damage_healed":0.0,"max_hp_gain":0.0,"max_hp_loss":0.0,"gold_gain":0.0,"event_name":"Purifier","player_choice":"Purged","floor":2.0,"gold_loss":0.0,"damage_taken":0.0},{"cards_removed":["Strike_B"],"damage_healed":0.0,"max_hp_gain":0.0,"max_hp_loss":0.0,"gold_gain":0.0,"event_name":"Golden Wing","player_choice":"Card Removal","floor":4.0,"gold_loss":0.0,"damage_taken":7.0},{"damage_healed":0.0,"max_hp_gain":0.0,"max_hp_loss":0.0,"gold_gain":0.0,"cards_transformed":["Strike_B"],"event_name":"Living Wall","player_choice":"Change","floor":7.0,"gold_loss":0.0,"damage_taken":0.0,"cards_obtained":["Machine Learning"]},{"damage_healed":0.0,"max_hp_gain":0.0,"max_hp_loss":0.0,"gold_gain":0.0,"event_name":"The Library","player_choice":"Read","floor":19.0,"gold_loss":0.0,"damage_taken":0.0,"cards_obtained":["Double Energy"]},{"damage_healed":0.0,"max_hp_gain":0.0,"max_hp_loss":0.0,"gold_gain":0.0,"event_name":"Designer","player_choice":"Upgrade","floor":22.0,"gold_loss":50.0,"damage_taken":0.0,"cards_upgraded":["Thunder Strike"]},{"damage_healed":0.0,"max_hp_gain":0.0,"max_hp_loss":0.0,"gold_gain":0.0,"event_name":"The Joust","player_choice":"Bet on Murderer","floor":29.0,"gold_loss":50.0,"damage_taken":0.0},{"cards_removed":["Auto Shields"],"damage_healed":0,"gold_gain":0,"player_choice":"Removed Skill","damage_taken":0,"max_hp_gain":0,"max_hp_loss":0,"event_name":"Falling","floor":37,"gold_loss":0},{"damage_healed":0,"gold_gain":0,"player_choice":"Max HP","damage_taken":0,"max_hp_gain":0,"max_hp_loss":4,"event_name":"Winding Halls","floor":39,"gold_loss":0},{"damage_healed":0,"gold_gain":0,"player_choice":"Ignored","damage_taken":0,"max_hp_gain":0,"max_hp_loss":0,"event_name":"Mysterious Sphere","floor":41,"gold_loss":0}],"is_beta":false,"boss_relics":[{"not_picked":["FrozenCore","Runic Dome"],"picked":"Philosopher\u0027s Stone"},{"not_picked":["Coffee Dripper","Velvet Choker"],"picked":"Pandora\u0027s Box"}],"items_purged_floors":[21],"is_endless":false,"potions_floor_spawned":[12,14,16,28,31,33,36,42,45,48],"ascension_level":19}