{"gold_per_floor":[115,115,190,190,190,190,190,224,224,224,249,263,276,290,290,290],"floor_reached":16,"playtime":698,"items_purged":[],"score":216,"play_id":"0ddac362-ebff-4f86-a691-e3212335e0e8","local_time":"20190304231200","is_ascension_mode":true,"campfire_choices":[{"data":"Buffer","floor":6,"key":"SMITH"},{"floor":10,"key":"REST"},{"data":"Coolheaded","floor":15,"key":"SMITH"}],"neow_cost":"CURSE","seed_source_timestamp":42900570783170,"circlet_count":0,"master_deck":["AscendersBane","Strike_B","Strike_B","Strike_B","Strike_B","Defend_B","Defend_B","Defend_B","Defend_B","Zap+1","Dualcast","Clumsy","Buffer+1","Turbo","Coolheaded+1","Ball Lightning","Coolheaded+1","Genetic Algorithm+1"],"relics":["Cracked Core","FossilizedHelix","Cables","Toxic Egg 2"],"potions_floor_usage":[],"damage_taken":[{"damage":2,"enemies":"Jaw Worm","floor":1,"turns":4},{"damage":31,"enemies":"Lagavulin","floor":8,"turns":9},{"damage":19,"enemies":"3 Sentries","floor":11,"turns":13},{"damage":0,"enemies":"Small Slimes","floor":12,"turns":3},{"damage":0,"enemies":"2 Louse","floor":13,"turns":2},{"damage":0,"enemies":"Large Slime","floor":14,"turns":5},{"damage":44,"enemies":"Hexaghost","floor":16,"turns":9}],"seed_played":"1968677993729804551","potions_obtained":[{"floor":11,"key":"SmokeBomb"},{"floor":12,"key":"FocusPotion"}],"is_trial":false,"path_per_floor":["M","?","?","?","$","R","?","E","T","R","E","M","M","M","R","B"],"character_chosen":"DEFECT","items_purchased":[],"campfire_rested":1,"item_purchase_floors":[],"current_hp_per_floor":[62,62,51,71,71,71,71,40,40,61,42,42,42,42,42,0],"gold":290,"neow_bonus":"THREE_RARE_CARDS","is_prod":false,"is_daily":false,"chose_seed":false,"campfire_upgraded":2,"win_rate":0,"timestamp":1551737520,"path_taken":["M","?","?","?","$","R","?","E","T","R","E","M","M","M","R","BOSS"],"build_version":"2019-02-06","purchased_purges":0,"victory":false,"max_hp_per_floor":[71,71,71,71,71,71,71,71,71,71,71,71,71,71,71,71],"card_choices":[{"not_picked":["Creative AI","Fission"],"picked":"Buffer","floor":0},{"not_picked":["Hologram","Streamline"],"picked":"Turbo","floor":1},{"not_picked":["Reinforced Body","Go for the Eyes"],"picked":"Coolheaded","floor":8},{"not_picked":["Hyperbeam","Beam Cell"],"picked":"Ball Lightning","floor":11},{"not_picked":["Ball Lightning","Reprogram+1","Steam Power+1"],"picked":"SKIP","floor":12},{"not_picked":["Aggregate+1","Sunder"],"picked":"Coolheaded+1","floor":13},{"not_picked":["Sunder","Steam+1"],"picked":"Genetic Algorithm+1","floor":14}],"player_experience":987067,"relics_obtained":[{"floor":8,"key":"FossilizedHelix"},{"floor":9,"key":"Cables"},{"floor":11,"key":"Toxic Egg 2"}],"event_choices":[{"damage_healed":0,"gold_gain":0,"player_choice":"Leave","damage_taken":0,"max_hp_gain":0,"max_hp_loss":0,"event_name":"The Cleric","floor":2,"gold_loss":0},{"damage_healed":0,"gold_gain":75,"player_choice":"Gather Gold","damage_taken":11,"max_hp_gain":0,"max_hp_loss":0,"event_name":"World of Goop","floor":3,"gold_loss":0},{"damage_healed":23,"gold_gain":0,"player_choice":"Banana","damage_taken":0,"max_hp_gain":0,"max_hp_loss":0,"event_name":"Big Fish","floor":4,"gold_loss":0},{"damage_healed":0,"gold_gain":0,"player_choice":"Grow","damage_taken":0,"max_hp_gain":0,"max_hp_loss":0,"event_name":"Living Wall","floor":7,"gold_loss":0,"cards_upgraded":["Zap"]}],"is_beta":true,"boss_relics":[],"items_purged_floors":[],"is_endless":false,"potions_floor_spawned":[11,12,13],"killed_by":"Hexaghost","ascension_level":20}