{"gold_per_floor":[115,115,115,128,147,147,177,177,177,212,212,212,135,151,151,229,229,247,247,247,258,258,286,286,301,301,301,334,347,379,398,398,477,477,493,74,174,227,240,240,265,278,303,303,321,348,348,374,374,374,374,374,374,66,92,92],"floor_reached":57,"playtime":3794,"items_purged":["Decay"],"score":3061,"play_id":"83f93539-dcf2-42f7-b56e-87a66f6083bc","local_time":"20190304163646","is_ascension_mode":true,"campfire_choices":[{"data":"Dualcast","floor":6.0,"key":"SMITH"},{"data":"Creative AI","floor":8.0,"key":"SMITH"},{"floor":12.0,"key":"REST"},{"data":"Zap","floor":15.0,"key":"SMITH"},{"floor":27.0,"key":"RECALL"},{"floor":32.0,"key":"REST"},{"floor":40.0,"key":"REST"},{"floor":47.0,"key":"REST"},{"floor":49.0,"key":"REST"},{"floor":53,"key":"REST"}],"neow_cost":"NONE","seed_source_timestamp":14935601072141,"circlet_count":0,"master_deck":["AscendersBane","Strike_B+1","Strike_B+1","Defend_B+1","Defend_B+1","Defend_B+1","Defend_B+1","Zap+1","Dualcast+1","Ball Lightning","FTL","Creative AI+1","White Noise+1","White Noise+1","Glacier+1","FTL","Fission+1","Defragment","Echo Form","Amplify+1","Glacier+1","Double Energy+1","Core Surge","Hologram+1","Defragment","Reinforced Body+1","Seek+1","Double Energy+1","Blizzard","Recycle+1"],"special_seed":0,"relics":["Cracked Core","NeowsBlessing","Dead Branch","Spirit Poop","Toxic Egg 2","StoneCalendar","Potion Belt","Busted Crown","Regal Pillow","Symbiotic Virus","Gremlin Horn","Mango","Fusion Hammer","Ice Cream","Torii","Ginger","Pen Nib","Cables","Ancient Tea Set","Kunai","Centennial Puzzle"],"potions_floor_usage":[51,56],"damage_taken":[{"damage":0.0,"enemies":"Small Slimes","floor":1.0,"turns":1.0},{"damage":0.0,"enemies":"Cultist","floor":4.0,"turns":1.0},{"damage":0.0,"enemies":"Jaw Worm","floor":5.0,"turns":1.0},{"damage":25.0,"enemies":"Lagavulin","floor":7.0,"turns":5.0},{"damage":30.0,"enemies":"3 Sentries","floor":10.0,"turns":5.0},{"damage":0.0,"enemies":"Exordium Thugs","floor":14.0,"turns":3.0},{"damage":0.0,"enemies":"Slime Boss","floor":16.0,"turns":5.0},{"damage":0.0,"enemies":"3 Byrds","floor":18.0,"turns":5.0},{"damage":4.0,"enemies":"Spheric Guardian","floor":21.0,"turns":3.0},{"damage":0.0,"enemies":"Book of Stabbing","floor":23.0,"turns":7.0},{"damage":6.0,"enemies":"Cultist and Chosen","floor":25.0,"turns":5.0},{"damage":7.0,"enemies":"Slavers","floor":28.0,"turns":4.0},{"damage":24.0,"enemies":"Snake Plant","floor":29.0,"turns":2.0},{"damage":4.0,"enemies":"Gremlin Leader","floor":30.0,"turns":7.0},{"damage":2.0,"enemies":"3 Cultists","floor":31.0,"turns":4.0},{"damage":21.0,"enemies":"Collector","floor":33.0,"turns":9.0},{"damage":0.0,"enemies":"Orb Walker","floor":35.0,"turns":3.0},{"damage":0.0,"enemies":"Mind Bloom Boss Battle","floor":37.0,"turns":4.0},{"damage":34.0,"enemies":"2 Orb Walkers","floor":38.0,"turns":5.0},{"damage":0.0,"enemies":"3 Shapes","floor":39.0,"turns":3.0},{"damage":0.0,"enemies":"Giant Head","floor":41.0,"turns":6.0},{"damage":0.0,"enemies":"3 Darklings","floor":42.0,"turns":2.0},{"damage":0.0,"enemies":"Transient","floor":45.0,"turns":6.0},{"damage":0.0,"enemies":"Reptomancer","floor":46.0,"turns":5.0},{"damage":33.0,"enemies":"Nemesis","floor":48.0,"turns":4.0},{"damage":1.0,"enemies":"Time Eater","floor":50.0,"turns":10.0},{"damage":51,"enemies":"Awakened One","floor":51,"turns":20},{"damage":0,"enemies":"Shield and Spear","floor":55,"turns":1},{"damage":29,"enemies":"The Heart","floor":56,"turns":7}],"seed_played":"2175870295481690452","potions_obtained":[{"floor":4.0,"key":"Swift Potion"},{"floor":14.0,"key":"SteroidPotion"},{"floor":16.0,"key":"FocusPotion"},{"floor":18.0,"key":"Swift Potion"},{"floor":25.0,"key":"PowerPotion"},{"floor":29.0,"key":"Swift Potion"},{"floor":31.0,"key":"Regen Potion"},{"floor":35.0,"key":"Block Potion"},{"floor":37.0,"key":"AttackPotion"},{"floor":42.0,"key":"SpeedPotion"},{"floor":46.0,"key":"AttackPotion"}],"is_trial":false,"path_per_floor":["M","?","?","M","M","R","E","R","T","E","?","R","$","M","R","B",null,"M","?","?","M","?","E","?","M","T","R","E","M","E","M","R","B",null,"M","$","?","?","M","R","E","M","T","?","M","E","R","E","R","B","B",null,"R","$","E","B",null],"character_chosen":"DEFECT","items_purchased":["Glacier+1","Ice Cream","Kunai","Recycle+1"],"campfire_rested":6,"item_purchase_floors":[13,36,54,54],"current_hp_per_floor":[64,64,64,64,64,64,39,39,39,9,9,30,30,30,30,30,61,61,61,61,57,57,57,57,51,51,51,44,20,30,28,68,47,76,76,76,76,42,42,82,82,82,82,82,82,82,85,52,85,84,33,72,85,85,85,68],"gold":92,"neow_bonus":"THREE_ENEMY_KILL","is_prod":false,"is_daily":false,"chose_seed":false,"campfire_upgraded":3,"win_rate":0,"timestamp":1551713806,"path_taken":["M","?","?","M","?","R","E","R","T","E","?","R","?","M","R","BOSS","M","?","?","M","?","E","?","?","T","R","E","M","E","M","R","BOSS","M","$","?","?","M","R","E","M","T","?","M","E","R","E","R","BOSS","BOSS","R","$","E","BOSS"],"build_version":"2019-02-06","purchased_purges":1,"victory":true,"max_hp_per_floor":[71,71,71,71,71,71,71,71,71,71,71,71,71,71,71,71,71,71,71,71,71,71,71,71,71,71,71,71,71,85,85,85,85,85,85,85,85,85,85,85,85,85,85,85,85,85,85,85,85,85,85,85,85,85,85,85],"card_choices":[{"not_picked":["Redo","Fusion","Steam"],"picked":"SKIP","floor":1.0},{"not_picked":["Loop","Stack"],"picked":"Ball Lightning","floor":4.0},{"not_picked":["Ball Lightning","Leap"],"picked":"FTL","floor":5.0},{"not_picked":["Beam Cell","Melter"],"picked":"Creative AI","floor":7.0},{"not_picked":["Rebound","Cold Snap"],"picked":"White Noise+1","floor":10.0},{"not_picked":["Hello World","Turbo+1"],"picked":"FTL","floor":14.0},{"not_picked":["All For One","Multi-Cast+1"],"picked":"Fission+1","floor":16.0},{"not_picked":["Rebound+1"],"picked":"SKIP","floor":18.0},{"not_picked":["Gash"],"picked":"SKIP","floor":21.0},{"not_picked":["Reinforced Body+1"],"picked":"SKIP","floor":23.0},{"not_picked":["FTL"],"picked":"SKIP","floor":25.0},{"not_picked":[],"picked":"Amplify+1","floor":28.0},{"not_picked":[],"picked":"Glacier+1","floor":29.0},{"not_picked":[],"picked":"Double Energy+1","floor":30.0},{"not_picked":["Cold Snap"],"picked":"SKIP","floor":31.0},{"not_picked":[],"picked":"Core Surge","floor":33.0},{"not_picked":["Go for the Eyes"],"picked":"SKIP","floor":35.0},{"not_picked":[],"picked":"Hologram+1","floor":37.0},{"not_picked":[],"picked":"Defragment","floor":38.0},{"not_picked":["Reinforced Body+1"],"picked":"SKIP","floor":39.0},{"not_picked":[],"picked":"Reinforced Body+1","floor":39.0},{"not_picked":[],"picked":"Seek+1","floor":41.0},{"not_picked":["Go for the Eyes+1"],"picked":"SKIP","floor":42.0},{"not_picked":[],"picked":"Double Energy+1","floor":45.0},{"not_picked":["Creative AI"],"picked":"SKIP","floor":46.0},{"not_picked":[],"picked":"Blizzard","floor":48.0},{"not_picked":["Loop"],"picked":"SKIP","floor":55}],"player_experience":983273,"relics_obtained":[{"floor":7.0,"key":"Toxic Egg 2"},{"floor":9.0,"key":"StoneCalendar"},{"floor":10.0,"key":"Potion Belt"},{"floor":23.0,"key":"Regal Pillow"},{"floor":26.0,"key":"Symbiotic Virus"},{"floor":28.0,"key":"Gremlin Horn"},{"floor":30.0,"key":"Mango"},{"floor":37.0,"key":"Torii"},{"floor":38.0,"key":"Ginger"},{"floor":41.0,"key":"Pen Nib"},{"floor":46.0,"key":"Cables"},{"floor":48.0,"key":"Ancient Tea Set"},{"floor":55,"key":"Centennial Puzzle"}],"event_choices":[{"damage_healed":0.0,"max_hp_gain":0.0,"max_hp_loss":0.0,"gold_gain":0.0,"event_name":"Big Fish","player_choice":"Box","floor":2.0,"gold_loss":0.0,"damage_taken":0.0,"relics_obtained":["Dead Branch"],"cards_obtained":["Regret"]},{"cards_removed":["Regret"],"damage_healed":0.0,"max_hp_gain":0.0,"max_hp_loss":0.0,"gold_gain":0.0,"event_name":"Bonfire Elementals","player_choice":"Offered Curse","floor":3.0,"gold_loss":0.0,"damage_taken":0.0,"relics_obtained":["Spirit Poop"]},{"damage_healed":0.0,"max_hp_gain":0.0,"max_hp_loss":0.0,"gold_gain":0.0,"cards_transformed":["Strike_B"],"event_name":"Transmorgrifier","player_choice":"Transformed","floor":11.0,"gold_loss":0.0,"damage_taken":0.0,"cards_obtained":["White Noise"]},{"damage_healed":0.0,"max_hp_gain":0.0,"max_hp_loss":0.0,"gold_gain":0.0,"event_name":"The Library","player_choice":"Read","floor":19.0,"gold_loss":0.0,"damage_taken":0.0,"cards_obtained":["Defragment"]},{"damage_healed":0.0,"max_hp_gain":0.0,"max_hp_loss":0.0,"gold_gain":0.0,"event_name":"Forgotten Altar","player_choice":"Smashed Altar","floor":20.0,"gold_loss":0.0,"damage_taken":0.0,"cards_obtained":["Decay"]},{"damage_healed":0.0,"max_hp_gain":0.0,"max_hp_loss":0.0,"gold_gain":0.0,"event_name":"Back to Basics","player_choice":"Simplicity","floor":22.0,"gold_loss":0.0,"damage_taken":0.0,"cards_upgraded":["Strike_B","Strike_B","Strike_B","Defend_B","Defend_B","Defend_B","Defend_B"]},{"damage_healed":0.0,"max_hp_gain":0.0,"max_hp_loss":0.0,"gold_gain":0.0,"event_name":"Match and Keep!","player_choice":"1 cards matched","floor":24.0,"gold_loss":0.0,"damage_taken":0.0,"cards_obtained":["Echo Form"]},{"damage_healed":0.0,"max_hp_gain":0.0,"max_hp_loss":0.0,"gold_gain":0.0,"event_name":"MindBloom","player_choice":"Fight","floor":37.0,"gold_loss":0.0,"damage_taken":0.0},{"damage_healed":0.0,"max_hp_gain":0.0,"max_hp_loss":0.0,"gold_gain":0.0,"event_name":"Mysterious Sphere","player_choice":"Fight","floor":38.0,"gold_loss":0.0,"damage_taken":0.0},{"cards_removed":["Strike_B"],"damage_healed":0.0,"max_hp_gain":0.0,"max_hp_loss":0.0,"gold_gain":0.0,"event_name":"Falling","player_choice":"Removed Attack","floor":44.0,"gold_loss":0.0,"damage_taken":0.0}],"is_beta":true,"boss_relics":[{"not_picked":["Tiny House","Ectoplasm"],"picked":"Busted Crown"},{"not_picked":["Calling Bell","Cursed Key"],"picked":"Fusion Hammer"}],"items_purged_floors":[36],"is_endless":false,"potions_floor_spawned":[4,14,16,18,25,29,31,35,37,42,46],"ascension_level":20}