{"gold_per_floor":[116,134,14,28,39,39,39,54,54,78,95,109,32,43,43,143,143,132,82,2,14,29,29,29,44,99,99,24,24,40,55,55,159,209,226,226,241,88,88,88],"floor_reached":40,"playtime":3093,"items_purged":["Strike_B","Strike_B"],"score":445,"play_id":"7d713342-117b-4fa1-92d0-1360f7d4a74d","local_time":"20190313020952","is_ascension_mode":true,"campfire_choices":[{"data":"Go for the Eyes","floor":7,"key":"SMITH"},{"floor":15,"key":"REST"},{"floor":23,"key":"REST"},{"floor":27,"key":"REST"},{"floor":32,"key":"REST"}],"neow_cost":"NONE","seed_source_timestamp":1022771559872256,"circlet_count":0,"master_deck":["Strike_B","Defend_B","Defend_B","Defend_B","Defend_B","Zap","Dualcast","Storm","Go for the Eyes+1","Beam Cell","Reinforced Body","Steam","Stack","BootSequence","Double Energy","Go for the Eyes","Conserve Battery","Go for the Eyes","Coolheaded","Core Surge","Redo","Thunder Strike","Redo+1","Ball Lightning+1","Auto Shields","Coolheaded","Gash","Redo+1","Ball Lightning+1","Conserve Battery+1","Electrodynamics","Conserve Battery","Tempest+1","Conserve Battery"],"relics":["Cracked Core","Calipers","Pantograph","Odd Mushroom","Philosopher\u0027s Stone","Anchor","Tiny House"],"potions_floor_usage":[16,30,33],"damage_taken":[{"damage":0,"enemies":"Cultist","floor":1,"turns":3},{"damage":7,"enemies":"Jaw Worm","floor":2,"turns":3},{"damage":8,"enemies":"Small Slimes","floor":4,"turns":3},{"damage":7,"enemies":"Exordium Wildlife","floor":5,"turns":9},{"damage":3,"enemies":"Blue Slaver","floor":8,"turns":4},{"damage":20,"enemies":"The Mushroom Lair","floor":10,"turns":5},{"damage":12,"enemies":"Lots of Slimes","floor":11,"turns":6},{"damage":0,"enemies":"2 Fungi Beasts","floor":12,"turns":3},{"damage":0,"enemies":"Exordium Thugs","floor":14,"turns":5},{"damage":43,"enemies":"The Guardian","floor":16,"turns":22},{"damage":13,"enemies":"2 Thieves","floor":18,"turns":4},{"damage":21,"enemies":"Spheric Guardian","floor":21,"turns":4},{"damage":18,"enemies":"Chosen and Byrds","floor":22,"turns":6},{"damage":40,"enemies":"Cultist and Chosen","floor":25,"turns":9},{"damage":15,"enemies":"Centurion and Healer","floor":30,"turns":8},{"damage":6,"enemies":"Snake Plant","floor":31,"turns":5},{"damage":37,"enemies":"Champ","floor":33,"turns":17},{"damage":37,"enemies":"3 Darklings","floor":35,"turns":6},{"damage":0,"enemies":"Orb Walker","floor":37,"turns":3},{"damage":50,"enemies":"Reptomancer","floor":40,"turns":3}],"seed_played":"-6711532398363346462","potions_obtained":[{"floor":1,"key":"Poison Potion"},{"floor":2,"key":"Block Potion"},{"floor":8,"key":"Ancient Potion"},{"floor":16,"key":"FearPotion"},{"floor":18,"key":"FocusPotion"},{"floor":31,"key":"Dexterity Potion"},{"floor":34,"key":"SpeedPotion"}],"is_trial":false,"path_per_floor":["M","M","$","M","M","?","R","M","T","?","M","M","$","M","R","B",null,"M","?","$","M","M","R","?","M","T","R","$","?","M","M","R","B",null,"M","?","M","$","?","E"],"character_chosen":"DEFECT","items_purchased":["Beam Cell","Conserve Battery","Go for the Eyes","Thunder Strike","Gash","Redo","Conserve Battery"],"campfire_rested":4,"item_purchase_floors":[3,13,13,20,28,28,38],"current_hp_per_floor":[82,75,75,67,60,48,48,45,45,25,13,13,13,13,37,19,82,69,69,69,48,30,54,54,14,14,38,38,38,23,17,41,29,87,50,50,50,50,50,0],"gold":88,"neow_bonus":"TEN_PERCENT_HP_BONUS","is_prod":false,"is_daily":false,"chose_seed":false,"campfire_upgraded":1,"win_rate":0,"timestamp":1552457392,"path_taken":["M","?","$","M","M","?","R","M","T","?","M","M","?","M","R","BOSS","M","?","$","?","M","R","?","M","T","R","?","?","M","M","R","BOSS","M","?","M","$","?","E"],"build_version":"2019-01-23","purchased_purges":2,"victory":false,"max_hp_per_floor":[82,82,82,82,82,82,82,82,82,82,82,82,82,82,82,82,82,82,82,82,82,82,82,82,82,82,82,82,82,82,82,82,82,87,87,87,87,87,87,87],"card_choices":[{"not_picked":["Static Discharge","Hologram"],"picked":"Storm","floor":1},{"not_picked":["Steam","Chaos"],"picked":"Go for the Eyes","floor":2},{"not_picked":["Ball Lightning","Skim"],"picked":"Reinforced Body","floor":4},{"not_picked":["Ball Lightning","Rebound"],"picked":"Steam","floor":5},{"not_picked":["Compile Driver","Fusion"],"picked":"Stack","floor":8},{"not_picked":["Static Discharge","Sweeping Beam"],"picked":"BootSequence","floor":10},{"not_picked":["Melter","BootSequence"],"picked":"Double Energy","floor":11},{"not_picked":["Rebound","Hologram"],"picked":"Go for the Eyes","floor":12},{"not_picked":["Ball Lightning","Undo"],"picked":"Coolheaded","floor":14},{"not_picked":["Reboot","Fission"],"picked":"Core Surge","floor":16},{"not_picked":["Steam Power","Streamline"],"picked":"Redo","floor":18},{"not_picked":["Steam","Reinforced Body"],"picked":"Redo+1","floor":21},{"not_picked":["Stack+1","Reinforced Body"],"picked":"Ball Lightning+1","floor":22},{"not_picked":["Steam Power","Stack"],"picked":"Coolheaded","floor":25},{"not_picked":["Go for the Eyes","Cold Snap"],"picked":"Ball Lightning+1","floor":30},{"not_picked":["BootSequence","Sunder"],"picked":"Conserve Battery+1","floor":31},{"not_picked":["Multi-Cast","Fission"],"picked":"Electrodynamics","floor":33},{"not_picked":["Sweeping Beam+1","Leap+1"],"picked":"Conserve Battery","floor":34},{"not_picked":["Conserve Battery+1","Steam Power"],"picked":"Tempest+1","floor":35},{"not_picked":["Doom and Gloom+1","Barrage"],"picked":"Coolheaded+1","floor":37}],"player_experience":1229873,"relics_obtained":[{"floor":9,"key":"Pantograph"},{"floor":10,"key":"Odd Mushroom"},{"floor":26,"key":"Anchor"}],"event_choices":[{"damage_healed":0,"gold_gain":0,"player_choice":"Success","damage_taken":12,"relics_obtained":["Calipers"],"max_hp_gain":0,"max_hp_loss":0,"event_name":"Scrap Ooze","floor":6,"gold_loss":0},{"damage_healed":0,"gold_gain":0,"player_choice":"Fought Mushrooms","damage_taken":0,"max_hp_gain":0,"max_hp_loss":0,"event_name":"Mushrooms","floor":10,"gold_loss":0},{"damage_healed":0,"gold_gain":0,"player_choice":"Bet on Murderer","damage_taken":0,"max_hp_gain":0,"max_hp_loss":0,"event_name":"The Joust","floor":19,"gold_loss":50},{"damage_healed":0,"gold_gain":0,"cards_transformed":["Strike_B"],"player_choice":"Transformed","damage_taken":0,"max_hp_gain":0,"max_hp_loss":0,"event_name":"Transmorgrifier","floor":24,"gold_loss":0,"cards_obtained":["Auto Shields"]},{"damage_healed":0,"gold_gain":0,"player_choice":"Ignored","damage_taken":0,"max_hp_gain":0,"max_hp_loss":0,"event_name":"Beggar","floor":29,"gold_loss":0},{"damage_healed":0,"gold_gain":0,"player_choice":"Ignored","damage_taken":0,"max_hp_gain":0,"max_hp_loss":0,"event_name":"Mysterious Sphere","floor":36,"gold_loss":0},{"cards_removed":["Coolheaded"],"damage_healed":0,"gold_gain":0,"player_choice":"Removed Skill","damage_taken":0,"max_hp_gain":0,"max_hp_loss":0,"event_name":"Falling","floor":39,"gold_loss":0}],"is_beta":false,"boss_relics":[{"not_picked":["Calling Bell","Fusion Hammer"],"picked":"Philosopher\u0027s Stone"},{"not_picked":["Runic Dome","White Beast Statue"],"picked":"Tiny House"}],"items_purged_floors":[3,38],"is_endless":false,"potions_floor_spawned":[1,2,8,14,16,18,21,25,31],"killed_by":"Reptomancer","ascension_level":2}