{"gold_per_floor":[115,134,134,134,36,65,65,94,120,195,195,205,234,247,247,247],"floor_reached":16,"playtime":541,"items_purged":["Regret"],"score":204,"play_id":"e681b94a-4a1e-4df0-987e-20a1241251f0","local_time":"20190101185002","is_ascension_mode":true,"campfire_choices":[{"data":"Bash","floor":7.0,"key":"SMITH"},{"data":"Pommel Strike","floor":11.0,"key":"SMITH"},{"floor":15.0,"key":"REST"}],"neow_cost":"NONE","seed_source_timestamp":504796101652176,"circlet_count":0,"master_deck":["Strike_R","Strike_R","Strike_R","Strike_R","Strike_R","Defend_R","Defend_R","Defend_R","Defend_R","Bash+1","Whirlwind+1","Armaments","Headbutt","Pommel Strike+1","Combust+1","Juggernaut+1"],"special_seed":0,"relics":["Burning Blood","NeowsBlessing","Juzu Bracelet","Pear","Strawberry","Centennial Puzzle","Frozen Egg 2"],"potions_floor_usage":[16,16],"damage_taken":[{"damage":0.0,"enemies":"Jaw Worm","floor":1.0,"turns":1.0},{"damage":0.0,"enemies":"2 Louse","floor":2.0,"turns":1.0},{"damage":0.0,"enemies":"Gremlin Nob","floor":6.0,"turns":1.0},{"damage":30.0,"enemies":"3 Sentries","floor":8.0,"turns":6.0},{"damage":0.0,"enemies":"Cultist","floor":12.0,"turns":2.0},{"damage":30.0,"enemies":"Lagavulin","floor":13.0,"turns":6.0},{"damage":27.0,"enemies":"Large Slime","floor":14.0,"turns":5.0},{"damage":43,"enemies":"Hexaghost","floor":16,"turns":9}],"seed_played":"-8477054136882485037","potions_obtained":[{"floor":2.0,"key":"SteroidPotion"},{"floor":6.0,"key":"Block Potion"},{"floor":14.0,"key":"BloodPotion"}],"is_trial":false,"path_per_floor":["M","M","?","?","$","E","R","E","T","?","R","M","E","M","R","B"],"character_chosen":"IRONCLAD","items_purchased":["Headbutt"],"campfire_rested":1,"item_purchase_floors":[5],"current_hp_per_floor":[80,80,80,80,80,90,90,73,73,62,62,68,44,23,52,18],"gold":247,"neow_bonus":"THREE_ENEMY_KILL","is_prod":false,"is_daily":false,"chose_seed":false,"campfire_upgraded":2,"win_rate":0,"timestamp":1546386602,"path_taken":["M","M","?","?","$","E","R","E","T","?","R","M","E","M","R","BOSS"],"build_version":"2018-12-20","purchased_purges":1,"victory":false,"max_hp_per_floor":[80,80,80,80,80,90,90,97,97,97,97,97,97,97,97,97],"card_choices":[{"not_picked":["Flex","Clash"],"picked":"Whirlwind","floor":1.0},{"not_picked":["Wild Strike","Sword Boomerang"],"picked":"Armaments","floor":2.0},{"not_picked":["Dual Wield","Burning Pact","Searing Blow"],"picked":"SKIP","floor":6.0},{"not_picked":["Perfected Strike","True Grit"],"picked":"Pommel Strike","floor":8.0},{"not_picked":["Anger","Whirlwind","Rupture"],"picked":"SKIP","floor":12.0},{"not_picked":["Thunderclap","Reckless Charge"],"picked":"Combust","floor":13.0},{"not_picked":["Disarm","Body Slam"],"picked":"Juggernaut+1","floor":14.0}],"player_experience":348710,"relics_obtained":[{"floor":6.0,"key":"Pear"},{"floor":8.0,"key":"Strawberry"},{"floor":9.0,"key":"Centennial Puzzle"},{"floor":13.0,"key":"Frozen Egg 2"}],"event_choices":[{"damage_healed":0.0,"max_hp_gain":0.0,"max_hp_loss":0.0,"gold_gain":0.0,"event_name":"Living Wall","player_choice":"Grow","floor":3.0,"gold_loss":0.0,"damage_taken":0.0,"cards_upgraded":["Whirlwind"]},{"damage_healed":0.0,"max_hp_gain":0.0,"max_hp_loss":0.0,"gold_gain":0.0,"event_name":"Big Fish","player_choice":"Box","floor":4.0,"gold_loss":0.0,"damage_taken":0.0,"relics_obtained":["Juzu Bracelet"],"cards_obtained":["Regret"]},{"damage_healed":0.0,"max_hp_gain":0.0,"max_hp_loss":0.0,"gold_gain":75.0,"event_name":"World of Goop","player_choice":"Gather Gold","floor":10.0,"gold_loss":0.0,"damage_taken":11.0}],"is_beta":false,"boss_relics":[],"items_purged_floors":[5],"is_endless":false,"potions_floor_spawned":[2,6,14],"killed_by":"Hexaghost","ascension_level":5}