{"gold_per_floor":[111,111,69,81,81,81,112,112,167,92,103,103,103,134,134,232,232,242,442,459,478,478],"floor_reached":22,"playtime":453,"items_purged":["Bash+1"],"score":217,"play_id":"b4f51664-04c5-4bba-9318-ee41eba0f4fa","local_time":"20190223025244","is_ascension_mode":false,"campfire_choices":[{"data":"Anger","floor":6,"key":"SMITH"},{"data":"Strike_R","floor":8,"key":"SMITH"},{"data":"Strike_R","floor":13,"key":"SMITH"},{"data":"Strike_R","floor":15,"key":"SMITH"}],"neow_cost":"NONE","seed_source_timestamp":568692395631461,"circlet_count":0,"master_deck":["Strike_R","Strike_R","Strike_R+1","Strike_R+1","Strike_R+1","Defend_R","Defend_R+1","Defend_R","Defend_R","Anger+1","Regret"],"relics":["Burning Blood","NeowsBlessing","Ancient Tea Set","Orichalcum","Pear","Pocketwatch","Busted Crown"],"potions_floor_usage":[14,16,22],"damage_taken":[{"damage":0,"enemies":"Small Slimes","floor":1,"turns":1},{"damage":0,"enemies":"2 Louse","floor":4,"turns":1},{"damage":0,"enemies":"Lagavulin","floor":7,"turns":1},{"damage":2,"enemies":"Jaw Worm","floor":11,"turns":4},{"damage":14,"enemies":"3 Sentries","floor":14,"turns":8},{"damage":69,"enemies":"Slime Boss","floor":16,"turns":16},{"damage":24,"enemies":"3 Byrds","floor":18,"turns":8},{"damage":11,"enemies":"Chosen","floor":20,"turns":4},{"damage":46,"enemies":"Sentry and Sphere","floor":21,"turns":7},{"damage":28,"enemies":"Snake Plant","floor":22,"turns":4}],"seed_played":"-4667410385587576403","potions_obtained":[{"floor":1,"key":"Strength Potion"},{"floor":4,"key":"Dexterity Potion"},{"floor":18,"key":"Weak Potion"}],"is_trial":false,"path_per_floor":["M","?","?","M","?","R","E","R","T","$","M","?","R","E","R","B",null,"M","?","M","M","M"],"character_chosen":"IRONCLAD","items_purchased":[],"campfire_rested":0,"item_purchase_floors":[],"current_hp_per_floor":[80,80,80,80,64,64,70,70,70,70,74,84,84,76,76,13,90,72,72,67,27,0],"gold":478,"neow_bonus":"THREE_ENEMY_KILL","is_prod":false,"is_daily":false,"chose_seed":false,"campfire_upgraded":4,"win_rate":0.0,"timestamp":1550919164,"path_taken":["M","?","?","M","?","R","E","R","T","$","?","?","R","E","R","BOSS","M","?","M","?","M"],"build_version":"2019-01-23","purchased_purges":1,"victory":false,"max_hp_per_floor":[80,80,80,80,80,80,80,80,80,80,80,90,90,90,90,90,90,90,90,90,90,90],"card_choices":[{"not_picked":["Whirlwind","Clothesline","Dropkick"],"picked":"SKIP","floor":1},{"not_picked":["Twin Strike","Cleave"],"picked":"Anger","floor":4},{"not_picked":["Blood for Blood","Second Wind","Shrug It Off"],"picked":"SKIP","floor":7},{"not_picked":["Heavy Blade","Headbutt","Power Through"],"picked":"SKIP","floor":11},{"not_picked":["Barricade","Infernal Blade","Power Through"],"picked":"SKIP","floor":14},{"not_picked":["Twin Strike"],"picked":"SKIP","floor":18},{"not_picked":["Dropkick"],"picked":"SKIP","floor":20},{"not_picked":["True Grit"],"picked":"SKIP","floor":21}],"player_experience":13460,"relics_obtained":[{"floor":7,"key":"Ancient Tea Set"},{"floor":9,"key":"Orichalcum"},{"floor":14,"key":"Pocketwatch"}],"event_choices":[{"damage_healed":0,"gold_gain":0,"player_choice":"Ignored","damage_taken":0,"max_hp_gain":0,"max_hp_loss":0,"event_name":"Liars Game","floor":2,"gold_loss":0},{"damage_healed":0,"gold_gain":0,"player_choice":"Left Gold","damage_taken":0,"max_hp_gain":0,"max_hp_loss":0,"event_name":"World of Goop","floor":3,"gold_loss":42},{"damage_healed":0,"gold_gain":0,"player_choice":"Entered Light","damage_taken":16,"max_hp_gain":0,"max_hp_loss":0,"event_name":"Shining Light","floor":5,"gold_loss":0,"cards_upgraded":["Defend_R","Bash"]},{"damage_healed":0,"gold_gain":0,"player_choice":"Box","damage_taken":0,"relics_obtained":["Pear"],"max_hp_gain":0,"max_hp_loss":0,"event_name":"Big Fish","floor":12,"gold_loss":0,"cards_obtained":["Regret"]},{"damage_healed":0,"gold_gain":200,"player_choice":"Gold","damage_taken":0,"max_hp_gain":0,"max_hp_loss":0,"event_name":"Wheel of Change","floor":19,"gold_loss":0}],"is_beta":false,"boss_relics":[{"not_picked":["Coffee Dripper","Runic Pyramid"],"picked":"Busted Crown"}],"items_purged_floors":[10],"is_endless":false,"potions_floor_spawned":[1,4,18],"killed_by":"Snake Plant","ascension_level":0}