{"gold_per_floor":[113,132,150,169,182,182,195,195,195,215,10,28,49,59,59,164,164,177,192,211,7,7,7],"floor_reached":23,"playtime":2777,"items_purged":["Strike_B"],"score":189,"play_id":"72434249-0f22-4676-8976-1ca77770efbe","local_time":"20190312124302","is_ascension_mode":false,"campfire_choices":[{"floor":6,"key":"REST"},{"data":"Conserve Battery","floor":8,"key":"SMITH"},{"floor":15,"key":"REST"}],"neow_cost":"NONE","seed_source_timestamp":9592476123468,"circlet_count":0,"master_deck":["Strike_B","Strike_B","Strike_B","Defend_B","Defend_B","Defend_B","Defend_B","Zap","Dualcast","Conserve Battery+1","Cold Snap","Glacier","Streamline","Steam","Steam","Compile Driver","Thunder Strike","Steam","Double Energy","Reinforced Body","Force Field","Electrodynamics","Reprogram","Barrage","FTL","Static Discharge","Enlightenment"],"relics":["Cracked Core","Strawberry","Odd Mushroom","Black Star","NlothsMask"],"potions_floor_usage":[16,16,23,23],"damage_taken":[{"damage":0,"enemies":"Small Slimes","floor":1,"turns":3},{"damage":1,"enemies":"Jaw Worm","floor":2,"turns":4},{"damage":0,"enemies":"Cultist","floor":3,"turns":3},{"damage":11,"enemies":"Lots of Slimes","floor":4,"turns":8},{"damage":3,"enemies":"Gremlin Gang","floor":5,"turns":9},{"damage":0,"enemies":"Looter","floor":7,"turns":4},{"damage":7,"enemies":"Blue Slaver","floor":10,"turns":4},{"damage":0,"enemies":"Exordium Thugs","floor":12,"turns":5},{"damage":18,"enemies":"The Mushroom Lair","floor":13,"turns":4},{"damage":0,"enemies":"Exordium Wildlife","floor":14,"turns":6},{"damage":34,"enemies":"Slime Boss","floor":16,"turns":18},{"damage":21,"enemies":"Spheric Guardian","floor":18,"turns":10},{"damage":29,"enemies":"3 Byrds","floor":19,"turns":6},{"damage":26,"enemies":"3 Cultists","floor":20,"turns":5},{"damage":13,"enemies":"Slavers","floor":23,"turns":1}],"seed_played":"-1981106149325389042","potions_obtained":[{"floor":2,"key":"EssenceOfSteel"},{"floor":4,"key":"FocusPotion"},{"floor":5,"key":"FocusPotion"},{"floor":20,"key":"EssenceOfSteel"}],"is_trial":false,"path_per_floor":["M","M","M","M","M","R","M","R","T","M","$","M","?","M","R","B",null,"M","M","M","$","?","E"],"character_chosen":"DEFECT","items_purchased":["Thunder Strike","Steam","Static Discharge","Enlightenment"],"campfire_rested":2,"item_purchase_floors":[11,11,21,21],"current_hp_per_floor":[82,81,81,70,67,82,82,82,89,82,82,82,64,64,89,55,89,68,39,13,13,13,0],"gold":7,"neow_bonus":"TEN_PERCENT_HP_BONUS","is_prod":false,"is_daily":false,"chose_seed":false,"campfire_upgraded":1,"win_rate":0.0,"timestamp":1552408982,"path_taken":["M","M","M","M","M","R","M","R","T","M","$","M","?","M","R","BOSS","M","M","M","$","?","E"],"build_version":"2019-01-23","purchased_purges":1,"victory":false,"max_hp_per_floor":[82,82,82,82,82,82,82,82,89,89,89,89,89,89,89,89,89,89,89,89,89,89,89],"card_choices":[{"not_picked":["Redo","Reprogram"],"picked":"Conserve Battery","floor":1},{"not_picked":["Self Repair","Compile Driver"],"picked":"Cold Snap","floor":2},{"not_picked":["Reprogram","Go for the Eyes"],"picked":"Glacier","floor":3},{"not_picked":["Leap","Rip and Tear"],"picked":"Streamline","floor":4},{"not_picked":["Rip and Tear","Sweeping Beam"],"picked":"Steam","floor":5},{"not_picked":["Compile Driver","Sweeping Beam"],"picked":"Steam","floor":7},{"not_picked":["Coolheaded","Melter"],"picked":"Compile Driver","floor":10},{"not_picked":["Leap","Thunder Strike"],"picked":"Double Energy","floor":12},{"not_picked":["Redo","Cold Snap"],"picked":"Reinforced Body","floor":13},{"not_picked":["Coolheaded","Consume"],"picked":"Force Field","floor":14},{"not_picked":["Buffer","Reboot"],"picked":"Electrodynamics","floor":16},{"not_picked":["Consume","Hologram"],"picked":"Reprogram","floor":18},{"not_picked":["Go for the Eyes","Coolheaded+1"],"picked":"Barrage","floor":19},{"not_picked":["Coolheaded+1","Hologram"],"picked":"FTL","floor":20}],"player_experience":3140,"relics_obtained":[{"floor":9,"key":"Strawberry"},{"floor":13,"key":"Odd Mushroom"}],"event_choices":[{"damage_healed":0,"gold_gain":0,"player_choice":"Fought Mushrooms","damage_taken":0,"max_hp_gain":0,"max_hp_loss":0,"event_name":"Mushrooms","floor":13,"gold_loss":0},{"damage_healed":0,"gold_gain":0,"player_choice":"Trade","damage_taken":0,"relics_obtained":["NlothsMask"],"max_hp_gain":0,"max_hp_loss":0,"event_name":"FaceTrader","floor":22,"gold_loss":0}],"is_beta":false,"boss_relics":[{"not_picked":["Lizard Tail","FrozenCore"],"picked":"Black Star"}],"items_purged_floors":[21],"is_endless":false,"potions_floor_spawned":[2,4,5,10,12,20],"killed_by":"Slavers","ascension_level":0}