{"gold_per_floor":[118,137,151,171,184,218,218,234,234,234],"floor_reached":10,"playtime":626,"items_purged":[],"score":72,"play_id":"c05023d3-2cc4-45d2-82a7-3f309431f24b","local_time":"20190312134644","is_ascension_mode":false,"campfire_choices":[{"floor":7,"key":"REST"}],"neow_cost":"NONE","seed_source_timestamp":15566636758214,"circlet_count":0,"master_deck":["Strike_B","Strike_B","Strike_B","Strike_B","Defend_B","Defend_B","Defend_B","Defend_B","Zap","Dualcast","Darkness","White Noise","Loop","Beam Cell","Redo","Hello World","Beam Cell","Ball Lightning"],"relics":["Cracked Core","Dream Catcher","Blood Vial","Gremlin Horn"],"potions_floor_usage":[],"damage_taken":[{"damage":1,"enemies":"Jaw Worm","floor":1,"turns":3},{"damage":0,"enemies":"Small Slimes","floor":2,"turns":3},{"damage":1,"enemies":"Cultist","floor":3,"turns":3},{"damage":13,"enemies":"2 Fungi Beasts","floor":4,"turns":5},{"damage":17,"enemies":"Large Slime","floor":5,"turns":4},{"damage":42,"enemies":"Gremlin Nob","floor":6,"turns":5},{"damage":17,"enemies":"Exordium Thugs","floor":8,"turns":5},{"damage":14,"enemies":"Blue Slaver","floor":10,"turns":2}],"seed_played":"-4601387075966315945","potions_obtained":[{"floor":2,"key":"LiquidBronze"},{"floor":3,"key":"Weak Potion"},{"floor":4,"key":"Poison Potion"}],"is_trial":false,"path_per_floor":["M","M","M","M","M","E","R","M","T","M"],"character_chosen":"DEFECT","items_purchased":[],"campfire_rested":1,"item_purchase_floors":[],"current_hp_per_floor":[74,74,73,60,43,1,23,8,8,0],"gold":234,"neow_bonus":"RANDOM_COMMON_RELIC","is_prod":false,"is_daily":false,"chose_seed":false,"campfire_upgraded":0,"win_rate":0.0,"timestamp":1552412804,"path_taken":["M","M","M","M","M","E","R","M","T","M"],"build_version":"2019-01-23","purchased_purges":0,"victory":false,"max_hp_per_floor":[75,75,75,75,75,75,75,75,75,75],"card_choices":[{"not_picked":["Steam","Beam Cell"],"picked":"Darkness","floor":1},{"not_picked":["FTL","Rebound"],"picked":"White Noise","floor":2},{"not_picked":["Rip and Tear","Darkness"],"picked":"Loop","floor":3},{"not_picked":["Steam","Coolheaded"],"picked":"Beam Cell","floor":4},{"not_picked":["Ball Lightning","FTL"],"picked":"Redo","floor":5},{"not_picked":["Glacier","Auto Shields"],"picked":"Hello World","floor":6},{"not_picked":["Skim","Streamline"],"picked":"Beam Cell","floor":7},{"not_picked":["Cold Snap","Fission"],"picked":"Ball Lightning","floor":8}],"player_experience":9043,"relics_obtained":[{"floor":6,"key":"Blood Vial"},{"floor":9,"key":"Gremlin Horn"}],"event_choices":[],"is_beta":false,"boss_relics":[],"items_purged_floors":[],"is_endless":false,"potions_floor_spawned":[2,3,4,8],"killed_by":"Blue Slaver","ascension_level":0}