{"gold_per_floor":[118,118,268,103,103,103,133,151,151,177,207,233,253,100,100,176,176,186,201,201,116,129,129,129,129,180,180],"floor_reached":27,"playtime":686,"items_purged":["Doubt"],"score":484,"play_id":"ad71f6f7-cb1d-4b0c-9a29-57bb4aa21c00","local_time":"20190313223049","is_ascension_mode":true,"campfire_choices":[{"data":"Capacitor","floor":6.0,"key":"SMITH"},{"data":"Rainbow","floor":15.0,"key":"SMITH"},{"floor":23,"key":"REST"}],"neow_cost":"NONE","seed_source_timestamp":28929014057726,"circlet_count":0,"master_deck":["AscendersBane","Strike_B+1","Strike_B+1","Strike_B+1","Defend_B+1","Defend_B+1","Defend_B+1","Defend_B+1","Zap+1","Dualcast","Capacitor+1","Gash","Sunder","Self Repair","Go for the Eyes","Rainbow+1","All For One","Cold Snap","Defragment","Gash","Ghostly","Ghostly","Ghostly"],"special_seed":0,"relics":["Cracked Core","NeowsBlessing","DataDisk","Odd Mushroom","Oddly Smooth Stone","Anchor","Sozu","Bronze Scales","Smiling Mask"],"potions_floor_usage":[],"damage_taken":[{"damage":0.0,"enemies":"Jaw Worm","floor":1.0,"turns":1.0},{"damage":0.0,"enemies":"Lagavulin","floor":7.0,"turns":1.0},{"damage":0.0,"enemies":"Cultist","floor":8.0,"turns":1.0},{"damage":10.0,"enemies":"The Mushroom Lair","floor":10.0,"turns":4.0},{"damage":25.0,"enemies":"Gremlin Nob","floor":11.0,"turns":4.0},{"damage":0.0,"enemies":"Small Slimes","floor":13.0,"turns":3.0},{"damage":29.0,"enemies":"Hexaghost","floor":16.0,"turns":9.0},{"damage":5.0,"enemies":"Shell Parasite","floor":18.0,"turns":6.0},{"damage":12.0,"enemies":"Chosen","floor":19.0,"turns":4.0},{"damage":9,"enemies":"Colosseum Slavers","floor":20,"turns":3},{"damage":29,"enemies":"Centurion and Healer","floor":22,"turns":7},{"damage":50,"enemies":"Gremlin Leader","floor":27,"turns":6}],"seed_played":"277621658787934554","potions_obtained":[{"floor":1.0,"key":"EntropicBrew"},{"floor":7.0,"key":"SkillPotion"},{"floor":13.0,"key":"Fire Potion"},{"floor":16.0,"key":"Ancient Potion"}],"is_trial":false,"path_per_floor":["M","?","?","$","?","R","E","M","T","?","E","T","M","$","R","B",null,"M","M","?","?","M","R","?","?","T","E"],"character_chosen":"DEFECT","items_purchased":["Capacitor","Rainbow"],"campfire_rested":1,"item_purchase_floors":[4,14],"current_hp_per_floor":[64,64,64,64,64,64,64,64,64,54,29,29,36,36,36,14,57,59,54,45,45,23,44,44,35,35,0],"gold":180,"neow_bonus":"THREE_ENEMY_KILL","is_prod":false,"is_daily":false,"chose_seed":false,"campfire_upgraded":2,"win_rate":0,"timestamp":1552512649,"path_taken":["M","?","?","$","?","R","E","?","T","?","E","?","M","$","R","BOSS","M","M","?","?","M","R","?","?","T","E"],"build_version":"2019-02-06","purchased_purges":1,"victory":false,"max_hp_per_floor":[71,71,71,71,71,71,71,71,71,71,71,71,71,71,71,71,71,71,71,71,71,71,71,71,35,35,35],"card_choices":[{"not_picked":["Lockon","Redo","Turbo"],"picked":"SKIP","floor":1.0},{"not_picked":["Sweeping Beam","Reprogram"],"picked":"Gash","floor":7.0},{"not_picked":["Redo","Streamline","Stack"],"picked":"SKIP","floor":8.0},{"not_picked":["Blizzard","Beam Cell"],"picked":"Sunder","floor":10.0},{"not_picked":["Cold Snap","Capacitor"],"picked":"Self Repair","floor":11.0},{"not_picked":["Storm","Loop"],"picked":"Go for the Eyes","floor":13.0},{"not_picked":["Machine Learning","Reboot"],"picked":"All For One","floor":16.0},{"not_picked":["Stack","Tempest"],"picked":"Cold Snap","floor":18.0},{"not_picked":["Rebound","Hologram"],"picked":"Defragment","floor":19.0},{"not_picked":["Turbo","Genetic Algorithm"],"picked":"Gash","floor":22}],"player_experience":1023842,"relics_obtained":[{"floor":7.0,"key":"DataDisk"},{"floor":10.0,"key":"Odd Mushroom"},{"floor":11.0,"key":"Oddly Smooth Stone"},{"floor":12.0,"key":"Anchor"},{"floor":26,"key":"Smiling Mask"}],"event_choices":[{"damage_healed":0.0,"max_hp_gain":0.0,"max_hp_loss":0.0,"gold_gain":0.0,"event_name":"Living Wall","player_choice":"Grow","floor":2.0,"gold_loss":0.0,"damage_taken":0.0,"cards_upgraded":["Zap"]},{"damage_healed":0.0,"max_hp_gain":0.0,"max_hp_loss":0.0,"gold_gain":150.0,"event_name":"Liars Game","player_choice":"AGREE","floor":3.0,"gold_loss":0.0,"damage_taken":0.0,"cards_obtained":["Doubt"]},{"cards_removed":["Strike_B"],"damage_healed":0.0,"max_hp_gain":0.0,"max_hp_loss":0.0,"gold_gain":0.0,"event_name":"Purifier","player_choice":"Purged","floor":5.0,"gold_loss":0.0,"damage_taken":0.0},{"damage_healed":0.0,"max_hp_gain":0.0,"max_hp_loss":0.0,"gold_gain":0.0,"event_name":"Mushrooms","player_choice":"Fought Mushrooms","floor":10.0,"gold_loss":0.0,"damage_taken":0.0},{"damage_healed":0,"gold_gain":0,"player_choice":"Fight","damage_taken":0,"max_hp_gain":0,"max_hp_loss":0,"event_name":"Colosseum","floor":20,"gold_loss":0},{"damage_healed":0,"gold_gain":0,"player_choice":"Fled From Nobs","damage_taken":0,"max_hp_gain":0,"max_hp_loss":0,"event_name":"Colosseum","floor":20,"gold_loss":0},{"damage_healed":0,"gold_gain":0,"player_choice":"Obtained Relic","damage_taken":0,"relics_obtained":["Bronze Scales"],"max_hp_gain":0,"max_hp_loss":0,"event_name":"Addict","floor":21,"gold_loss":85},{"damage_healed":0,"gold_gain":0,"player_choice":"Simplicity","damage_taken":0,"max_hp_gain":0,"max_hp_loss":0,"event_name":"Back to Basics","floor":24,"gold_loss":0,"cards_upgraded":["Strike_B","Strike_B","Strike_B","Defend_B","Defend_B","Defend_B","Defend_B"]},{"damage_healed":0,"gold_gain":0,"player_choice":"Became a Ghost","damage_taken":0,"max_hp_gain":0,"max_hp_loss":36,"event_name":"Ghosts","floor":25,"gold_loss":0,"cards_obtained":["Ghostly","Ghostly","Ghostly"]}],"is_beta":true,"boss_relics":[{"not_picked":["Pandora\u0027s Box","Empty Cage"],"picked":"Sozu"}],"items_purged_floors":[4],"is_endless":false,"potions_floor_spawned":[1,7,13,16,20],"killed_by":"Gremlin Leader","ascension_level":20}