{"gold_per_floor":[111,129,143,143,143,143,178,192,192,192,192,252,10,24,24,120,120,136,136,154,167,92,92,110,130,130,144,163,175,27,44,44,141,141,154,172,572,572,375,375,400,400,400,400,419,419,419],"floor_reached":47,"playtime":2857,"items_purged":["Strike_R","Strike_R","Defend_R"],"score":509,"play_id":"3da5613c-0904-487e-bca2-ef18381d6df2","local_time":"20190313104420","is_ascension_mode":false,"campfire_choices":[{"floor":6,"key":"REST"},{"floor":15,"key":"REST"},{"data":"Inflame","floor":23,"key":"SMITH"},{"floor":32,"key":"REST"},{"data":"Apotheosis","floor":40,"key":"SMITH"},{"floor":42,"key":"REST"},{"data":"1","floor":44,"key":"LIFT"}],"neow_cost":"NONE","seed_source_timestamp":88790546012460,"circlet_count":0,"master_deck":["Defend_R","Defend_R","Defend_R","Bash","Limit Break+1","Cleave","Iron Wave","Limit Break+1","Headbutt","Impervious","Inflame+1","Pommel Strike+1","Parasite","Iron Wave+1","Shrug It Off+1","Flame Barrier","Flame Barrier","Demon Form+1","Warcry+1","Burning Pact+1","Bludgeon+1","Apotheosis+1","Double Tap","Normality","Clumsy"],"relics":["Burning Blood","Shuriken","Bag of Marbles","Bottled Flame","Nunchaku","Du-Vu Doll","Molten Egg 2","Cursed Key","Frozen Egg 2","Astrolabe","Old Coin","Girya","Sundial"],"potions_floor_usage":[12,16,28,29,31,33,33,33,36,37],"damage_taken":[{"damage":6,"enemies":"Cultist","floor":1,"turns":3},{"damage":12,"enemies":"Small Slimes","floor":2,"turns":3},{"damage":13,"enemies":"Jaw Worm","floor":3,"turns":3},{"damage":27,"enemies":"Gremlin Nob","floor":7,"turns":5},{"damage":23,"enemies":"Large Slime","floor":8,"turns":5},{"damage":22,"enemies":"3 Sentries","floor":12,"turns":6},{"damage":7,"enemies":"Looter","floor":14,"turns":4},{"damage":30,"enemies":"Slime Boss","floor":16,"turns":10},{"damage":30,"enemies":"2 Thieves","floor":18,"turns":3},{"damage":12,"enemies":"Shell Parasite","floor":20,"turns":6},{"damage":10,"enemies":"Snecko","floor":21,"turns":3},{"damage":12,"enemies":"Centurion and Healer","floor":24,"turns":3},{"damage":37,"enemies":"Snake Plant","floor":25,"turns":3},{"damage":0,"enemies":"Snecko","floor":27,"turns":3},{"damage":0,"enemies":"Centurion and Healer","floor":28,"turns":3},{"damage":16,"enemies":"Snake Plant","floor":29,"turns":4},{"damage":0,"enemies":"Sentry and Sphere","floor":31,"turns":5},{"damage":10,"enemies":"Automaton","floor":33,"turns":6},{"damage":23,"enemies":"3 Shapes","floor":35,"turns":5},{"damage":10,"enemies":"Orb Walker","floor":36,"turns":2},{"damage":26,"enemies":"Mind Bloom Boss Battle","floor":37,"turns":6},{"damage":36,"enemies":"Giant Head","floor":41,"turns":6},{"damage":28,"enemies":"Writhing Mass","floor":45,"turns":6},{"damage":51,"enemies":"Transient","floor":47,"turns":4}],"seed_played":"4608493006756896834","potions_obtained":[{"floor":2,"key":"Block Potion"},{"floor":12,"key":"Dexterity Potion"},{"floor":16,"key":"Regen Potion"},{"floor":20,"key":"Explosive Potion"},{"floor":25,"key":"AttackPotion"},{"floor":29,"key":"Ancient Potion"},{"floor":31,"key":"AttackPotion"},{"floor":33,"key":"BloodPotion"},{"floor":36,"key":"BloodPotion"}],"is_trial":false,"path_per_floor":["M","M","M","?","?","R","E","M","T","T","?","?","$","M","R","B",null,"M","?","M","M","$","R","M","M","T","M","M","M","$","M","R","B",null,"M","M","?","?","$","R","E","R","T","R","M","T","M"],"character_chosen":"IRONCLAD","items_purchased":["Molten Egg 2","Block Potion","Double Tap"],"campfire_rested":4,"item_purchase_floors":[13,30,39],"current_hp_per_floor":[80,74,67,64,64,80,59,42,42,42,26,10,10,9,33,9,80,56,56,50,46,46,46,40,9,9,15,21,23,23,29,53,49,80,63,67,55,55,55,55,25,49,49,49,27,27,0],"gold":419,"neow_bonus":"ONE_RANDOM_RARE_CARD","is_prod":false,"is_daily":false,"chose_seed":false,"campfire_upgraded":2,"win_rate":0.0,"timestamp":1552488260,"path_taken":["M","M","?","?","?","R","E","?","T","?","?","?","$","?","R","BOSS","M","?","M","M","$","R","M","M","T","?","M","M","$","M","R","BOSS","M","M","?","?","$","R","E","R","T","R","M","?","?"],"build_version":"2019-01-23","purchased_purges":3,"victory":false,"max_hp_per_floor":[80,80,80,80,80,80,80,80,80,80,80,80,80,80,80,80,80,80,80,80,80,80,80,80,80,80,80,80,80,80,80,80,80,80,80,80,80,80,80,80,80,80,80,80,80,80,80],"card_choices":[{"not_picked":["Pommel Strike","Second Wind","Thunderclap"],"picked":"SKIP","floor":1},{"not_picked":["Sword Boomerang","Clothesline"],"picked":"Cleave","floor":2},{"not_picked":["Second Wind","Clash"],"picked":"Iron Wave","floor":3},{"not_picked":["Thunderclap","Headbutt"],"picked":"Limit Break","floor":7},{"not_picked":["True Grit","Dual Wield"],"picked":"Headbutt","floor":8},{"not_picked":["Feel No Pain","Burning Pact","Thunderclap+1"],"picked":"SKIP","floor":14},{"not_picked":["Dark Embrace","Brutality"],"picked":"Impervious","floor":16},{"not_picked":["Clothesline+1","Shockwave"],"picked":"Inflame","floor":18},{"not_picked":["Hemokinesis+1","Battle Trance+1"],"picked":"Pommel Strike+1","floor":20},{"not_picked":["Dual Wield","Inflame","Body Slam+1"],"picked":"SKIP","floor":21},{"not_picked":["Dual Wield","Dropkick+1","Anger+1"],"picked":"SKIP","floor":24},{"not_picked":["Power Through","Pummel+1","Flex"],"picked":"SKIP","floor":25},{"not_picked":["Armaments","Battle Trance"],"picked":"Iron Wave+1","floor":27},{"not_picked":["Clash+1","Bloodletting"],"picked":"Shrug It Off+1","floor":28},{"not_picked":["Thunderclap+1","Dark Embrace+1"],"picked":"Flame Barrier","floor":29},{"not_picked":["Clash+1","Cleave+1"],"picked":"Flame Barrier","floor":31},{"not_picked":["Dark Embrace+1","Offering"],"picked":"Demon Form+1","floor":33},{"not_picked":["Uppercut+1","Headbutt+1","Flame Barrier"],"picked":"SKIP","floor":35},{"not_picked":["Ghostly Armor","Iron Wave+1","Intimidate"],"picked":"SKIP","floor":36},{"not_picked":["Metamorphosis","Blind"],"picked":"Apotheosis","floor":38},{"not_picked":["Carnage+1","Cleave+1","Iron Wave+1"],"picked":"SKIP","floor":41},{"not_picked":["Searing Blow+1","Hemokinesis+1","Combust+1"],"picked":"SKIP","floor":45}],"player_experience":31272,"relics_obtained":[{"floor":7,"key":"Bag of Marbles"},{"floor":9,"key":"Bottled Flame"},{"floor":10,"key":"Nunchaku"},{"floor":12,"key":"Du-Vu Doll"},{"floor":26,"key":"Frozen Egg 2"},{"floor":37,"key":"Old Coin"},{"floor":41,"key":"Girya"},{"floor":43,"key":"Sundial"}],"event_choices":[{"damage_healed":0,"gold_gain":0,"player_choice":"Success","damage_taken":3,"relics_obtained":["Shuriken"],"max_hp_gain":0,"max_hp_loss":0,"event_name":"Scrap Ooze","floor":4,"gold_loss":0},{"damage_healed":0,"gold_gain":0,"player_choice":"Forge","damage_taken":0,"max_hp_gain":0,"max_hp_loss":0,"event_name":"Accursed Blacksmith","floor":5,"gold_loss":0,"cards_upgraded":["Limit Break"]},{"damage_healed":0,"gold_gain":0,"player_choice":"Entered Light","damage_taken":16,"max_hp_gain":0,"max_hp_loss":0,"event_name":"Shining Light","floor":11,"gold_loss":0,"cards_upgraded":["Strike_R","Strike_R"]},{"damage_healed":0,"gold_gain":0,"player_choice":"Searched \u00272\u0027 times","damage_taken":0,"max_hp_gain":0,"max_hp_loss":0,"event_name":"Dead Adventurer","floor":12,"gold_loss":0},{"damage_healed":0,"gold_gain":0,"player_choice":"Upgraded","damage_taken":0,"max_hp_gain":0,"max_hp_loss":0,"event_name":"Upgrade Shrine","floor":19,"gold_loss":0,"cards_upgraded":["Limit Break"]},{"damage_healed":0,"gold_gain":0,"player_choice":"Fight","damage_taken":0,"max_hp_gain":0,"max_hp_loss":0,"event_name":"MindBloom","floor":37,"gold_loss":0},{"damage_healed":0,"gold_gain":0,"player_choice":"Memory 1","damage_taken":0,"max_hp_gain":0,"max_hp_loss":0,"event_name":"SensoryStone","floor":38,"gold_loss":0}],"is_beta":false,"boss_relics":[{"not_picked":["Orrery","Busted Crown"],"picked":"Cursed Key"},{"not_picked":["Runic Pyramid","White Beast Statue"],"picked":"Astrolabe"}],"items_purged_floors":[22,30,39],"is_endless":false,"potions_floor_spawned":[2,12,16,20,25,29,31,33,36],"killed_by":"Transient","ascension_level":0}