{"gold_per_floor":[112,37,37,48,67,101,113,113,113,148,164,189,202,214,214,285,285,305,321,57,57,75,75,105,105],"floor_reached":25,"playtime":1069,"items_purged":["Strike_B","Strike_B"],"score":490,"play_id":"7a18e719-a27d-4dda-8567-bb35b94ea4f8","local_time":"20190310202257","is_ascension_mode":true,"campfire_choices":[{"data":"Genetic Algorithm","floor":8.0,"key":"SMITH"},{"floor":15.0,"key":"REST"},{"floor":23.0,"key":"REST"}],"neow_cost":"NONE","seed_source_timestamp":15740139539628,"circlet_count":0,"master_deck":["AscendersBane","Defend_B","Defend_B","Defend_B+1","Zap","Dualcast","Conserve Battery","Ball Lightning","Conserve Battery","Genetic Algorithm+1","Sunder","Coolheaded+1","Gash","Cold Snap","Biased Cognition","Storm+1","Skim+1","Recycle+1","Glacier","Beam Cell+1","Self Repair"],"special_seed":0,"relics":["Cracked Core","NeowsBlessing","Bag of Preparation","Kunai","Pocketwatch","Pen Nib","Astrolabe","War Paint","Oddly Smooth Stone"],"potions_floor_usage":[24],"damage_taken":[{"damage":0.0,"enemies":"2 Louse","floor":1.0,"turns":1.0},{"damage":0.0,"enemies":"Cultist","floor":4.0,"turns":1.0},{"damage":0.0,"enemies":"Jaw Worm","floor":5.0,"turns":1.0},{"damage":20.0,"enemies":"3 Sentries","floor":6.0,"turns":8.0},{"damage":0.0,"enemies":"Exordium Thugs","floor":7.0,"turns":3.0},{"damage":6.0,"enemies":"Lagavulin","floor":10.0,"turns":5.0},{"damage":3.0,"enemies":"Exordium Wildlife","floor":11.0,"turns":4.0},{"damage":32.0,"enemies":"Gremlin Nob","floor":12.0,"turns":4.0},{"damage":4.0,"enemies":"Lots of Slimes","floor":13.0,"turns":4.0},{"damage":0.0,"enemies":"3 Louse","floor":14.0,"turns":4.0},{"damage":28.0,"enemies":"Slime Boss","floor":16.0,"turns":11.0},{"damage":5.0,"enemies":"3 Byrds","floor":18.0,"turns":3.0},{"damage":24.0,"enemies":"Chosen","floor":19.0,"turns":4.0},{"damage":0.0,"enemies":"Snake Plant","floor":22.0,"turns":4.0},{"damage":39,"enemies":"Gremlin Leader","floor":24,"turns":5},{"damage":13,"enemies":"Chosen and Byrds","floor":25,"turns":3}],"seed_played":"-2120549325368040531","potions_obtained":[{"floor":3.0,"key":"PowerPotion"},{"floor":3.0,"key":"FairyPotion"},{"floor":6.0,"key":"Energy Potion"},{"floor":11.0,"key":"PowerPotion"},{"floor":14.0,"key":"Fruit Juice"},{"floor":16.0,"key":"Energy Potion"},{"floor":19.0,"key":"FearPotion"},{"floor":22.0,"key":"Dexterity Potion"}],"is_trial":false,"path_per_floor":["M","$","?","M","M","E","M","R","T","E","M","E","M","M","R","B",null,"M","M","$","?","M","R","E","M"],"character_chosen":"DEFECT","items_purchased":["War Paint"],"campfire_rested":2,"item_purchase_floors":[20],"current_hp_per_floor":[64,64,64,64,64,44,44,44,44,38,35,3,7,12,34,6,59,54,30,30,30,30,52,13,0],"gold":105,"neow_bonus":"THREE_ENEMY_KILL","is_prod":false,"is_daily":false,"chose_seed":false,"campfire_upgraded":1,"win_rate":0,"timestamp":1552245777,"path_taken":["M","$","?","M","M","E","M","R","T","E","M","E","M","?","R","BOSS","M","M","$","?","?","R","E","M"],"build_version":"2019-02-06","purchased_purges":2,"victory":false,"max_hp_per_floor":[71,71,71,71,71,71,71,71,71,71,71,71,71,76,76,76,76,76,76,76,76,76,76,76,76],"card_choices":[{"not_picked":["Sweeping Beam","Doom and Gloom"],"picked":"Conserve Battery","floor":1.0},{"not_picked":["Recycle","Melter"],"picked":"Ball Lightning","floor":4.0},{"not_picked":["Barrage","Turbo"],"picked":"Conserve Battery","floor":5.0},{"not_picked":["Stack","Force Field"],"picked":"Loop","floor":6.0},{"not_picked":["Stack","Compile Driver"],"picked":"Genetic Algorithm","floor":7.0},{"not_picked":["Barrage","Streamline","Turbo"],"picked":"SKIP","floor":10.0},{"not_picked":["Redo","Gash"],"picked":"Sunder","floor":11.0},{"not_picked":["Rebound","Thunder Strike"],"picked":"Coolheaded","floor":12.0},{"not_picked":["Ball Lightning","Leap"],"picked":"Gash","floor":13.0},{"not_picked":["Ball Lightning","Hello World"],"picked":"Cold Snap","floor":14.0},{"not_picked":["Reboot","Hyperbeam"],"picked":"Biased Cognition","floor":16.0},{"not_picked":["Ball Lightning","Hello World","Fusion+1"],"picked":"SKIP","floor":18.0},{"not_picked":["Stack","Ball Lightning"],"picked":"Glacier","floor":19.0},{"not_picked":["Redo","Doom and Gloom"],"picked":"Beam Cell+1","floor":22.0},{"not_picked":["Go for the Eyes","Double Energy"],"picked":"Self Repair","floor":24}],"player_experience":1004131,"relics_obtained":[{"floor":6.0,"key":"Bag of Preparation"},{"floor":9.0,"key":"Kunai"},{"floor":10.0,"key":"Pocketwatch"},{"floor":12.0,"key":"Pen Nib"},{"floor":24,"key":"Oddly Smooth Stone"}],"event_choices":[{"damage_healed":0.0,"max_hp_gain":0.0,"max_hp_loss":0.0,"gold_gain":0.0,"event_name":"Lab","player_choice":"Got Potions","floor":3.0,"gold_loss":0.0,"damage_taken":0.0},{"cards_removed":["Loop"],"damage_healed":0.0,"max_hp_gain":0.0,"max_hp_loss":0.0,"gold_gain":0.0,"event_name":"Purifier","player_choice":"Purged","floor":21.0,"gold_loss":0.0,"damage_taken":0.0}],"is_beta":true,"boss_relics":[{"not_picked":["Orrery","Inserter"],"picked":"Astrolabe"}],"items_purged_floors":[2,20],"is_endless":false,"potions_floor_spawned":[6,7,11,14,16,19,22],"killed_by":"Chosen and Byrds","ascension_level":20}