{"gold_per_floor":[110,123,142,142,162,193,203,223,246,246],"floor_reached":10,"playtime":524,"items_purged":[],"score":72,"play_id":"7a42c9c0-a387-437c-a2c1-f6053c439aec","local_time":"20190312135553","is_ascension_mode":false,"campfire_choices":[],"neow_cost":"NONE","seed_source_timestamp":16218854860708,"circlet_count":0,"master_deck":["Strike_B","Strike_B","Strike_B","Strike_B","Defend_B","Defend_B","Defend_B","Defend_B","Zap","Dualcast","White Noise","Steam","Storm","Redo","Gash","White Noise","Go for the Eyes"],"relics":["Cracked Core","NeowsBlessing","Sundial","Lantern"],"potions_floor_usage":[],"damage_taken":[{"damage":0,"enemies":"Cultist","floor":1,"turns":1},{"damage":0,"enemies":"Small Slimes","floor":2,"turns":1},{"damage":0,"enemies":"2 Louse","floor":3,"turns":1},{"damage":33,"enemies":"Exordium Thugs","floor":5,"turns":6},{"damage":24,"enemies":"Lagavulin","floor":6,"turns":6},{"damage":7,"enemies":"2 Fungi Beasts","floor":7,"turns":4},{"damage":6,"enemies":"Large Slime","floor":8,"turns":4},{"damage":15,"enemies":"Exordium Wildlife","floor":10,"turns":3}],"seed_played":"-3371298490602018930","potions_obtained":[{"floor":1,"key":"Fire Potion"},{"floor":6,"key":"Explosive Potion"}],"is_trial":false,"path_per_floor":["M","M","M","?","M","E","M","M","T","M"],"character_chosen":"DEFECT","items_purchased":[],"campfire_rested":0,"item_purchase_floors":[],"current_hp_per_floor":[75,75,75,80,47,23,16,10,10,0],"gold":246,"neow_bonus":"THREE_ENEMY_KILL","is_prod":false,"is_daily":false,"chose_seed":false,"campfire_upgraded":0,"win_rate":0.0,"timestamp":1552413353,"path_taken":["M","?","M","?","M","E","M","M","T","M"],"build_version":"2019-01-23","purchased_purges":0,"victory":false,"max_hp_per_floor":[75,75,75,80,80,80,80,80,80,80],"card_choices":[{"not_picked":["Rip and Tear","Conserve Battery"],"picked":"White Noise","floor":1},{"not_picked":["Beam Cell","Barrage"],"picked":"Steam","floor":2},{"not_picked":["Coolheaded","Conserve Battery"],"picked":"Storm","floor":3},{"not_picked":["Barrage","Thunder Strike"],"picked":"Redo","floor":5},{"not_picked":["Ball Lightning","Chill"],"picked":"Gash","floor":6},{"not_picked":["Barrage","Coolheaded"],"picked":"White Noise","floor":7},{"not_picked":["Force Field","Cold Snap"],"picked":"Go for the Eyes","floor":8}],"player_experience":9669,"relics_obtained":[{"floor":6,"key":"Sundial"},{"floor":9,"key":"Lantern"}],"event_choices":[{"damage_healed":0,"gold_gain":0,"player_choice":"Donut","damage_taken":0,"max_hp_gain":5,"max_hp_loss":0,"event_name":"Big Fish","floor":4,"gold_loss":0}],"is_beta":false,"boss_relics":[],"items_purged_floors":[],"is_endless":false,"potions_floor_spawned":[1,6],"killed_by":"Exordium Wildlife","ascension_level":0}