{"gold_per_floor":[110,12,27,27,27,61,61,74,74,88,88,88,100,100,100,199,199,218,236,246,246],"floor_reached":21,"playtime":363,"items_purged":["Bash"],"score":206,"play_id":"d14b5f79-d45e-4014-91b0-38b199dffb24","local_time":"20190222232808","is_ascension_mode":false,"campfire_choices":[{"data":"Flex","floor":7,"key":"SMITH"},{"data":"Strike_R","floor":12,"key":"SMITH"},{"data":"Strike_R","floor":15,"key":"SMITH"}],"neow_cost":"NONE","seed_source_timestamp":556505711929715,"circlet_count":0,"master_deck":["Strike_R","Strike_R","Strike_R","Strike_R+1","Strike_R+1","Defend_R","Defend_R","Flex+1","Fire Breathing"],"relics":["Burning Blood","NeowsBlessing","Gremlin Horn","Orichalcum","Molten Egg 2","Empty Cage"],"potions_floor_usage":[16,16,20,20],"damage_taken":[{"damage":0,"enemies":"Small Slimes","floor":1,"turns":1},{"damage":0,"enemies":"2 Louse","floor":3,"turns":1},{"damage":0,"enemies":"Lagavulin","floor":6,"turns":1},{"damage":4,"enemies":"Cultist","floor":8,"turns":4},{"damage":9,"enemies":"Red Slaver","floor":10,"turns":4},{"damage":13,"enemies":"Blue Slaver","floor":13,"turns":3},{"damage":50,"enemies":"Hexaghost","floor":16,"turns":9},{"damage":30,"enemies":"Chosen","floor":18,"turns":5},{"damage":22,"enemies":"Shell Parasite","floor":19,"turns":5},{"damage":14,"enemies":"Sentry and Sphere","floor":20,"turns":4},{"damage":33,"enemies":"Shelled Parasite and Fungi","floor":21,"turns":3}],"seed_played":"-8435078496204885483","potions_obtained":[{"floor":3,"key":"PowerPotion"},{"floor":13,"key":"PowerPotion"},{"floor":16,"key":"PowerPotion"},{"floor":18,"key":"Fire Potion"}],"is_trial":false,"path_per_floor":["M","$","M","?","?","E","R","M","T","M","$","R","M","?","R","B",null,"M","M","M","M"],"character_chosen":"IRONCLAD","items_purchased":["Flex"],"campfire_rested":0,"item_purchase_floors":[2],"current_hp_per_floor":[80,80,80,68,68,74,74,76,76,73,73,73,66,66,66,22,80,56,40,32,0],"gold":246,"neow_bonus":"THREE_ENEMY_KILL","is_prod":false,"is_daily":false,"chose_seed":false,"campfire_upgraded":3,"win_rate":0.0,"timestamp":1550906888,"path_taken":["M","$","M","?","?","E","R","?","T","M","?","R","M","?","R","BOSS","M","M","?","M"],"build_version":"2019-01-23","purchased_purges":1,"victory":false,"max_hp_per_floor":[80,80,80,80,80,80,80,80,80,80,80,80,80,80,80,80,80,80,80,80,80],"card_choices":[{"not_picked":["Heavy Blade","Clothesline","Armaments"],"picked":"SKIP","floor":1},{"not_picked":["Thunderclap","Perfected Strike","Warcry"],"picked":"SKIP","floor":3},{"not_picked":["Thunderclap","Rupture","Cleave"],"picked":"SKIP","floor":6},{"not_picked":["True Grit","Clash","Body Slam"],"picked":"SKIP","floor":8},{"not_picked":["Ghostly Armor","Carnage+1","Warcry"],"picked":"SKIP","floor":10},{"not_picked":["Spot Weakness","Perfected Strike+1","Reckless Charge+1"],"picked":"SKIP","floor":13},{"not_picked":["Uppercut+1","Body Slam+1","Cleave+1"],"picked":"SKIP","floor":18},{"not_picked":["Twin Strike+1","True Grit+1","Clash+1"],"picked":"SKIP","floor":19},{"not_picked":["Entrench+1","Perfected Strike+1"],"picked":"Fire Breathing","floor":20}],"player_experience":5431,"relics_obtained":[{"floor":6,"key":"Orichalcum"},{"floor":9,"key":"Molten Egg 2"}],"event_choices":[{"damage_healed":0,"gold_gain":0,"player_choice":"Success","damage_taken":12,"relics_obtained":["Gremlin Horn"],"max_hp_gain":0,"max_hp_loss":0,"event_name":"Scrap Ooze","floor":4,"gold_loss":0},{"damage_healed":0,"gold_gain":0,"player_choice":"1 cards matched","damage_taken":0,"max_hp_gain":0,"max_hp_loss":0,"event_name":"Match and Keep!","floor":5,"gold_loss":0,"cards_obtained":["Bash"]},{"cards_removed":["Bash"],"damage_healed":0,"gold_gain":0,"player_choice":"Purged","damage_taken":0,"max_hp_gain":0,"max_hp_loss":0,"event_name":"Purifier","floor":14,"gold_loss":0}],"is_beta":false,"boss_relics":[{"not_picked":["Mark of Pain","Sozu"],"picked":"Empty Cage"}],"items_purged_floors":[2],"is_endless":false,"potions_floor_spawned":[3,13,16,18],"killed_by":"Shelled Parasite and Fungi","ascension_level":0}