{"gold_per_floor":[99,99,99,99,99,99,99,99,99,99,99,99,99,99,99,99,99,99,14,14,14,14,14,14,14,14,14,14,14,14,14,14,14,14,14,14,14,14,14,14,14,14,14,14,14,14,14,14,14,14,14],"floor_reached":51,"playtime":3363,"items_purged":[],"score":1741,"play_id":"9c797500-d4a5-44ae-a0b7-d8df9feb7b33","local_time":"20190302013943","is_ascension_mode":true,"campfire_choices":[{"data":"Doom and Gloom","floor":6.0,"key":"SMITH"},{"data":"Go for the Eyes","floor":8.0,"key":"SMITH"},{"data":"Glacier","floor":11.0,"key":"SMITH"},{"data":"Creative AI","floor":15.0,"key":"SMITH"},{"data":"Buffer","floor":23.0,"key":"SMITH"},{"data":"Defragment","floor":32.0,"key":"SMITH"},{"floor":49.0,"key":"RECALL"}],"neow_cost":"NONE","seed_source_timestamp":43956451392367,"circlet_count":0,"master_deck":["AscendersBane","Strike_B","Defend_B","Defend_B","Defend_B","Zap+1","Dualcast","Hologram","Go for the Eyes+1","Doom and Gloom+1","Cold Snap","Glacier+1","Defragment+1","Creative AI+1","Buffer+1","Sunder+1","Reboot+1","Glacier","FTL","Defragment","Leap+1","Ghostly","Ghostly","Ghostly","Echo Form","Echo Form","Ball Lightning+1","Defragment"],"special_seed":0,"relics":["Ectoplasm","Question Card","Dodecahedron","Astrolabe","The Courier","Incense Burner","Anchor","Molten Egg 2","Snecko Eye","Dream Catcher","Torii","Bird Faced Urn","Symbiotic Virus"],"potions_floor_usage":[],"damage_taken":[{"damage":2.0,"enemies":"2 Louse","floor":1.0,"turns":4.0},{"damage":1.0,"enemies":"Cultist","floor":3.0,"turns":3.0},{"damage":0.0,"enemies":"Small Slimes","floor":5.0,"turns":3.0},{"damage":15.0,"enemies":"Lagavulin","floor":7.0,"turns":5.0},{"damage":0.0,"enemies":"Exordium Thugs","floor":10.0,"turns":3.0},{"damage":6.0,"enemies":"3 Louse","floor":12.0,"turns":2.0},{"damage":23.0,"enemies":"Gremlin Nob","floor":13.0,"turns":4.0},{"damage":1.0,"enemies":"Exordium Wildlife","floor":14.0,"turns":5.0},{"damage":15.0,"enemies":"The Guardian","floor":16.0,"turns":12.0},{"damage":0.0,"enemies":"Shell Parasite","floor":18.0,"turns":7.0},{"damage":0.0,"enemies":"Chosen","floor":21.0,"turns":8.0},{"damage":0.0,"enemies":"Snake Plant","floor":22.0,"turns":6.0},{"damage":47.0,"enemies":"Gremlin Leader","floor":24.0,"turns":6.0},{"damage":0.0,"enemies":"Centurion and Healer","floor":27.0,"turns":7.0},{"damage":0.0,"enemies":"Book of Stabbing","floor":29.0,"turns":10.0},{"damage":0.0,"enemies":"Snecko","floor":31.0,"turns":6.0},{"damage":11.0,"enemies":"Champ","floor":33.0,"turns":13.0},{"damage":0.0,"enemies":"3 Shapes","floor":35.0,"turns":5.0},{"damage":2.0,"enemies":"Reptomancer","floor":40.0,"turns":9.0},{"damage":0.0,"enemies":"Nemesis","floor":42.0,"turns":9.0},{"damage":0.0,"enemies":"3 Darklings","floor":44.0,"turns":5.0},{"damage":0.0,"enemies":"Mind Bloom Boss Battle","floor":45.0,"turns":6.0},{"damage":0.0,"enemies":"Reptomancer","floor":47.0,"turns":6.0},{"damage":0.0,"enemies":"Writhing Mass","floor":48.0,"turns":4.0},{"damage":0.0,"enemies":"Time Eater","floor":50.0,"turns":11.0},{"damage":52,"enemies":"Awakened One","floor":51,"turns":3}],"seed_played":"-4039767850266133356","potions_obtained":[{"floor":7.0,"key":"SpeedPotion"},{"floor":12.0,"key":"EssenceOfSteel"},{"floor":14.0,"key":"PowerPotion"},{"floor":21.0,"key":"SpeedPotion"},{"floor":27.0,"key":"Swift Potion"},{"floor":33.0,"key":"Dexterity Potion"},{"floor":35.0,"key":"Regen Potion"},{"floor":44.0,"key":"AttackPotion"}],"is_trial":false,"path_per_floor":["M","?","M","?","M","R","E","R","T","M","R","M","E","M","R","B",null,"M","?","?","M","M","R","E","$","T","M","?","E","?","M","R","B",null,"M","$","?","?","?","E","$","E","T","M","?","$","E","M","R","B","B"],"character_chosen":"DEFECT","items_purchased":[],"campfire_rested":0,"item_purchase_floors":[],"current_hp_per_floor":[62,62,61,61,61,61,46,46,46,46,46,40,17,16,16,1,54,54,54,54,54,54,54,7,7,7,7,7,7,45,45,45,34,42,42,42,42,42,42,43,43,43,43,43,43,43,43,43,43,43,0],"gold":14,"neow_bonus":"BOSS_RELIC","is_prod":false,"is_daily":false,"chose_seed":false,"campfire_upgraded":6,"win_rate":0,"timestamp":1551487183,"path_taken":["M","?","?","?","?","R","E","R","T","?","R","M","E","M","R","BOSS","M","?","?","M","M","R","E","$","T","?","?","E","?","M","R","BOSS","M","$","?","?","?","E","$","E","T","?","?","?","E","?","R","BOSS","BOSS"],"build_version":"2019-02-06","purchased_purges":0,"victory":false,"max_hp_per_floor":[71,71,71,71,71,71,71,71,71,71,71,71,71,71,71,71,71,71,71,71,71,71,71,71,71,71,71,35,35,45,45,45,45,45,45,45,45,43,43,43,43,43,43,43,43,43,43,43,43,43,43],"card_choices":[{"not_picked":["Redo","Sweeping Beam"],"picked":"Hologram","floor":1.0},{"not_picked":["Beam Cell","Blizzard"],"picked":"Go for the Eyes","floor":3.0},{"not_picked":["Compile Driver","Turbo"],"picked":"Doom and Gloom","floor":5.0},{"not_picked":["Streamline","Sunder"],"picked":"Cold Snap","floor":7.0},{"not_picked":["Go for the Eyes","Ball Lightning","Static Discharge"],"picked":"Glacier","floor":10.0},{"not_picked":["Barrage","White Noise","Hologram"],"picked":"Defragment","floor":12.0},{"not_picked":["Scrape","Rebound","Skim","Beam Cell"],"picked":"SKIP","floor":13.0},{"not_picked":["Blizzard","Sweeping Beam","Rebound"],"picked":"Creative AI","floor":14.0},{"not_picked":["Creative AI","Hyperbeam","Electrodynamics"],"picked":"Buffer","floor":16.0},{"not_picked":["Hologram","Genetic Algorithm","Rebound"],"picked":"Glacier","floor":18.0},{"not_picked":["Leap","Rebound","Steam"],"picked":"FTL","floor":21.0},{"not_picked":["Force Field","Hello World","Amplify"],"picked":"Defragment","floor":22.0},{"not_picked":["Reinforced Body","Doom and Gloom","Fusion","Chaos"],"picked":"SKIP","floor":24.0},{"not_picked":["FTL","Rebound","Compile Driver"],"picked":"Leap+1","floor":27.0},{"not_picked":["Streamline","Beam Cell","Barrage","Heatsinks"],"picked":"SKIP","floor":29.0},{"not_picked":["Compile Driver+1","Beam Cell+1","Cold Snap+1","Leap"],"picked":"SKIP","floor":31.0},{"not_picked":["Buffer","All For One+1","Seek"],"picked":"Echo Form","floor":33.0},{"not_picked":["Coolheaded","Go for the Eyes+1","Conserve Battery","Stack+1"],"picked":"SKIP","floor":35.0},{"not_picked":["Darkness","Hello World","Barrage+1"],"picked":"Echo Form","floor":40.0},{"not_picked":["Machine Learning","Self Repair","Turbo"],"picked":"Ball Lightning+1","floor":42.0},{"not_picked":["Sweeping Beam+1","Stack+1","Auto Shields","Gash+1"],"picked":"SKIP","floor":44.0},{"not_picked":["Barrage+1","Redo+1","Glacier","Heatsinks"],"picked":"SKIP","floor":47.0},{"not_picked":["Steam","Genetic Algorithm","Streamline+1"],"picked":"Defragment","floor":48.0}],"player_experience":961805,"relics_obtained":[{"floor":7.0,"key":"Question Card"},{"floor":9.0,"key":"Dodecahedron"},{"floor":24.0,"key":"Incense Burner"},{"floor":26.0,"key":"Anchor"},{"floor":29.0,"key":"Molten Egg 2"},{"floor":40.0,"key":"Dream Catcher"},{"floor":42.0,"key":"Torii"},{"floor":45.0,"key":"Bird Faced Urn"},{"floor":47.0,"key":"Symbiotic Virus"}],"event_choices":[{"damage_healed":0.0,"max_hp_gain":0.0,"max_hp_loss":0.0,"gold_gain":0.0,"event_name":"Upgrade Shrine","player_choice":"Upgraded","floor":2.0,"gold_loss":0.0,"damage_taken":0.0,"cards_upgraded":["Zap"]},{"damage_healed":0.0,"max_hp_gain":0.0,"max_hp_loss":0.0,"gold_gain":50.0,"event_name":"Golden Shrine","player_choice":"Pray","floor":4.0,"gold_loss":0.0,"damage_taken":0.0},{"damage_healed":0.0,"max_hp_gain":0.0,"max_hp_loss":0.0,"gold_gain":0.0,"event_name":"Addict","player_choice":"Obtained Relic","floor":19.0,"gold_loss":85.0,"damage_taken":0.0,"relics_obtained":["The Courier"]},{"damage_healed":0.0,"max_hp_gain":0.0,"max_hp_loss":0.0,"gold_gain":0.0,"event_name":"Beggar","player_choice":"Ignored","floor":20.0,"gold_loss":0.0,"damage_taken":0.0},{"damage_healed":0.0,"max_hp_gain":0.0,"max_hp_loss":36.0,"gold_gain":0.0,"event_name":"Ghosts","player_choice":"Became a Ghost","floor":28.0,"gold_loss":0.0,"damage_taken":0.0,"cards_obtained":["Ghostly","Ghostly","Ghostly"]},{"cards_removed":["Multi-Cast"],"damage_healed":28.0,"max_hp_gain":10.0,"max_hp_loss":0.0,"gold_gain":0.0,"event_name":"Bonfire Elementals","player_choice":"Offered Rare","floor":30.0,"gold_loss":0.0,"damage_taken":0.0},{"cards_removed":["Strike_B"],"damage_healed":0.0,"max_hp_gain":0.0,"max_hp_loss":0.0,"gold_gain":0.0,"event_name":"Falling","player_choice":"Removed Attack","floor":37.0,"gold_loss":0.0,"damage_taken":0.0},{"damage_healed":0.0,"max_hp_gain":0.0,"max_hp_loss":2.0,"gold_gain":0.0,"event_name":"Winding Halls","player_choice":"Max HP","floor":38.0,"gold_loss":0.0,"damage_taken":0.0},{"damage_healed":0.0,"max_hp_gain":0.0,"max_hp_loss":0.0,"gold_gain":0.0,"event_name":"Lab","player_choice":"Got Potions","floor":39.0,"gold_loss":0.0,"damage_taken":0.0},{"damage_healed":0.0,"max_hp_gain":0.0,"max_hp_loss":0.0,"gold_gain":0.0,"event_name":"MindBloom","player_choice":"Fight","floor":45.0,"gold_loss":0.0,"damage_taken":0.0}],"is_beta":true,"boss_relics":[{"not_picked":["Velvet Choker","Empty Cage"],"picked":"Astrolabe"},{"not_picked":["Cursed Key","Coffee Dripper"],"picked":"Snecko Eye"}],"items_purged_floors":[],"is_endless":false,"potions_floor_spawned":[7,12,14,21,27,33,35,44,45],"killed_by":"Awakened One","ascension_level":20}