{"gold_per_floor":[116,135,135,146,34,65,77,95,144,170,186,186,211,236,248,359,421,452,454,391,403,429,441],"floor_reached":23,"playtime":1764,"items_purged":[],"score":215,"play_id":"31a0d832-4a6b-4649-a80c-3651fb21d3ba","local_time":"20190312133541","is_ascension_mode":false,"campfire_choices":[{"floor":12,"key":"REST"},{"floor":15,"key":"REST"}],"neow_cost":"NONE","seed_source_timestamp":13766682554432,"circlet_count":0,"master_deck":["Strike_B","Strike_B","Strike_B","Defend_B","Defend_B","Defend_B","Defend_B","Zap","Dualcast","Go for the Eyes","Hello World","Loop","Gash","Deep Breath","Rainbow","Leap","Gash","Static Discharge","Beam Cell+1","Creative AI","Multi-Cast","Self Repair","Stack","Hello World","Defragment"],"relics":["Cracked Core","Anchor","Letter Opener","Blood Vial","Bottled Lightning","MawBank","Tiny House"],"potions_floor_usage":[23,23],"damage_taken":[{"damage":0,"enemies":"Jaw Worm","floor":1,"turns":3},{"damage":0,"enemies":"2 Louse","floor":2,"turns":2},{"damage":1,"enemies":"Small Slimes","floor":4,"turns":3},{"damage":32,"enemies":"Gremlin Nob","floor":6,"turns":5},{"damage":10,"enemies":"Exordium Wildlife","floor":7,"turns":5},{"damage":0,"enemies":"2 Fungi Beasts","floor":8,"turns":3},{"damage":13,"enemies":"3 Sentries","floor":10,"turns":6},{"damage":9,"enemies":"Blue Slaver","floor":11,"turns":3},{"damage":14,"enemies":"Gremlin Nob","floor":13,"turns":4},{"damage":2,"enemies":"Looter","floor":14,"turns":3},{"damage":21,"enemies":"Slime Boss","floor":16,"turns":7},{"damage":10,"enemies":"3 Byrds","floor":18,"turns":3},{"damage":16,"enemies":"2 Thieves","floor":19,"turns":4},{"damage":45,"enemies":"Snecko","floor":22,"turns":7},{"damage":50,"enemies":"Gremlin Leader","floor":23,"turns":4}],"seed_played":"3078906196143703793","potions_obtained":[{"floor":4,"key":"Swift Potion"},{"floor":6,"key":"AttackPotion"},{"floor":8,"key":"FearPotion"},{"floor":13,"key":"PowerPotion"},{"floor":17,"key":"Explosive Potion"}],"is_trial":false,"path_per_floor":["M","M","?","M","$","E","M","M","T","E","M","R","E","M","R","B",null,"M","M","?","?","M","E"],"character_chosen":"DEFECT","items_purchased":["Gash","Deep Breath"],"campfire_rested":2,"item_purchase_floors":[5,5],"current_hp_per_floor":[75,75,75,74,74,42,32,32,32,21,14,36,24,24,46,27,80,70,63,63,80,42,0],"gold":441,"neow_bonus":"RANDOM_COMMON_RELIC","is_prod":false,"is_daily":false,"chose_seed":false,"campfire_upgraded":0,"win_rate":0.0,"timestamp":1552412141,"path_taken":["M","M","?","M","$","E","M","M","T","E","M","R","E","M","R","BOSS","M","M","?","?","M","E"],"build_version":"2019-01-23","purchased_purges":0,"victory":false,"max_hp_per_floor":[75,75,75,75,75,75,75,75,75,75,75,75,75,75,75,75,80,80,80,80,80,80,80],"card_choices":[{"not_picked":["Barrage","Hologram"],"picked":"Go for the Eyes","floor":1},{"not_picked":["Cold Snap","Sweeping Beam"],"picked":"Hello World","floor":2},{"not_picked":["Melter","Steam Power"],"picked":"Loop","floor":4},{"not_picked":["Consume","Redo"],"picked":"Rainbow","floor":6},{"not_picked":["Cold Snap","Compile Driver"],"picked":"Leap","floor":7},{"not_picked":["Steam","Lockon"],"picked":"Gash","floor":8},{"not_picked":["Cold Snap","Thunder Strike"],"picked":"Static Discharge","floor":10},{"not_picked":["Cold Snap","Ball Lightning"],"picked":"Beam Cell","floor":11},{"not_picked":["Streamline","Blizzard","Coolheaded"],"picked":"SKIP","floor":13},{"not_picked":["Hello World","Leap"],"picked":"Creative AI","floor":14},{"not_picked":["Creative AI","Biased Cognition"],"picked":"Multi-Cast","floor":16},{"not_picked":["Doom and Gloom","FTL"],"picked":"Self Repair","floor":17},{"not_picked":["Barrage","Coolheaded+1"],"picked":"Stack","floor":18},{"not_picked":["BootSequence","Beam Cell+1"],"picked":"Hello World","floor":19},{"not_picked":["Storm","Lockon"],"picked":"Defragment","floor":22}],"player_experience":7279,"relics_obtained":[{"floor":6,"key":"Letter Opener"},{"floor":9,"key":"Blood Vial"},{"floor":10,"key":"Bottled Lightning"},{"floor":13,"key":"MawBank"}],"event_choices":[{"damage_healed":0,"gold_gain":0,"player_choice":"Ignored","damage_taken":0,"max_hp_gain":0,"max_hp_loss":0,"event_name":"Liars Game","floor":3,"gold_loss":0},{"cards_removed":["Strike_B"],"damage_healed":0,"gold_gain":0,"player_choice":"Gave Gold","damage_taken":0,"max_hp_gain":0,"max_hp_loss":0,"event_name":"Beggar","floor":20,"gold_loss":75},{"damage_healed":26,"gold_gain":0,"player_choice":"Heal","damage_taken":0,"max_hp_gain":0,"max_hp_loss":0,"event_name":"The Library","floor":21,"gold_loss":0}],"is_beta":false,"boss_relics":[{"not_picked":["Runic Dome","Fusion Hammer"],"picked":"Tiny House"}],"items_purged_floors":[],"is_endless":false,"potions_floor_spawned":[4,6,8,11,13,19],"killed_by":"Gremlin Leader","ascension_level":0}