{"gold_per_floor":[115,126,141,66,84,84,110,110,110,110,129,142,154,79,79,179,179,195,28,45,64,74,74],"floor_reached":23,"playtime":1692,"items_purged":["Strike_G","Strike_G"],"score":266,"play_id":"fb02006c-6107-493f-b809-9ae28e27b3fa","local_time":"20190102163945","is_ascension_mode":true,"campfire_choices":[{"data":"Neutralize","floor":6.0,"key":"SMITH"},{"data":"Footwork","floor":8.0,"key":"SMITH"},{"data":"Noxious Fumes","floor":10.0,"key":"SMITH"},{"floor":15.0,"key":"REST"}],"neow_cost":"TEN_PERCENT_HP_LOSS","seed_source_timestamp":582310238817229,"circlet_count":0,"master_deck":["Defend_G","Defend_G","Defend_G","Defend_G","Defend_G","Strike_G","Survivor","Neutralize+1","Expertise","Noxious Fumes+1","Deadly Poison","Caltrops","Footwork+1","Noxious Fumes","Caltrops","Escape Plan","Terror","Caltrops","Catalyst","Glass Knife","Backstab"],"special_seed":0,"relics":["Ring of the Snake","Dream Catcher","Gremlin Horn","Velvet Choker"],"potions_floor_usage":[23],"damage_taken":[{"damage":0.0,"enemies":"Cultist","floor":1.0,"turns":5.0},{"damage":0.0,"enemies":"2 Louse","floor":2.0,"turns":4.0},{"damage":8.0,"enemies":"Small Slimes","floor":3.0,"turns":5.0},{"damage":1.0,"enemies":"Looter","floor":5.0,"turns":5.0},{"damage":11.0,"enemies":"Lagavulin","floor":7.0,"turns":9.0},{"damage":0.0,"enemies":"Large Slime","floor":11.0,"turns":6.0},{"damage":0.0,"enemies":"Blue Slaver","floor":12.0,"turns":5.0},{"damage":7.0,"enemies":"3 Louse","floor":13.0,"turns":3.0},{"damage":9.0,"enemies":"Hexaghost","floor":16.0,"turns":9.0},{"damage":1.0,"enemies":"3 Byrds","floor":18.0,"turns":3.0},{"damage":19.0,"enemies":"2 Thieves","floor":20.0,"turns":5.0},{"damage":21.0,"enemies":"Snake Plant","floor":21.0,"turns":5.0},{"damage":13.0,"enemies":"Sentry and Sphere","floor":22.0,"turns":6.0},{"damage":7,"enemies":"Book of Stabbing","floor":23,"turns":2}],"seed_played":"6871943860087647133","potions_obtained":[{"floor":5.0,"key":"EssenceOfSteel"},{"floor":7.0,"key":"Explosive Potion"},{"floor":11.0,"key":"Explosive Potion"},{"floor":16.0,"key":"Swift Potion"},{"floor":22.0,"key":"SneckoOil"}],"is_trial":false,"path_per_floor":["M","M","M","$","M","R","E","R","T","R","M","M","M","$","R","B",null,"M","$","M","M","M","E"],"character_chosen":"THE_SILENT","items_purchased":["Noxious Fumes","Backstab"],"campfire_rested":1,"item_purchase_floors":[4,19],"current_hp_per_floor":[63,63,55,55,54,54,43,43,43,43,43,43,36,36,54,45,59,58,58,39,18,5,0],"gold":74,"neow_bonus":"TRANSFORM_TWO_CARDS","is_prod":false,"is_daily":false,"chose_seed":false,"campfire_upgraded":3,"win_rate":0,"timestamp":1546465185,"path_taken":["M","M","M","$","M","R","E","R","T","R","M","M","M","$","R","BOSS","M","$","M","M","?","E"],"build_version":"2018-12-20","purchased_purges":2,"victory":false,"max_hp_per_floor":[63,63,63,63,63,63,63,63,63,63,63,63,63,63,63,63,63,63,63,63,63,63,63],"card_choices":[{"not_picked":["Outmaneuver","Underhanded Strike"],"picked":"Deadly Poison","floor":1.0},{"not_picked":["Reflex","Deadly Poison"],"picked":"Caltrops","floor":2.0},{"not_picked":["Backstab","Poisoned Stab"],"picked":"Footwork","floor":3.0},{"not_picked":["Sucker Punch","Bouncing Flask"],"picked":"Caltrops","floor":5.0},{"not_picked":["Deadly Poison","Choke"],"picked":"Escape Plan","floor":7.0},{"not_picked":["Unload","Quick Slash"],"picked":"Terror","floor":11.0},{"not_picked":["Riddle With Holes","Well Laid Plans"],"picked":"Caltrops","floor":12.0},{"not_picked":["Setup","Deflect","Reflex"],"picked":"SKIP","floor":13.0},{"not_picked":["Prepared","Deadly Poison"],"picked":"Catalyst","floor":15.0},{"not_picked":["Doppelganger","Venomology"],"picked":"Glass Knife","floor":16.0},{"not_picked":["Flying Knee","Underhanded Strike+1","Masterful Stab"],"picked":"SKIP","floor":18.0},{"not_picked":["Deflect","Finisher","Accuracy"],"picked":"SKIP","floor":20.0},{"not_picked":["Infinite Blades","Slice+1","Skewer"],"picked":"SKIP","floor":21.0},{"not_picked":["Terror","Poisoned Stab+1","Dagger Spray"],"picked":"SKIP","floor":22.0}],"player_experience":365021,"relics_obtained":[{"floor":7.0,"key":"Dream Catcher"},{"floor":9.0,"key":"Gremlin Horn"}],"event_choices":[],"is_beta":false,"boss_relics":[{"not_picked":["HoveringKite","Runic Dome"],"picked":"Velvet Choker"}],"items_purged_floors":[14,19],"is_endless":false,"potions_floor_spawned":[5,7,11,13,16,18,21,22],"killed_by":"Book of Stabbing","ascension_level":7}