{"gold_per_floor":[116,116,116,116,116,116,142,142,191,225,240,240,566,585,585,656,656,667,592,608,235,325,325],"floor_reached":23,"playtime":738,"items_purged":["Strike_B"],"score":560,"play_id":"6922abb7-0fb6-4023-979c-f3d5d06f31f1","local_time":"20190302205121","is_ascension_mode":true,"campfire_choices":[{"data":"Zap","floor":6,"key":"SMITH"},{"data":"Dualcast","floor":8,"key":"SMITH"},{"data":"Electrodynamics","floor":15,"key":"SMITH"}],"neow_cost":"NONE","seed_source_timestamp":34483665481333,"circlet_count":0,"master_deck":["AscendersBane","Strike_B","Strike_B","Defend_B","Defend_B","Defend_B","Defend_B","Zap+1","Dualcast+1","Cold Snap","Reinforced Body+1","Auto Shields+1","Electrodynamics+1","Fusion+1","Buffer","Steam Power+1","Chill+1","Genetic Algorithm+1","Leap+1"],"relics":["Cracked Core","NeowsBlessing","Toxic Egg 2","Art of War","Omamori","Symbiotic Virus","Pocketwatch","Old Coin","Sozu","Juzu Bracelet"],"potions_floor_usage":[13],"damage_taken":[{"damage":0,"enemies":"Cultist","floor":1,"turns":1},{"damage":0,"enemies":"Gremlin Nob","floor":7,"turns":1},{"damage":0,"enemies":"Lagavulin","floor":10,"turns":1},{"damage":0,"enemies":"2 Louse","floor":11,"turns":3},{"damage":0,"enemies":"Gremlin Nob","floor":13,"turns":2},{"damage":2,"enemies":"Jaw Worm","floor":14,"turns":3},{"damage":4,"enemies":"The Guardian","floor":16,"turns":14},{"damage":0,"enemies":"Shell Parasite","floor":18,"turns":5},{"damage":0,"enemies":"Chosen","floor":20,"turns":4},{"damage":51,"enemies":"Gremlin Leader","floor":23,"turns":8}],"seed_played":"6475765428784084191","potions_obtained":[{"floor":7,"key":"FearPotion"},{"floor":10,"key":"Regen Potion"},{"floor":11,"key":"Fire Potion"},{"floor":13,"key":"LiquidBronze"}],"is_trial":false,"path_per_floor":["M","?","$","?","$","R","E","R","T","E","M","T","E","M","R","B",null,"M","?","M","$","?","E"],"character_chosen":"DEFECT","items_purchased":["Juzu Bracelet","Genetic Algorithm+1","Leap+1"],"campfire_rested":0,"item_purchase_floors":[21,21,21],"current_hp_per_floor":[64,19,19,42,42,42,42,42,42,42,42,42,42,40,40,36,62,62,62,62,62,48,0],"gold":325,"neow_bonus":"THREE_ENEMY_KILL","is_prod":false,"is_daily":false,"chose_seed":false,"campfire_upgraded":3,"win_rate":0,"timestamp":1551556281,"path_taken":["M","?","$","?","?","R","E","R","T","E","M","?","E","M","R","BOSS","M","?","M","$","?","E"],"build_version":"2019-02-06","purchased_purges":1,"victory":false,"max_hp_per_floor":[71,71,71,71,71,71,71,71,71,71,71,71,71,71,71,71,71,71,71,71,71,71,71],"card_choices":[{"not_picked":["Go for the Eyes","Streamline"],"picked":"Cold Snap","floor":1},{"not_picked":["Melter","Turbo+1","Streamline"],"picked":"SKIP","floor":7},{"not_picked":["Storm","Gash"],"picked":"Reinforced Body+1","floor":10},{"not_picked":["Gash","Consume+1"],"picked":"Auto Shields+1","floor":11},{"not_picked":["Rebound","Hologram+1"],"picked":"Electrodynamics","floor":13},{"not_picked":["Gash","Streamline"],"picked":"Fusion+1","floor":14},{"not_picked":["Electrodynamics","Core Surge"],"picked":"Buffer","floor":16},{"not_picked":["Gash","Fusion+1"],"picked":"Steam Power+1","floor":18},{"not_picked":["Hologram+1","Conserve Battery+1"],"picked":"Chill+1","floor":20}],"player_experience":970742,"relics_obtained":[{"floor":7,"key":"Art of War"},{"floor":9,"key":"Omamori"},{"floor":10,"key":"Symbiotic Virus"},{"floor":12,"key":"Pocketwatch"},{"floor":13,"key":"Old Coin"}],"event_choices":[{"damage_healed":0,"gold_gain":0,"player_choice":"Success","damage_taken":45,"relics_obtained":["Toxic Egg 2"],"max_hp_gain":0,"max_hp_loss":0,"event_name":"Scrap Ooze","floor":2,"gold_loss":0},{"damage_healed":23,"gold_gain":0,"player_choice":"Banana","damage_taken":0,"max_hp_gain":0,"max_hp_loss":0,"event_name":"Big Fish","floor":4,"gold_loss":0},{"cards_removed":["Strike_B"],"damage_healed":0,"gold_gain":0,"player_choice":"Gave Gold","damage_taken":0,"max_hp_gain":0,"max_hp_loss":0,"event_name":"Beggar","floor":19,"gold_loss":75},{"damage_healed":0,"gold_gain":90,"player_choice":"GOLD ","damage_taken":14,"max_hp_gain":0,"max_hp_loss":0,"event_name":"Knowing Skull","floor":22,"potions_obtained":[],"gold_loss":0,"cards_obtained":[]}],"is_beta":true,"boss_relics":[{"not_picked":["Fusion Hammer","Lizard Tail"],"picked":"Sozu"}],"items_purged_floors":[21],"is_endless":false,"potions_floor_spawned":[7,10,11,13,18,20],"killed_by":"Gremlin Leader","ascension_level":20}