{"gold_per_floor":[109,128,128,128,13,40,40,72,154,185,201,217,235,245,245,320,320,334,354,354,8,8,8,34,50,50,50,70,81,81,97,97,97],"floor_reached":33,"playtime":1754,"items_purged":["Regret"],"score":578,"play_id":"464f242d-94ea-410d-b218-58dda555899d","local_time":"20190313230149","is_ascension_mode":true,"campfire_choices":[{"floor":7.0,"key":"REST"},{"data":"Self Repair","floor":15.0,"key":"SMITH"},{"floor":23.0,"key":"REST"},{"floor":27.0,"key":"REST"},{"floor":30.0,"key":"RECALL"},{"floor":32.0,"key":"REST"}],"neow_cost":"NONE","seed_source_timestamp":29910250366202,"circlet_count":0,"master_deck":["AscendersBane","Strike_B","Strike_B","Strike_B","Strike_B","Defend_B+1","Defend_B","Defend_B","Defend_B","Zap","Dualcast","Rainbow","Undo","Ball Lightning+1","Go for the Eyes","Barrage","Steam","Self Repair+1","Doom and Gloom","Seek","Conserve Battery","Glacier","Capacitor","FTL","Leap","Biased Cognition","Chill","Undo","Coolheaded","White Noise","Lockon+1"],"special_seed":0,"relics":["Orrery","Centennial Puzzle","Dream Catcher","Dodecahedron","Shuriken","Anchor","Fusion Hammer","Tiny Chest","ClockworkSouvenir","Symbiotic Virus","Singing Bowl"],"potions_floor_usage":[33],"damage_taken":[{"damage":3.0,"enemies":"2 Louse","floor":1.0,"turns":2.0},{"damage":12.0,"enemies":"Jaw Worm","floor":2.0,"turns":4.0},{"damage":5.0,"enemies":"Lagavulin","floor":6.0,"turns":6.0},{"damage":37.0,"enemies":"Gremlin Nob","floor":8.0,"turns":4.0},{"damage":8.0,"enemies":"Lagavulin","floor":10.0,"turns":6.0},{"damage":0.0,"enemies":"Cultist","floor":11.0,"turns":5.0},{"damage":2.0,"enemies":"Lots of Slimes","floor":12.0,"turns":2.0},{"damage":0.0,"enemies":"Large Slime","floor":13.0,"turns":4.0},{"damage":5.0,"enemies":"2 Fungi Beasts","floor":14.0,"turns":5.0},{"damage":27.0,"enemies":"Hexaghost","floor":16.0,"turns":15.0},{"damage":0.0,"enemies":"Shell Parasite","floor":18.0,"turns":6.0},{"damage":5.0,"enemies":"Spheric Guardian","floor":19.0,"turns":6.0},{"damage":21.0,"enemies":"Book of Stabbing","floor":24.0,"turns":7.0},{"damage":10.0,"enemies":"Snake Plant","floor":25.0,"turns":5.0},{"damage":7.0,"enemies":"Centurion and Healer","floor":28.0,"turns":5.0},{"damage":2.0,"enemies":"Shelled Parasite and Fungi","floor":29.0,"turns":6.0},{"damage":2.0,"enemies":"Snecko","floor":31.0,"turns":8.0},{"damage":100,"enemies":"Champ","floor":33,"turns":12}],"seed_played":"-4637805606423575472","potions_obtained":[{"floor":2.0,"key":"Energy Potion"},{"floor":6.0,"key":"Dexterity Potion"},{"floor":12.0,"key":"AttackPotion"},{"floor":13.0,"key":"SkillPotion"},{"floor":16.0,"key":"EssenceOfSteel"},{"floor":28.0,"key":"PowerPotion"}],"is_trial":false,"path_per_floor":["M","M","?","?","$","E","R","E","T","E","M","M","M","M","R","B",null,"M","M","?","$","?","R","E","M","T","R","M","M","R","M","R","B"],"character_chosen":"DEFECT","items_purchased":["Doom and Gloom","Tiny Chest","ClockworkSouvenir"],"campfire_rested":4,"item_purchase_floors":[5,21,21],"current_hp_per_floor":[61,49,49,28,28,30,51,21,21,20,27,25,32,34,34,17,58,68,71,51,51,51,73,62,62,62,78,80,82,82,84,84,0],"gold":97,"neow_bonus":"BOSS_RELIC","is_prod":false,"is_daily":false,"chose_seed":false,"campfire_upgraded":1,"win_rate":0,"timestamp":1552514509,"path_taken":["M","M","?","?","?","E","R","E","T","E","M","?","M","?","R","BOSS","M","M","?","$","?","R","E","M","T","R","M","M","R","M","R","BOSS"],"build_version":"2019-02-06","purchased_purges":1,"victory":false,"max_hp_per_floor":[71,71,71,71,71,71,71,71,71,71,71,71,71,71,71,71,71,71,71,76,76,76,76,76,76,76,78,80,82,82,84,84,84],"card_choices":[{"not_picked":["Hologram","Heatsinks"],"picked":"Rainbow","floor":0.0},{"not_picked":["Auto Shields","Steam"],"picked":"Undo","floor":0.0},{"not_picked":["Beam Cell","Sweeping Beam"],"picked":"Ball Lightning","floor":0.0},{"not_picked":["Sweeping Beam","Redo"],"picked":"Go for the Eyes","floor":0.0},{"not_picked":["Hologram","Turbo"],"picked":"Barrage","floor":0.0},{"not_picked":["Redo","Coolheaded"],"picked":"Steam","floor":1.0},{"not_picked":["Go for the Eyes","Lockon"],"picked":"Self Repair","floor":2.0},{"not_picked":["Hologram","Ball Lightning"],"picked":"Seek","floor":6.0},{"not_picked":["Recycle","Sweeping Beam"],"picked":"Conserve Battery","floor":7.0},{"not_picked":["Hello World","Go for the Eyes"],"picked":"Glacier","floor":8.0},{"not_picked":["Leap","Go for the Eyes"],"picked":"Capacitor","floor":10.0},{"not_picked":["Recycle","Hello World","Ball Lightning"],"picked":"SKIP","floor":11.0},{"not_picked":["Tempest","Stack"],"picked":"FTL","floor":12.0},{"not_picked":["Steam","Streamline","Reprogram"],"picked":"SKIP","floor":13.0},{"not_picked":["Hello World","Force Field"],"picked":"Leap","floor":14.0},{"not_picked":["Machine Learning","Hyperbeam"],"picked":"Biased Cognition","floor":16.0},{"not_picked":["Redo","Cold Snap"],"picked":"Chill","floor":18.0},{"not_picked":["Steam Power","Storm"],"picked":"Undo","floor":19.0},{"not_picked":["Blizzard","Redo"],"picked":"Coolheaded","floor":24.0},{"not_picked":["Ball Lightning","Barrage"],"picked":"White Noise","floor":25.0},{"not_picked":["Stack","Conserve Battery","Streamline"],"picked":"Singing Bowl","floor":27.0},{"not_picked":["Hologram","Rebound","Turbo"],"picked":"Singing Bowl","floor":28.0},{"not_picked":["Compile Driver","Stack","Coolheaded"],"picked":"Singing Bowl","floor":29.0},{"not_picked":["Recycle+1","Seek","Coolheaded"],"picked":"Singing Bowl","floor":31.0},{"not_picked":["Conserve Battery+1","Doom and Gloom"],"picked":"Lockon+1","floor":32.0}],"player_experience":1024528,"relics_obtained":[{"floor":6.0,"key":"Dream Catcher"},{"floor":8.0,"key":"Dodecahedron"},{"floor":9.0,"key":"Shuriken"},{"floor":10.0,"key":"Anchor"},{"floor":24.0,"key":"Symbiotic Virus"},{"floor":26.0,"key":"Singing Bowl"}],"event_choices":[{"damage_healed":0.0,"max_hp_gain":0.0,"max_hp_loss":0.0,"gold_gain":0.0,"event_name":"Big Fish","player_choice":"Box","floor":3.0,"gold_loss":0.0,"damage_taken":0.0,"relics_obtained":["Centennial Puzzle"],"cards_obtained":["Regret"]},{"damage_healed":0.0,"max_hp_gain":0.0,"max_hp_loss":0.0,"gold_gain":0.0,"event_name":"Shining Light","player_choice":"Entered Light","floor":4.0,"gold_loss":0.0,"damage_taken":21.0,"cards_upgraded":["Ball Lightning","Defend_B"]},{"damage_healed":0.0,"max_hp_gain":5.0,"max_hp_loss":0.0,"gold_gain":0.0,"event_name":"Forgotten Altar","player_choice":"Shed Blood","floor":20.0,"gold_loss":0.0,"damage_taken":25.0},{"damage_healed":0.0,"max_hp_gain":0.0,"max_hp_loss":0.0,"gold_gain":0.0,"event_name":"Beggar","player_choice":"Ignored","floor":22.0,"gold_loss":0.0,"damage_taken":0.0}],"is_beta":true,"boss_relics":[{"not_picked":["Cursed Key","Philosopher\u0027s Stone"],"picked":"Fusion Hammer"}],"items_purged_floors":[5],"is_endless":false,"potions_floor_spawned":[2,6,12,13,16,28,31],"killed_by":"Champ","ascension_level":20}