{"gold_per_floor":[112,112,112,125,125,125,151,151,178,196,196,29,29,29,29,29],"floor_reached":16,"playtime":1131,"items_purged":[],"score":96,"play_id":"a4e37be7-a983-42d1-9b1a-ddf3f63051de","local_time":"20190313072831","is_ascension_mode":false,"campfire_choices":[{"data":"Shockwave","floor":6,"key":"SMITH"},{"data":"Impervious","floor":8,"key":"SMITH"},{"data":"True Grit","floor":11,"key":"SMITH"},{"data":"Apotheosis","floor":13,"key":"SMITH"},{"data":"Iron Wave","floor":15,"key":"SMITH"}],"neow_cost":"NONE","seed_source_timestamp":78769072800294,"circlet_count":0,"master_deck":["Strike_R","Strike_R","Strike_R","Strike_R","Defend_R","Defend_R","Defend_R","Defend_R","Bash","True Grit+1","Shockwave+1","Impervious+1","True Grit+1","Apotheosis+1","Iron Wave+1"],"relics":["Burning Blood","Bag of Marbles","Juzu Bracelet","Regal Pillow"],"potions_floor_usage":[16,16,16],"damage_taken":[{"damage":12,"enemies":"Small Slimes","floor":1,"turns":3},{"damage":10,"enemies":"Jaw Worm","floor":4,"turns":4},{"damage":36,"enemies":"Lagavulin","floor":7,"turns":8},{"damage":0,"enemies":"Cultist","floor":10,"turns":3},{"damage":62,"enemies":"The Guardian","floor":16,"turns":18}],"seed_played":"-5635492422389166173","potions_obtained":[{"floor":4,"key":"Fire Potion"},{"floor":7,"key":"Poison Potion"},{"floor":10,"key":"SpeedPotion"}],"is_trial":false,"path_per_floor":["M","?","T","M","?","R","E","R","T","M","R","$","R","?","R","B"],"character_chosen":"IRONCLAD","items_purchased":["Apotheosis"],"campfire_rested":0,"item_purchase_floors":[12],"current_hp_per_floor":[82,87,87,83,83,83,53,53,53,59,59,59,59,59,59,0],"gold":29,"neow_bonus":"TEN_PERCENT_HP_BONUS","is_prod":false,"is_daily":false,"chose_seed":false,"campfire_upgraded":5,"win_rate":0.0,"timestamp":1552476511,"path_taken":["M","?","?","?","?","R","E","R","T","M","R","$","R","?","R","BOSS"],"build_version":"2019-01-23","purchased_purges":0,"victory":false,"max_hp_per_floor":[88,93,93,93,93,93,93,93,93,93,93,93,93,93,93,93],"card_choices":[{"not_picked":["Thunderclap","Dual Wield"],"picked":"True Grit","floor":1},{"not_picked":["Dropkick","Pommel Strike"],"picked":"Shockwave","floor":4},{"not_picked":["Clothesline","Sword Boomerang"],"picked":"Impervious","floor":7},{"not_picked":["Hemokinesis","Intimidate"],"picked":"True Grit","floor":10}],"player_experience":22011,"relics_obtained":[{"floor":3,"key":"Bag of Marbles"},{"floor":7,"key":"Juzu Bracelet"},{"floor":9,"key":"Regal Pillow"}],"event_choices":[{"damage_healed":0,"gold_gain":0,"player_choice":"Donut","damage_taken":0,"max_hp_gain":5,"max_hp_loss":0,"event_name":"Big Fish","floor":2,"gold_loss":0},{"damage_healed":0,"gold_gain":0,"player_choice":"Grow","damage_taken":0,"max_hp_gain":0,"max_hp_loss":0,"event_name":"Living Wall","floor":5,"gold_loss":0,"cards_upgraded":["True Grit"]},{"cards_removed":["Strike_R"],"damage_healed":0,"gold_gain":0,"player_choice":"Took Card","damage_taken":0,"max_hp_gain":0,"max_hp_loss":0,"event_name":"NoteForYourself","floor":14,"gold_loss":0,"cards_obtained":["Iron Wave"]}],"is_beta":false,"boss_relics":[],"items_purged_floors":[],"is_endless":false,"potions_floor_spawned":[4,7,10],"killed_by":"The Guardian","ascension_level":0}