{"gold_per_floor":[118,118,118,132,207,232,232,232,255,255],"floor_reached":10,"playtime":75,"items_purged":[],"score":178,"play_id":"9be6e5f5-d9c2-4857-bb1b-fc443c38672d","local_time":"20190303005326","is_ascension_mode":true,"campfire_choices":[{"floor":8,"key":"REST"}],"neow_cost":"NONE","seed_source_timestamp":49671509959323,"circlet_count":0,"master_deck":["AscendersBane","Strike_B","Strike_B","Strike_B+1","Strike_B","Defend_B","Defend_B","Defend_B","Defend_B","Zap+1","Dualcast","Undo+1","FTL","Cold Snap"],"relics":["Cracked Core","NeowsBlessing","Ornamental Fan","Golden Idol","Centennial Puzzle"],"potions_floor_usage":[],"damage_taken":[{"damage":0,"enemies":"Jaw Worm","floor":1,"turns":1},{"damage":0,"enemies":"2 Louse","floor":4,"turns":1},{"damage":0,"enemies":"Lagavulin","floor":6,"turns":1},{"damage":0,"enemies":"Gremlin Nob","floor":10,"turns":1}],"seed_played":"-3984549680149825610","potions_obtained":[{"floor":1,"key":"SkillPotion"},{"floor":4,"key":"SpeedPotion"}],"is_trial":false,"path_per_floor":["M","?","?","M","?","E","?","R","T","E"],"character_chosen":"DEFECT","items_purchased":[],"campfire_rested":1,"item_purchase_floors":[],"current_hp_per_floor":[64,64,43,43,32,32,32,51,51,51],"gold":255,"neow_bonus":"THREE_ENEMY_KILL","is_prod":false,"is_daily":false,"chose_seed":false,"campfire_upgraded":0,"win_rate":0,"timestamp":1551570806,"path_taken":["M","?","?","M","?","E","?","R","T","E"],"build_version":"2019-02-06","purchased_purges":0,"victory":false,"max_hp_per_floor":[71,71,71,71,71,71,64,64,64,64],"card_choices":[{"not_picked":["Reprogram","Hello World"],"picked":"Undo","floor":1},{"not_picked":["Skim","Darkness"],"picked":"FTL","floor":4},{"not_picked":["Ball Lightning","Steam"],"picked":"Cold Snap","floor":6}],"player_experience":975110,"relics_obtained":[{"floor":6,"key":"Ornamental Fan"},{"floor":9,"key":"Centennial Puzzle"}],"event_choices":[{"damage_healed":0,"gold_gain":0,"player_choice":"Grow","damage_taken":0,"max_hp_gain":0,"max_hp_loss":0,"event_name":"Living Wall","floor":2,"gold_loss":0,"cards_upgraded":["Zap"]},{"damage_healed":0,"gold_gain":0,"player_choice":"Entered Light","damage_taken":21,"max_hp_gain":0,"max_hp_loss":0,"event_name":"Shining Light","floor":3,"gold_loss":0,"cards_upgraded":["Undo","Strike_B"]},{"damage_healed":0,"gold_gain":75,"player_choice":"Gather Gold","damage_taken":11,"max_hp_gain":0,"max_hp_loss":0,"event_name":"World of Goop","floor":5,"gold_loss":0},{"damage_healed":0,"gold_gain":0,"player_choice":"Lose Max HP","damage_taken":0,"relics_obtained":["Golden Idol"],"max_hp_gain":0,"max_hp_loss":7,"event_name":"Golden Idol","floor":7,"gold_loss":0}],"is_beta":true,"boss_relics":[],"items_purged_floors":[],"is_endless":false,"potions_floor_spawned":[1,4],"killed_by":"Gremlin Nob","ascension_level":20}