{"gold_per_floor":[117,117,117,137,137,163,193,212,212,229,229],"floor_reached":11,"playtime":667,"items_purged":[],"score":63,"play_id":"10aeb8d7-14f2-49b5-b265-5d279cebbb5e","local_time":"20190312115621","is_ascension_mode":false,"campfire_choices":[],"neow_cost":"NONE","seed_source_timestamp":8902524470539,"circlet_count":0,"master_deck":["Defend_G","Defend_G","Defend_G+1","Defend_G","Defend_G","Strike_G","Strike_G","Strike_G","Strike_G","Strike_G","Survivor","Neutralize","Heel Hook+1","Backflip","Caltrops","Flying Knee"],"relics":["Ring of the Snake","Boot","Paper Crane"],"potions_floor_usage":[],"damage_taken":[{"damage":1,"enemies":"Cultist","floor":1,"turns":4},{"damage":0,"enemies":"Small Slimes","floor":4,"turns":5},{"damage":0,"enemies":"2 Louse","floor":8,"turns":4},{"damage":23,"enemies":"Large Slime","floor":10,"turns":9},{"damage":51,"enemies":"Gremlin Nob","floor":11,"turns":5}],"seed_played":"-2349190525273595320","potions_obtained":[{"floor":8,"key":"Weak Potion"}],"is_trial":false,"path_per_floor":["M","?","?","M","?","T","?","M","T","M","E"],"character_chosen":"THE_SILENT","items_purchased":[],"campfire_rested":0,"item_purchase_floors":[],"current_hp_per_floor":[76,76,76,76,61,61,61,61,61,38,0],"gold":229,"neow_bonus":"TEN_PERCENT_HP_BONUS","is_prod":false,"is_daily":false,"chose_seed":false,"campfire_upgraded":0,"win_rate":0.0,"timestamp":1552406181,"path_taken":["M","?","?","M","?","?","?","M","T","M","E"],"build_version":"2019-01-23","purchased_purges":0,"victory":false,"max_hp_per_floor":[77,77,77,77,77,77,77,77,77,77,77],"card_choices":[{"not_picked":["Dagger Spray","Skewer"],"picked":"Heel Hook","floor":1},{"not_picked":["Acrobatics","Deadly Poison"],"picked":"Backflip","floor":4},{"not_picked":["Quick Slash","Expertise"],"picked":"Caltrops","floor":8},{"not_picked":["Deflect","Acrobatics"],"picked":"Flying Knee","floor":10}],"player_experience":2473,"relics_obtained":[{"floor":6,"key":"Boot"},{"floor":9,"key":"Paper Crane"}],"event_choices":[{"damage_healed":0,"gold_gain":0,"player_choice":"Fled","damage_taken":0,"max_hp_gain":0,"max_hp_loss":0,"event_name":"Scrap Ooze","floor":2,"gold_loss":0},{"damage_healed":0,"gold_gain":0,"player_choice":"Ignored","damage_taken":0,"max_hp_gain":0,"max_hp_loss":0,"event_name":"Liars Game","floor":3,"gold_loss":0},{"damage_healed":0,"gold_gain":0,"player_choice":"Entered Light","damage_taken":15,"max_hp_gain":0,"max_hp_loss":0,"event_name":"Shining Light","floor":5,"gold_loss":0,"cards_upgraded":["Defend_G","Heel Hook"]},{"damage_healed":0,"gold_gain":30,"player_choice":"Searched \u00272\u0027 times","damage_taken":0,"max_hp_gain":0,"max_hp_loss":0,"event_name":"Dead Adventurer","floor":7,"gold_loss":0}],"is_beta":false,"boss_relics":[],"items_purged_floors":[],"is_endless":false,"potions_floor_spawned":[8],"killed_by":"Gremlin Nob","ascension_level":0}