{"gold_per_floor":[114,264,264,282,31,31,58,58,58,71,71,71,109,128,128,128],"floor_reached":16,"playtime":484,"items_purged":[],"score":259,"play_id":"b969f820-97d2-4fb0-913b-b656dbb87fe3","local_time":"20181220195315","is_ascension_mode":true,"campfire_choices":[{"data":"Footwork","floor":6,"key":"SMITH"},{"data":"Distraction","floor":8,"key":"SMITH"},{"data":"Dash","floor":11,"key":"SMITH"},{"data":"Terror","floor":15,"key":"SMITH"}],"neow_cost":"NONE","seed_source_timestamp":39796507827524,"circlet_count":0,"master_deck":["AscendersBane","Defend_G","Defend_G","Defend_G","Defend_G","Defend_G","Strike_G","Strike_G","Strike_G","Strike_G","Strike_G","Survivor","Neutralize","Endless Agony","Distraction+1","Footwork+1","Deflect","Dash+1","Terror+1","Dash"],"relics":["Ring of the Snake","NeowsBlessing","Blood Vial","Dodecahedron","Strawberry","Golden Idol","Happy Flower"],"potions_floor_usage":[14],"damage_taken":[{"damage":0,"enemies":"2 Louse","floor":1,"turns":1},{"damage":0,"enemies":"Small Slimes","floor":4,"turns":1},{"damage":0,"enemies":"Lagavulin","floor":7,"turns":2},{"damage":7,"enemies":"Jaw Worm","floor":10,"turns":5},{"damage":17,"enemies":"3 Sentries","floor":13,"turns":13},{"damage":13,"enemies":"Lots of Slimes","floor":14,"turns":8},{"damage":25,"enemies":"Slime Boss","floor":16,"turns":11}],"seed_played":"4334989467508715102","potions_obtained":[{"floor":4,"key":"SkillPotion"},{"floor":10,"key":"Fire Potion"},{"floor":13,"key":"GhostInAJar"}],"is_trial":false,"path_per_floor":["M","?","?","M","$","R","E","R","T","M","R","?","E","M","R","B"],"character_chosen":"THE_SILENT","items_purchased":["Blood Vial","Footwork"],"campfire_rested":0,"item_purchase_floors":[5,5],"current_hp_per_floor":[59,59,59,59,59,59,61,61,68,63,63,63,48,37,37,14],"gold":128,"neow_bonus":"THREE_ENEMY_KILL","is_prod":false,"is_daily":false,"chose_seed":false,"campfire_upgraded":4,"win_rate":0,"timestamp":1545331995,"path_taken":["M","?","?","M","?","R","E","R","T","?","R","?","E","M","R","BOSS"],"build_version":"2018-12-19","purchased_purges":0,"victory":false,"max_hp_per_floor":[66,66,66,66,66,66,66,66,73,73,73,66,66,66,66,66],"card_choices":[{"not_picked":["Bane","Dodge and Roll"],"picked":"Endless Agony","floor":1},{"not_picked":["Expertise","Blur"],"picked":"Distraction","floor":4},{"not_picked":["Dodge and Roll","Prepared"],"picked":"Deflect","floor":7},{"not_picked":["Catalyst","Underhanded Strike"],"picked":"Dash","floor":10},{"not_picked":["Flechettes","Underhanded Strike"],"picked":"Terror","floor":13},{"not_picked":["Predator","Dodge and Roll"],"picked":"Dash","floor":14}],"player_experience":845712,"relics_obtained":[{"floor":7,"key":"Dodecahedron"},{"floor":9,"key":"Strawberry"},{"floor":13,"key":"Happy Flower"}],"event_choices":[{"damage_healed":0,"gold_gain":150,"player_choice":"AGREE","damage_taken":0,"max_hp_gain":0,"max_hp_loss":0,"event_name":"Liars Game","floor":2,"gold_loss":0,"cards_obtained":["Doubt"]},{"cards_removed":["Doubt"],"damage_healed":0,"gold_gain":0,"player_choice":"Forget","damage_taken":0,"max_hp_gain":0,"max_hp_loss":0,"event_name":"Living Wall","floor":3,"gold_loss":0},{"damage_healed":0,"gold_gain":0,"player_choice":"Lose Max HP","damage_taken":0,"relics_obtained":["Golden Idol"],"max_hp_gain":0,"max_hp_loss":7,"event_name":"Golden Idol","floor":12,"gold_loss":0}],"is_beta":true,"boss_relics":[],"items_purged_floors":[],"is_endless":false,"potions_floor_spawned":[4,10,13],"killed_by":"Slime Boss","ascension_level":19}