{"gold_per_floor":[118,43,63,63,73,73,73,89,135,135,161,180,180,242,242,338,338,357,368,278,178,178,193,33,33,33,33,65,82,32,32,32,131,131,146,146,160,34,34],"floor_reached":39,"playtime":1847,"items_purged":["Defend_R","Defend_R"],"score":387,"play_id":"1a2fe254-9ca0-4959-be34-b7058e6270fa","local_time":"20190313092003","is_ascension_mode":false,"campfire_choices":[{"data":"Bash","floor":6,"key":"SMITH"},{"data":"Iron Wave","floor":10,"key":"SMITH"},{"data":"Flame Barrier","floor":13,"key":"SMITH"},{"floor":15,"key":"REST"},{"floor":25,"key":"REST"},{"data":"Limit Break","floor":27,"key":"SMITH"},{"floor":32,"key":"REST"}],"neow_cost":"NONE","seed_source_timestamp":84744709588430,"circlet_count":0,"master_deck":["Strike_R","Strike_R","Strike_R","Strike_R","Strike_R","Defend_R","Bash+1","Twin Strike","Heavy Blade","Iron Wave+1","Flame Barrier+1","Impervious+1","Heavy Blade","Disarm","Limit Break+1","Double Tap"],"relics":["Burning Blood","Happy Flower","Bag of Marbles","Vajra","Runic Dome","Meat on the Bone","Red Skull","Mark of Pain","Tiny Chest"],"potions_floor_usage":[16,16,16,33,33,33],"damage_taken":[{"damage":12,"enemies":"Small Slimes","floor":1,"turns":4},{"damage":11,"enemies":"Jaw Worm","floor":3,"turns":2},{"damage":1,"enemies":"Cultist","floor":5,"turns":3},{"damage":19,"enemies":"2 Fungi Beasts","floor":8,"turns":3},{"damage":19,"enemies":"Lots of Slimes","floor":12,"turns":4},{"damage":43,"enemies":"Hexaghost","floor":16,"turns":9},{"damage":30,"enemies":"Spheric Guardian","floor":18,"turns":4},{"damage":18,"enemies":"Shell Parasite","floor":19,"turns":4},{"damage":21,"enemies":"Snake Plant","floor":23,"turns":3},{"damage":27,"enemies":"Book of Stabbing","floor":28,"turns":6},{"damage":19,"enemies":"Centurion and Healer","floor":29,"turns":4},{"damage":37,"enemies":"Collector","floor":33,"turns":8},{"damage":24,"enemies":"Orb Walker","floor":35,"turns":3},{"damage":11,"enemies":"3 Darklings","floor":37,"turns":8},{"damage":99,"enemies":"Writhing Mass","floor":39,"turns":4}],"seed_played":"-7679241872961789908","potions_obtained":[{"floor":1,"key":"Block Potion"},{"floor":3,"key":"AttackPotion"},{"floor":5,"key":"Strength Potion"},{"floor":16,"key":"Swift Potion"},{"floor":19,"key":"Fire Potion"},{"floor":23,"key":"Dexterity Potion"},{"floor":28,"key":"Block Potion"},{"floor":35,"key":"SpeedPotion"}],"is_trial":false,"path_per_floor":["M","$","M","$","M","R","?","M","T","R","T","M","R","?","R","B",null,"M","M","?","$","?","M","$","R","T","R","E","M","?","$","R","B",null,"M","?","M","$","M"],"character_chosen":"IRONCLAD","items_purchased":["Limit Break","Tiny Chest"],"campfire_rested":3,"item_purchase_floors":[24,38],"current_hp_per_floor":[74,74,69,69,74,74,79,66,66,66,66,53,53,53,78,41,85,61,49,49,49,49,34,34,59,59,59,50,49,49,49,74,55,85,67,67,62,62,0],"gold":34,"neow_bonus":"RANDOM_COMMON_RELIC","is_prod":false,"is_daily":false,"chose_seed":false,"campfire_upgraded":4,"win_rate":0.0,"timestamp":1552483203,"path_taken":["M","$","M","$","M","R","?","M","T","R","?","M","R","?","R","BOSS","M","M","?","?","?","M","$","R","T","R","E","?","?","?","R","BOSS","M","?","M","$","M"],"build_version":"2019-01-23","purchased_purges":2,"victory":false,"max_hp_per_floor":[80,80,80,80,80,80,85,85,85,85,85,85,85,85,85,85,85,85,85,85,85,85,85,85,85,85,85,85,85,85,85,85,85,85,85,85,85,85,85],"card_choices":[{"not_picked":["Rupture","Clash"],"picked":"Twin Strike","floor":1},{"not_picked":["Thunderclap","Ghostly Armor"],"picked":"Heavy Blade","floor":3},{"not_picked":["Brutality","Clash","Power Through"],"picked":"SKIP","floor":5},{"not_picked":["Anger","True Grit"],"picked":"Iron Wave","floor":8},{"not_picked":["Rupture","Dual Wield"],"picked":"Flame Barrier","floor":12},{"not_picked":["Brutality","Reaper"],"picked":"Impervious","floor":16},{"not_picked":["Body Slam","Rupture"],"picked":"Heavy Blade","floor":18},{"not_picked":["Twin Strike","Flex"],"picked":"Disarm","floor":19},{"not_picked":["Burning Pact","Ghostly Armor","Sword Boomerang"],"picked":"SKIP","floor":23},{"not_picked":["Thunderclap","Twin Strike","Cleave"],"picked":"SKIP","floor":28},{"not_picked":["Hemokinesis","Iron Wave","Bludgeon"],"picked":"SKIP","floor":29},{"not_picked":["Fiend Fire","Offering"],"picked":"Double Tap","floor":33},{"not_picked":["Sword Boomerang+1","True Grit+1","Searing Blow+1"],"picked":"SKIP","floor":35},{"not_picked":["Twin Strike","Flex+1","Bloodletting"],"picked":"SKIP","floor":37}],"player_experience":27407,"relics_obtained":[{"floor":9,"key":"Bag of Marbles"},{"floor":11,"key":"Vajra"},{"floor":26,"key":"Meat on the Bone"},{"floor":28,"key":"Red Skull"}],"event_choices":[{"damage_healed":0,"gold_gain":0,"player_choice":"Donut","damage_taken":0,"max_hp_gain":5,"max_hp_loss":0,"event_name":"Big Fish","floor":7,"gold_loss":0},{"damage_healed":0,"gold_gain":62,"player_choice":"Gained Gold","damage_taken":0,"max_hp_gain":0,"max_hp_loss":0,"event_name":"Golden Wing","floor":14,"gold_loss":0},{"cards_removed":["Defend_R"],"damage_healed":0,"gold_gain":0,"player_choice":"Upgrade and Remove","damage_taken":0,"max_hp_gain":0,"max_hp_loss":0,"event_name":"Designer","floor":20,"gold_loss":90,"cards_upgraded":["Impervious"]},{"damage_healed":0,"gold_gain":0,"player_choice":"Ignored","damage_taken":0,"max_hp_gain":0,"max_hp_loss":0,"event_name":"NoteForYourself","floor":22,"gold_loss":0},{"damage_healed":0,"gold_gain":0,"player_choice":"Bet on Owner","damage_taken":0,"max_hp_gain":0,"max_hp_loss":0,"event_name":"The Joust","floor":30,"gold_loss":50},{"damage_healed":0,"gold_gain":0,"player_choice":"Ignored","damage_taken":0,"max_hp_gain":0,"max_hp_loss":0,"event_name":"SecretPortal","floor":36,"gold_loss":0}],"is_beta":false,"boss_relics":[{"not_picked":["Tiny House","Ectoplasm"],"picked":"Runic Dome"},{"not_picked":["Orrery","Runic Pyramid"],"picked":"Mark of Pain"}],"items_purged_floors":[2,21],"is_endless":false,"potions_floor_spawned":[1,3,5,16,19,23,28,35],"killed_by":"Writhing Mass","ascension_level":0}