{"gold_per_floor":[110,110,62,62,62,78,78,90,113,113,127,141,141,161,161,258,308,322,322,322,340,340],"floor_reached":22,"playtime":298,"items_purged":[],"score":176,"play_id":"99419cdd-e7ff-4f8e-bc19-571a79b57dea","local_time":"20190223015431","is_ascension_mode":false,"campfire_choices":[{"data":"Anger","floor":7,"key":"SMITH"},{"data":"Infernal Blade","floor":10,"key":"SMITH"},{"floor":13,"key":"REST"},{"data":"Anger","floor":15,"key":"SMITH"}],"neow_cost":"NONE","seed_source_timestamp":565354282433752,"circlet_count":0,"master_deck":["Strike_R","Strike_R","Strike_R","Strike_R","Strike_R","Defend_R+1","Defend_R+1","Defend_R","Defend_R+1","Bash","Clash","Regret","Anger+1","Infernal Blade+1","Anger+1","Demon Form","Rampage","Seeing Red","Flex+1"],"relics":["Burning Blood","NeowsBlessing","War Paint","Bronze Scales","Tiny House"],"potions_floor_usage":[16],"damage_taken":[{"damage":0,"enemies":"Jaw Worm","floor":1,"turns":1},{"damage":0,"enemies":"2 Louse","floor":6,"turns":1},{"damage":0,"enemies":"Cultist","floor":8,"turns":1},{"damage":4,"enemies":"Blue Slaver","floor":11,"turns":2},{"damage":29,"enemies":"Gremlin Gang","floor":12,"turns":4},{"damage":2,"enemies":"Large Slime","floor":14,"turns":5},{"damage":35,"enemies":"Slime Boss","floor":16,"turns":9},{"damage":43,"enemies":"2 Thieves","floor":18,"turns":4},{"damage":16,"enemies":"Spheric Guardian","floor":21,"turns":4},{"damage":26,"enemies":"Colosseum Slavers","floor":22,"turns":3}],"seed_played":"8127951420425694104","potions_obtained":[{"floor":6,"key":"Strength Potion"},{"floor":11,"key":"Ancient Potion"},{"floor":16,"key":"FearPotion"},{"floor":17,"key":"SneckoOil"}],"is_trial":false,"path_per_floor":["M","?","$","?","$","M","R","M","T","R","M","M","R","M","R","B",null,"M","?","?","M","?"],"character_chosen":"IRONCLAD","items_purchased":["Anger"],"campfire_rested":1,"item_purchase_floors":[3],"current_hp_per_floor":[80,80,80,80,80,80,80,80,80,80,80,57,80,80,80,51,85,48,48,48,38,12],"gold":340,"neow_bonus":"THREE_ENEMY_KILL","is_prod":false,"is_daily":false,"chose_seed":false,"campfire_upgraded":3,"win_rate":0.0,"timestamp":1550915671,"path_taken":["M","?","$","?","$","?","R","M","T","R","M","M","R","M","R","BOSS","M","?","?","?","?"],"build_version":"2019-01-23","purchased_purges":0,"victory":false,"max_hp_per_floor":[80,80,80,80,80,80,80,80,80,80,80,80,80,80,80,80,85,85,85,85,85,85],"card_choices":[{"not_picked":["Pommel Strike","Warcry"],"picked":"Clash","floor":1},{"not_picked":["Twin Strike","Pommel Strike","Inflame"],"picked":"SKIP","floor":6},{"not_picked":["Battle Trance","Clash"],"picked":"Infernal Blade","floor":8},{"not_picked":["Disarm","Iron Wave","Whirlwind"],"picked":"SKIP","floor":11},{"not_picked":["Perfected Strike","True Grit","Blood for Blood"],"picked":"SKIP","floor":12},{"not_picked":["Iron Wave","Heavy Blade"],"picked":"Anger","floor":14},{"not_picked":["Limit Break","Brutality"],"picked":"Demon Form","floor":16},{"not_picked":["Whirlwind","Pommel Strike"],"picked":"Rampage","floor":17},{"not_picked":["Clothesline+1","Shrug It Off","Ghostly Armor"],"picked":"SKIP","floor":18},{"not_picked":["Body Slam+1","Battle Trance"],"picked":"Flex+1","floor":21}],"player_experience":10566,"relics_obtained":[{"floor":9,"key":"Bronze Scales"}],"event_choices":[{"damage_healed":0,"gold_gain":0,"player_choice":"Box","damage_taken":0,"relics_obtained":["War Paint"],"max_hp_gain":0,"max_hp_loss":0,"event_name":"Big Fish","floor":2,"gold_loss":0,"cards_obtained":["Regret"]},{"damage_healed":0,"gold_gain":0,"player_choice":"Bought 0 Potions","damage_taken":0,"max_hp_gain":0,"max_hp_loss":0,"event_name":"The Woman in Blue","floor":4,"gold_loss":0},{"damage_healed":0,"gold_gain":0,"player_choice":"Ignored","damage_taken":0,"max_hp_gain":0,"max_hp_loss":0,"event_name":"Vampires","floor":19,"gold_loss":0},{"damage_healed":0,"gold_gain":0,"player_choice":"1 cards matched","damage_taken":0,"max_hp_gain":0,"max_hp_loss":0,"event_name":"Match and Keep!","floor":20,"gold_loss":0,"cards_obtained":["Seeing Red"]},{"damage_healed":0,"gold_gain":0,"player_choice":"Fight","damage_taken":0,"max_hp_gain":0,"max_hp_loss":0,"event_name":"Colosseum","floor":22,"gold_loss":0}],"is_beta":false,"boss_relics":[{"not_picked":["Ectoplasm","Astrolabe"],"picked":"Tiny House"}],"items_purged_floors":[],"is_endless":false,"potions_floor_spawned":[6,11,16],"killed_by":"Colosseum Slavers","ascension_level":0}