{"gold_per_floor":[118,133,133,147,157,190,190,200,256,273,49,66,77,96,96,96],"floor_reached":16,"playtime":912,"items_purged":[],"score":108,"play_id":"fe526f67-3ef8-440a-9aa0-7a259944498e","local_time":"20190313110001","is_ascension_mode":false,"campfire_choices":[{"data":"Heavy Blade","floor":7,"key":"SMITH"},{"floor":15,"key":"REST"}],"neow_cost":"NONE","seed_source_timestamp":91679330459710,"circlet_count":0,"master_deck":["Strike_R","Strike_R","Strike_R","Strike_R","Strike_R","Defend_R","Defend_R","Defend_R","Defend_R","Bash","Heavy Blade+1","Flame Barrier","Shrug It Off","Headbutt","Juggernaut","Entrench+1","Pommel Strike","Iron Wave","Double Tap+1"],"relics":["Burning Blood","Strawberry","Toxic Egg 2","Tiny Chest"],"potions_floor_usage":[6,6],"damage_taken":[{"damage":10,"enemies":"Cultist","floor":1,"turns":4},{"damage":0,"enemies":"Small Slimes","floor":2,"turns":3},{"damage":11,"enemies":"Jaw Worm","floor":4,"turns":3},{"damage":6,"enemies":"3 Louse","floor":5,"turns":5},{"damage":42,"enemies":"Lagavulin","floor":6,"turns":8},{"damage":0,"enemies":"Exordium Thugs","floor":8,"turns":6},{"damage":4,"enemies":"2 Fungi Beasts","floor":10,"turns":4},{"damage":7,"enemies":"Looter","floor":12,"turns":5},{"damage":16,"enemies":"Large Slime","floor":13,"turns":7},{"damage":24,"enemies":"3 Louse","floor":14,"turns":4},{"damage":0,"enemies":"Hexaghost","floor":16,"turns":2}],"seed_played":"-8674131345635144128","potions_obtained":[{"floor":2,"key":"SkillPotion"},{"floor":5,"key":"SkillPotion"},{"floor":6,"key":"SpeedPotion"},{"floor":8,"key":"BloodPotion"},{"floor":10,"key":"FearPotion"}],"is_trial":false,"path_per_floor":["M","M","?","M","M","E","R","M","T","M","$","M","M","M","R","B"],"character_chosen":"IRONCLAD","items_purchased":["Juggernaut","Entrench+1"],"campfire_rested":1,"item_purchase_floors":[11,11],"current_hp_per_floor":[83,87,87,82,82,46,46,52,52,54,54,53,43,25,51,51],"gold":96,"neow_bonus":"RANDOM_COMMON_RELIC","is_prod":false,"is_daily":false,"chose_seed":false,"campfire_upgraded":1,"win_rate":0.0,"timestamp":1552489201,"path_taken":["M","?","?","M","?","E","R","M","T","M","$","M","M","M","R","BOSS"],"build_version":"2019-01-23","purchased_purges":0,"victory":false,"max_hp_per_floor":[87,87,87,87,87,87,87,87,87,87,87,87,87,87,87,87],"card_choices":[{"not_picked":["Combust","Rupture"],"picked":"Heavy Blade","floor":1},{"not_picked":["Seeing Red","Iron Wave"],"picked":"Flame Barrier","floor":2},{"not_picked":["Rage","Pommel Strike"],"picked":"Shrug It Off","floor":4},{"not_picked":["Combust","Clash","Twin Strike"],"picked":"SKIP","floor":5},{"not_picked":["Sword Boomerang","Combust"],"picked":"Headbutt","floor":6},{"not_picked":["Flex+1","Entrench+1","Sword Boomerang"],"picked":"SKIP","floor":8},{"not_picked":["Iron Wave","Perfected Strike","Infernal Blade+1"],"picked":"SKIP","floor":10},{"not_picked":["Clash","Perfected Strike"],"picked":"Pommel Strike","floor":12},{"not_picked":["Metallicize","Anger"],"picked":"Iron Wave","floor":13},{"not_picked":["Fire Breathing","Bloodletting+1"],"picked":"Double Tap+1","floor":14}],"player_experience":34129,"relics_obtained":[{"floor":6,"key":"Toxic Egg 2"},{"floor":9,"key":"Tiny Chest"}],"event_choices":[{"damage_healed":0,"gold_gain":0,"player_choice":"Ignored","damage_taken":0,"max_hp_gain":0,"max_hp_loss":0,"event_name":"NoteForYourself","floor":3,"gold_loss":0}],"is_beta":false,"boss_relics":[],"items_purged_floors":[],"is_endless":false,"potions_floor_spawned":[2,5,6,8,10],"killed_by":"Hexaghost","ascension_level":0}