{"gold_per_floor":[113,113,63,73,87,87,114,114,140,157,172,185,185,197,197,292,292,302,321,321,321,369,17,30,30,30,48,48,48,8,27,27,129,129,139,153,164,164],"floor_reached":38,"playtime":2674,"items_purged":[],"score":456,"play_id":"26fb2f13-571e-4699-a955-0feec2b62545","local_time":"20190313011518","is_ascension_mode":true,"campfire_choices":[{"data":"Leg Sweep","floor":6.0,"key":"SMITH"},{"data":"Dash","floor":8.0,"key":"SMITH"},{"floor":15.0,"key":"REST"},{"data":"RitualDagger","floor":29,"key":"SMITH"},{"floor":32,"key":"REST"}],"neow_cost":"NONE","seed_source_timestamp":1019890741391360,"circlet_count":0,"master_deck":["Survivor","Neutralize","Dash+1","Leg Sweep+1","Cloak And Dagger","Cloak And Dagger","Corpse Explosion","Backflip","Blur","PiercingWail","Backflip","A Thousand Cuts","Flechettes","Malaise","Masterful Stab","Quick Slash","Dash","Riddle With Holes","Deflect","Accuracy+1","RitualDagger+1","Caltrops","Finisher","Apotheosis","Footwork","Blur","Footwork","Catalyst","A Thousand Cuts","PiercingWail+1","Terror"],"special_seed":0,"relics":["Ring of the Snake","Orichalcum","Ancient Tea Set","Pandora\u0027s Box","Bronze Scales","Membership Card","Mummified Hand","WristBlade"],"potions_floor_usage":[37,38],"damage_taken":[{"damage":0.0,"enemies":"2 Louse","floor":1.0,"turns":3.0},{"damage":2.0,"enemies":"Jaw Worm","floor":4.0,"turns":5.0},{"damage":0.0,"enemies":"Small Slimes","floor":5.0,"turns":3.0},{"damage":26.0,"enemies":"3 Sentries","floor":7.0,"turns":12.0},{"damage":14.0,"enemies":"Gremlin Gang","floor":10.0,"turns":3.0},{"damage":0.0,"enemies":"2 Fungi Beasts","floor":11.0,"turns":2.0},{"damage":0.0,"enemies":"Large Slime","floor":12.0,"turns":9.0},{"damage":0.0,"enemies":"Blue Slaver","floor":14.0,"turns":4.0},{"damage":7.0,"enemies":"The Guardian","floor":16.0,"turns":22.0},{"damage":9.0,"enemies":"3 Byrds","floor":18.0,"turns":3.0},{"damage":0.0,"enemies":"Shell Parasite","floor":19.0,"turns":7.0},{"damage":24,"enemies":"Snecko","floor":24,"turns":9},{"damage":6,"enemies":"Shelled Parasite and Fungi","floor":27,"turns":8},{"damage":6,"enemies":"Chosen and Byrds","floor":31,"turns":7},{"damage":44,"enemies":"Automaton","floor":33,"turns":12},{"damage":9,"enemies":"3 Darklings","floor":35,"turns":5},{"damage":30,"enemies":"Orb Walker","floor":36,"turns":6},{"damage":16,"enemies":"Writhing Mass","floor":37,"turns":8},{"damage":60,"enemies":"Transient","floor":38,"turns":3}],"seed_played":"-2290330310404941964","potions_obtained":[{"floor":5.0,"key":"Weak Potion"},{"floor":7.0,"key":"SpeedPotion"},{"floor":12.0,"key":"Fire Potion"},{"floor":13.0,"key":"EssenceOfSteel"}],"is_trial":false,"path_per_floor":["M","?","?","M","M","R","E","R","T","M","M","M","?","M","R","B",null,"M","M","?","?","T","$","M","?","T","M","?","R","$","M","R","B",null,"M","M","M","M"],"character_chosen":"THE_SILENT","items_purchased":["Membership Card","Caltrops","Finisher","Apotheosis","Footwork"],"campfire_rested":2,"item_purchase_floors":[23,23,23,23,30],"current_hp_per_floor":[70,63,63,61,61,61,35,35,35,21,21,21,21,21,42,35,70,61,61,61,55,55,55,31,31,31,25,48,48,48,42,63,19,70,61,31,15,0],"gold":164,"neow_bonus":"TRANSFORM_CARD","is_prod":false,"is_daily":false,"chose_seed":false,"campfire_upgraded":3,"win_rate":0,"timestamp":1552454118,"path_taken":["M","?","?","M","M","R","E","R","T","M","?","M","?","?","R","BOSS","M","M","?","?","?","$","M","?","T","M","?","R","$","?","R","BOSS","M","M","?","M"],"build_version":"2019-01-23","purchased_purges":0,"victory":false,"max_hp_per_floor":[70,70,70,70,70,70,70,70,70,70,70,70,70,70,70,70,70,70,70,70,70,70,70,70,70,70,70,70,70,70,70,70,70,70,70,70,70,70],"card_choices":[{"not_picked":["Poisoned Stab","Prepared"],"picked":"Leg Sweep","floor":1.0},{"not_picked":["Catalyst","All Out Attack"],"picked":"Cloak And Dagger","floor":4.0},{"not_picked":["Poisoned Stab","Blade Dance"],"picked":"Cloak And Dagger","floor":5.0},{"not_picked":["Backstab","PiercingWail"],"picked":"Corpse Explosion","floor":7.0},{"not_picked":["Finisher","PiercingWail"],"picked":"Backflip","floor":10.0},{"not_picked":["Expertise","Acrobatics"],"picked":"Blur","floor":11.0},{"not_picked":["Cloak And Dagger","Envenom"],"picked":"PiercingWail","floor":12.0},{"not_picked":["Deflect","Dodge and Roll"],"picked":"Backflip","floor":14.0},{"not_picked":["Envenom","Night Terror"],"picked":"A Thousand Cuts","floor":16.0},{"not_picked":["Setup","Acrobatics","Dagger Throw"],"picked":"SKIP","floor":18.0},{"not_picked":["PiercingWail","Bouncing Flask+1"],"picked":"Accuracy+1","floor":19.0},{"not_picked":["Prepared+1","Reflex"],"picked":"Footwork","floor":24},{"not_picked":["PiercingWail","Deflect"],"picked":"Blur","floor":27},{"not_picked":["Setup","Cloak And Dagger"],"picked":"Catalyst","floor":31},{"not_picked":["Unload","Wraith Form v2"],"picked":"A Thousand Cuts","floor":33},{"not_picked":["Acrobatics","Endless Agony"],"picked":"PiercingWail+1","floor":35},{"not_picked":["PiercingWail+1","Infinite Blades+1"],"picked":"Terror","floor":36},{"not_picked":["Flying Knee","Dagger Spray","Slice+1"],"picked":"SKIP","floor":37}],"player_experience":1227199,"relics_obtained":[{"floor":7.0,"key":"Orichalcum"},{"floor":9.0,"key":"Ancient Tea Set"},{"floor":22.0,"key":"Bronze Scales"},{"floor":26,"key":"Mummified Hand"}],"event_choices":[{"cards_removed":["Defend_G"],"damage_healed":0.0,"max_hp_gain":0.0,"max_hp_loss":0.0,"gold_gain":0.0,"event_name":"Golden Wing","player_choice":"Card Removal","floor":2.0,"gold_loss":0.0,"damage_taken":7.0},{"cards_removed":["Strike_G"],"damage_healed":0.0,"max_hp_gain":0.0,"max_hp_loss":0.0,"gold_gain":0.0,"event_name":"The Cleric","player_choice":"Card Removal","floor":3.0,"gold_loss":50.0,"damage_taken":0.0},{"damage_healed":0.0,"max_hp_gain":0.0,"max_hp_loss":0.0,"gold_gain":0.0,"event_name":"Lab","player_choice":"Got Potions","floor":13.0,"gold_loss":0.0,"damage_taken":0.0},{"damage_healed":0.0,"max_hp_gain":0.0,"max_hp_loss":0.0,"gold_gain":0.0,"event_name":"Ghosts","player_choice":"Ignored","floor":20.0,"gold_loss":0.0,"damage_taken":0.0},{"damage_healed":0.0,"max_hp_gain":0.0,"max_hp_loss":0.0,"gold_gain":0.0,"event_name":"Nest","player_choice":"Joined the Cult","floor":21.0,"gold_loss":0.0,"damage_taken":6.0,"cards_obtained":["RitualDagger"]},{"damage_healed":0,"gold_gain":0,"player_choice":"Ignored","damage_taken":0,"max_hp_gain":0,"max_hp_loss":0,"event_name":"Beggar","floor":25,"gold_loss":0},{"damage_healed":23,"gold_gain":0,"player_choice":"Heal","damage_taken":0,"max_hp_gain":0,"max_hp_loss":0,"event_name":"The Library","floor":28,"gold_loss":0}],"is_beta":false,"boss_relics":[{"not_picked":["Runic Pyramid","Velvet Choker"],"picked":"Pandora\u0027s Box"},{"not_picked":["Astrolabe","Eternal Feather"],"picked":"WristBlade"}],"items_purged_floors":[],"is_endless":false,"potions_floor_spawned":[5,7,12,14,16,18,27,33,36],"killed_by":"Transient","ascension_level":4}