{"gold_per_floor":[110,110,71,82,102,133,133,153,153,180,194,525,359,372,372,446,446,446,466,501,501,518,518],"floor_reached":23,"playtime":1990,"items_purged":[],"score":676,"play_id":"24bc09be-269c-45ab-bd61-2c58e81d1432","local_time":"20190309194322","is_ascension_mode":true,"campfire_choices":[{"data":"Multi-Cast","floor":7.0,"key":"SMITH"},{"floor":15.0,"key":"RECALL"}],"neow_cost":"NONE","seed_source_timestamp":0,"circlet_count":0,"master_deck":["AscendersBane","Zap","Dualcast","Capacitor","Hello World","Sweeping Beam","Capacitor","Buffer+1","Multi-Cast+1","Beam Cell","Redo","Coolheaded","Chill","Glacier","Glacier","Ball Lightning","Storm","Leap","Buffer","Gash+1","Tempest"],"special_seed":0,"relics":["Pandora\u0027s Box","Bottled Lightning","Ice Cream","FossilizedHelix","Old Coin","Oddly Smooth Stone","Eternal Feather","Red Mask","Shuriken"],"potions_floor_usage":[23],"damage_taken":[{"damage":12.0,"enemies":"2 Louse","floor":1.0,"turns":4.0},{"damage":0.0,"enemies":"Cultist","floor":4.0,"turns":4.0},{"damage":1.0,"enemies":"Jaw Worm","floor":5.0,"turns":6.0},{"damage":0.0,"enemies":"Lagavulin","floor":6.0,"turns":13.0},{"damage":0.0,"enemies":"Exordium Wildlife","floor":8.0,"turns":6.0},{"damage":0.0,"enemies":"3 Sentries","floor":10.0,"turns":9.0},{"damage":0.0,"enemies":"Large Slime","floor":11.0,"turns":7.0},{"damage":0.0,"enemies":"Lagavulin","floor":12.0,"turns":8.0},{"damage":0.0,"enemies":"Blue Slaver","floor":14.0,"turns":4.0},{"damage":0.0,"enemies":"Hexaghost","floor":16.0,"turns":16.0},{"damage":0.0,"enemies":"3 Byrds","floor":18.0,"turns":2.0},{"damage":0.0,"enemies":"Shell Parasite","floor":19.0,"turns":10.0},{"damage":22.0,"enemies":"Masked Bandits","floor":20.0,"turns":6.0},{"damage":0.0,"enemies":"Centurion and Healer","floor":22.0,"turns":8.0},{"damage":60,"enemies":"Slavers","floor":23,"turns":4}],"seed_played":"5643405669569095915","potions_obtained":[{"floor":1.0,"key":"EssenceOfSteel"},{"floor":5.0,"key":"SmokeBomb"},{"floor":8.0,"key":"FocusPotion"},{"floor":16.0,"key":"Fire Potion"},{"floor":19.0,"key":"Regen Potion"}],"is_trial":false,"path_per_floor":["M","?","$","M","M","E","R","M","T","E","M","E","$","M","R","B",null,"M","M","?","T","M","E"],"character_chosen":"DEFECT","items_purchased":["Chill","Oddly Smooth Stone"],"campfire_rested":0,"item_purchase_floors":[3,13],"current_hp_per_floor":[52,52,52,52,51,51,51,51,51,51,51,51,51,51,51,51,66,66,66,44,44,44,0],"gold":518,"neow_bonus":"BOSS_RELIC","is_prod":false,"is_daily":false,"chose_seed":false,"campfire_upgraded":1,"win_rate":0,"timestamp":1552157002,"path_taken":["M","?","?","M","M","E","R","M","T","E","M","E","$","M","R","BOSS","M","M","?","?","M","E"],"build_version":"2019-02-06","purchased_purges":0,"victory":false,"max_hp_per_floor":[71,71,71,71,71,71,71,71,71,71,71,71,71,71,71,71,71,71,71,71,71,71,71],"card_choices":[{"not_picked":["Aggregate","Turbo"],"picked":"Coolheaded","floor":1.0},{"not_picked":["Loop","Skim"],"picked":"Glacier","floor":4.0},{"not_picked":["Beam Cell","Loop","Double Energy"],"picked":"SKIP","floor":5.0},{"not_picked":["Aggregate","Sweeping Beam","Turbo"],"picked":"SKIP","floor":6.0},{"not_picked":["Chaos","Gash"],"picked":"Glacier","floor":8.0},{"not_picked":["Stack","FTL"],"picked":"Ball Lightning","floor":10.0},{"not_picked":["Sweeping Beam","Cold Snap"],"picked":"Storm","floor":11.0},{"not_picked":["Machine Learning","Cold Snap"],"picked":"Leap","floor":12.0},{"not_picked":["Leap","Compile Driver","Turbo"],"picked":"SKIP","floor":14.0},{"not_picked":["Reboot","Fission"],"picked":"Buffer","floor":16.0},{"not_picked":["Rebound","Static Discharge"],"picked":"Gash+1","floor":19.0},{"not_picked":["Conserve Battery","Hologram"],"picked":"Tempest","floor":20.0},{"not_picked":["Hello World","Lockon","Redo"],"picked":"SKIP","floor":22.0}],"player_experience":1000534,"relics_obtained":[{"floor":6.0,"key":"Bottled Lightning"},{"floor":9.0,"key":"Ice Cream"},{"floor":10.0,"key":"FossilizedHelix"},{"floor":12.0,"key":"Old Coin"},{"floor":20.0,"key":"Red Mask"},{"floor":21.0,"key":"Shuriken"}],"event_choices":[{"damage_healed":0.0,"max_hp_gain":0.0,"max_hp_loss":0.0,"gold_gain":0.0,"event_name":"Upgrade Shrine","player_choice":"Upgraded","floor":2.0,"gold_loss":0.0,"damage_taken":0.0,"cards_upgraded":["Buffer"]},{"damage_healed":0.0,"max_hp_gain":0.0,"max_hp_loss":0.0,"gold_gain":0.0,"event_name":"Masked Bandits","player_choice":"Fought Bandits","floor":20.0,"gold_loss":0.0,"damage_taken":0.0}],"is_beta":true,"boss_relics":[{"not_picked":["White Beast Statue","Runic Pyramid"],"picked":"Eternal Feather"}],"items_purged_floors":[],"is_endless":false,"potions_floor_spawned":[1,5,8,16,19],"killed_by":"Slavers","ascension_level":20}