{"gold_per_floor":[116,66,66,84,16,45,120,135,135,155,155,155,174,189,189,287,287,303,33,33],"floor_reached":20,"playtime":913,"items_purged":[],"score":229,"play_id":"d24d4dc6-553f-4fc3-96c1-8b1ffd285fcc","local_time":"20190107013319","is_ascension_mode":true,"campfire_choices":[{"floor":11.0,"key":"REST"},{"data":"Heavy Blade","floor":15.0,"key":"SMITH"}],"neow_cost":"TEN_PERCENT_HP_LOSS","seed_source_timestamp":38400446409010,"circlet_count":0,"master_deck":["Strike_R","Strike_R","Strike_R","Strike_R","Defend_R","Defend_R","Defend_R","Defend_R","Bash+1","Intimidate+1","Thunderclap","Inflame","Heavy Blade+1","Flex","Sword Boomerang","Clash","Impervious","Parasite","Decay","Parasite","Armaments","Shrug It Off","Inflame"],"special_seed":0,"relics":["Burning Blood","Unceasing Top","Mummified Hand","Darkstone Periapt","Calling Bell","Bag of Marbles","Shuriken","StoneCalendar","Oddly Smooth Stone"],"potions_floor_usage":[16,16,18],"damage_taken":[{"damage":2.0,"enemies":"2 Louse","floor":1.0,"turns":4.0},{"damage":4.0,"enemies":"Jaw Worm","floor":4.0,"turns":3.0},{"damage":22.0,"enemies":"Gremlin Nob","floor":6.0,"turns":4.0},{"damage":0.0,"enemies":"Cultist","floor":8.0,"turns":3.0},{"damage":1.0,"enemies":"3 Louse","floor":10.0,"turns":4.0},{"damage":8.0,"enemies":"Large Slime","floor":12.0,"turns":4.0},{"damage":6.0,"enemies":"Looter","floor":13.0,"turns":3.0},{"damage":9.0,"enemies":"Blue Slaver","floor":14.0,"turns":3.0},{"damage":38,"enemies":"Hexaghost","floor":16,"turns":6},{"damage":73,"enemies":"3 Byrds","floor":18,"turns":7},{"damage":19,"enemies":"Shell Parasite","floor":20,"turns":4}],"seed_played":"-8895659623378478621","potions_obtained":[{"floor":1.0,"key":"EssenceOfSteel"},{"floor":6.0,"key":"PowerPotion"},{"floor":10.0,"key":"SpeedPotion"},{"floor":13.0,"key":"Strength Potion"}],"is_trial":false,"path_per_floor":["M","?","?","M","$","E","?","M","T","M","R","M","M","M","R","B",null,"M","$","M"],"character_chosen":"IRONCLAD","items_purchased":["Inflame","Oddly Smooth Stone","Shrug It Off","Inflame"],"campfire_rested":1,"item_purchase_floors":[5,19,19,19],"current_hp_per_floor":[72,72,58,60,60,44,33,39,39,44,65,63,63,60,60,28,79,12,12,0],"gold":33,"neow_bonus":"ONE_RARE_RELIC","is_prod":false,"is_daily":false,"chose_seed":false,"campfire_upgraded":1,"win_rate":0,"timestamp":1546842799,"path_taken":["M","?","?","M","$","E","?","M","T","?","R","M","?","M","R","BOSS","M","$","M"],"build_version":"2019-01-03v4","purchased_purges":0,"victory":false,"max_hp_per_floor":[72,72,72,72,72,72,72,72,72,72,72,72,72,72,72,72,90,90,90,90],"card_choices":[{"not_picked":["Spot Weakness","Anger"],"picked":"Intimidate","floor":1.0},{"not_picked":["Hemokinesis","Feel No Pain"],"picked":"Thunderclap","floor":4.0},{"not_picked":["Dual Wield","Iron Wave"],"picked":"Heavy Blade","floor":6.0},{"not_picked":["Rupture","Perfected Strike"],"picked":"Flex","floor":8.0},{"not_picked":["Cleave","Corruption","Wild Strike"],"picked":"SKIP","floor":10.0},{"not_picked":["Perfected Strike","Double Tap"],"picked":"Sword Boomerang","floor":12.0},{"not_picked":["Flex","Warcry","Wild Strike"],"picked":"SKIP","floor":13.0},{"not_picked":["Body Slam","Sever Soul"],"picked":"Clash","floor":14.0},{"not_picked":["Feed","Berserk"],"picked":"Impervious","floor":16},{"not_picked":["Headbutt","Reckless Charge"],"picked":"Armaments","floor":18}],"player_experience":368887,"relics_obtained":[{"floor":6.0,"key":"Mummified Hand"},{"floor":9.0,"key":"Darkstone Periapt"},{"floor":17,"key":"Bag of Marbles"},{"floor":17,"key":"Shuriken"},{"floor":17,"key":"StoneCalendar"}],"event_choices":[{"cards_removed":["Strike_R"],"damage_healed":0.0,"max_hp_gain":0.0,"max_hp_loss":0.0,"gold_gain":0.0,"event_name":"The Cleric","player_choice":"Card Removal","floor":2.0,"gold_loss":50.0,"damage_taken":0.0},{"damage_healed":0.0,"max_hp_gain":0.0,"max_hp_loss":0.0,"gold_gain":0.0,"event_name":"Shining Light","player_choice":"Entered Light","floor":3.0,"gold_loss":0.0,"damage_taken":14.0,"cards_upgraded":["Bash","Intimidate"]},{"damage_healed":0.0,"max_hp_gain":0.0,"max_hp_loss":0.0,"gold_gain":75.0,"event_name":"World of Goop","player_choice":"Gather Gold","floor":7.0,"gold_loss":0.0,"damage_taken":11.0}],"is_beta":false,"boss_relics":[{"not_picked":["Empty Cage","Runic Dome"],"picked":"Calling Bell"}],"items_purged_floors":[],"is_endless":false,"potions_floor_spawned":[1,6,10,13],"killed_by":"Shell Parasite","ascension_level":6}