{"gold_per_floor":[116,126,126,146,164,164,184,184,207,235,249,268,288,27,27,129,129,141,153,168,168,178,178,212,212],"floor_reached":25,"playtime":3104,"items_purged":[],"score":199,"play_id":"ec6e1bda-f760-41ee-83c1-f9dc34e1f7d0","local_time":"20190905235301","is_ascension_mode":false,"campfire_choices":[{"data":"Well Laid Plans","floor":6,"key":"SMITH"},{"data":"Distraction","floor":8,"key":"SMITH"},{"floor":15,"key":"REST"},{"floor":23,"key":"REST"}],"neow_cost":"NONE","seed_source_timestamp":16378117790669,"circlet_count":0,"master_deck":["Strike_G","Strike_G","Strike_G","Strike_G","Strike_G","Defend_G","Defend_G","Defend_G","Defend_G","Defend_G","Survivor","Neutralize","Distraction+1","Well Laid Plans+1","Bane","Backflip","Infinite Blades","Predator","Burst","Caltrops","Dagger Spray","Footwork","Mayhem","Bullet Time","Blade Dance+1","Caltrops+1","Riddle With Holes","Masterful Stab","Outmaneuver+1"],"relics":["Ring of the Snake","Potion Belt","Vajra","Odd Mushroom","Eternal Feather","Red Mask"],"potions_floor_usage":[16,18,22,22,25,25,25],"damage_taken":[{"damage":0,"enemies":"Cultist","floor":1,"turns":5},{"damage":11,"enemies":"Jaw Worm","floor":2,"turns":9},{"damage":0,"enemies":"2 Louse","floor":4,"turns":4},{"damage":0,"enemies":"2 Fungi Beasts","floor":5,"turns":5},{"damage":0,"enemies":"Blue Slaver","floor":7,"turns":7},{"damage":28,"enemies":"The Mushroom Lair","floor":10,"turns":7},{"damage":9,"enemies":"Looter","floor":11,"turns":4},{"damage":3,"enemies":"Red Slaver","floor":12,"turns":6},{"damage":5,"enemies":"2 Fungi Beasts","floor":13,"turns":4},{"damage":21,"enemies":"Slime Boss","floor":16,"turns":13},{"damage":20,"enemies":"Spheric Guardian","floor":18,"turns":6},{"damage":6,"enemies":"3 Byrds","floor":19,"turns":5},{"damage":5,"enemies":"Snecko","floor":20,"turns":5},{"damage":17,"enemies":"3 Cultists","floor":22,"turns":5},{"damage":23,"enemies":"Masked Bandits","floor":24,"turns":6},{"damage":36,"enemies":"Cultist and Chosen","floor":25,"turns":6}],"seed_played":"-669066723347206772","potions_obtained":[{"floor":2,"key":"Fire Potion"},{"floor":5,"key":"Energy Potion"},{"floor":13,"key":"AttackPotion"},{"floor":16,"key":"GamblersBrew"},{"floor":18,"key":"Block Potion"},{"floor":19,"key":"Swift Potion"},{"floor":24,"key":"Dexterity Potion"}],"is_trial":false,"path_per_floor":["M","M","?","M","M","R","M","R","T","?","M","M","M","$","R","B",null,"M","M","M","?","M","R","?","M"],"character_chosen":"THE_SILENT","items_purchased":["Footwork","Mayhem"],"campfire_rested":2,"item_purchase_floors":[14,14],"current_hp_per_floor":[70,59,64,64,64,64,64,64,64,36,27,24,19,19,41,20,75,55,49,44,30,13,52,29,0],"gold":212,"neow_bonus":"RANDOM_COMMON_RELIC","is_prod":false,"is_daily":false,"chose_seed":false,"campfire_upgraded":2,"win_rate":0.0,"timestamp":1567684381,"path_taken":["M","M","?","M","M","R","M","R","T","?","M","M","M","$","R","BOSS","M","M","M","?","M","R","?","M"],"build_version":"2019-07-17","purchased_purges":0,"victory":false,"max_hp_per_floor":[70,70,75,75,75,75,75,75,75,75,75,75,75,75,75,75,75,75,75,75,80,80,80,80,80],"card_choices":[{"not_picked":["Poisoned Stab","Bane"],"picked":"Distraction","floor":1},{"not_picked":["Acrobatics","PiercingWail"],"picked":"Well Laid Plans","floor":2},{"not_picked":["Dagger Throw","Blade Dance"],"picked":"Bane","floor":4},{"not_picked":["Heel Hook","Deflect"],"picked":"Backflip","floor":5},{"not_picked":["Outmaneuver","Dagger Throw"],"picked":"Infinite Blades","floor":7},{"not_picked":["Bane","Slice"],"picked":"Predator","floor":10},{"not_picked":["Outmaneuver","Deflect"],"picked":"Burst","floor":11},{"not_picked":["Bouncing Flask","Flying Knee"],"picked":"Caltrops","floor":12},{"not_picked":["Dodge and Roll","Blur"],"picked":"Dagger Spray","floor":13},{"not_picked":["Glass Knife","Malaise"],"picked":"Bullet Time","floor":16},{"not_picked":["Outmaneuver","Slice"],"picked":"Blade Dance+1","floor":18},{"not_picked":["Underhanded Strike","All Out Attack"],"picked":"Caltrops+1","floor":19},{"not_picked":["Prepared","Outmaneuver+1"],"picked":"Riddle With Holes","floor":20},{"not_picked":["Dagger Spray","Riddle With Holes"],"picked":"Masterful Stab","floor":22},{"not_picked":["Flying Knee","Malaise"],"picked":"Outmaneuver+1","floor":24}],"player_experience":23619,"relics_obtained":[{"floor":9,"key":"Vajra"},{"floor":10,"key":"Odd Mushroom"},{"floor":24,"key":"Red Mask"}],"event_choices":[{"damage_healed":0,"gold_gain":0,"player_choice":"Donut","damage_taken":0,"max_hp_gain":5,"max_hp_loss":0,"event_name":"Big Fish","floor":3,"gold_loss":0},{"damage_healed":0,"gold_gain":0,"player_choice":"Fought Mushrooms","damage_taken":0,"max_hp_gain":0,"max_hp_loss":0,"event_name":"Mushrooms","floor":10,"gold_loss":0},{"damage_healed":0,"gold_gain":0,"player_choice":"Shed Blood","damage_taken":19,"max_hp_gain":5,"max_hp_loss":0,"event_name":"Forgotten Altar","floor":21,"gold_loss":0},{"damage_healed":0,"gold_gain":0,"player_choice":"Fought Bandits","damage_taken":0,"max_hp_gain":0,"max_hp_loss":0,"event_name":"Masked Bandits","floor":24,"gold_loss":0}],"is_beta":false,"boss_relics":[{"not_picked":["Black Star","Cursed Key"],"picked":"Eternal Feather"}],"items_purged_floors":[],"is_endless":false,"potions_floor_spawned":[2,5,13,16,18,19,24],"killed_by":"Cultist and Chosen","ascension_level":0}