{"gold_per_floor":[111,131,145,145,157,187,204,11,65,78,78,94,94,94,94,196,196,212,60,72,82,82,92,92,110,110,110,70,87,87,100,100,200,200,211,611,611,623,623,367,367,367],"floor_reached":42,"playtime":4267,"items_purged":[],"score":427,"play_id":"4921b568-d8ed-4f27-be5f-86e3a0cab109","local_time":"20190905203842","is_ascension_mode":false,"campfire_choices":[{"data":"Chill","floor":13,"key":"SMITH"},{"data":"Blizzard","floor":15,"key":"SMITH"},{"data":"Buffer","floor":24,"key":"SMITH"},{"data":"Amplify","floor":32,"key":"SMITH"}],"neow_cost":"NONE","seed_source_timestamp":3553908724370,"circlet_count":0,"master_deck":["Strike_B","Strike_B","Strike_B","Defend_B","Defend_B","Zap","Dualcast","Beam Cell","Chill+1","Leap","Blizzard","Melter","Bandage Up+1","Heatsinks","Streamline","Cold Snap","Blizzard+1","Buffer+1","Defragment+1","Double Energy+1","Electrodynamics+1","Cold Snap+1","Hologram","Storm","Go for the Eyes","Redo+1","Storm","Lockon","White Noise","Heatsinks","Amplify+1","Capacitor","Hologram","Cold Snap+1","Reboot","Ball Lightning","Double Energy","Auto Shields+1","Madness","Madness","Capacitor","Steam","Rainbow","Chrysalis","Discovery","HandOfGreed"],"relics":["Cracked Core","Meat on the Bone","Tiny Chest","Astrolabe","Kunai","Peace Pipe","Fusion Hammer","Old Coin"],"potions_floor_usage":[6,33,33,33],"damage_taken":[{"damage":1,"enemies":"Jaw Worm","floor":1,"turns":3},{"damage":10,"enemies":"Small Slimes","floor":2,"turns":2},{"damage":2,"enemies":"2 Louse","floor":3,"turns":2},{"damage":0,"enemies":"Lots of Slimes","floor":5,"turns":6},{"damage":9,"enemies":"3 Sentries","floor":6,"turns":11},{"damage":0,"enemies":"3 Louse","floor":7,"turns":3},{"damage":1,"enemies":"Blue Slaver","floor":10,"turns":3},{"damage":11,"enemies":"Exordium Thugs","floor":12,"turns":5},{"damage":34,"enemies":"Slime Boss","floor":16,"turns":12},{"damage":0,"enemies":"Spheric Guardian","floor":18,"turns":2},{"damage":10,"enemies":"2 Thieves","floor":20,"turns":4},{"damage":0,"enemies":"Centurion and Healer","floor":21,"turns":4},{"damage":18,"enemies":"Snecko","floor":23,"turns":6},{"damage":0,"enemies":"Cultist and Chosen","floor":25,"turns":6},{"damage":9,"enemies":"Centurion and Healer","floor":29,"turns":6},{"damage":20,"enemies":"Chosen and Byrds","floor":31,"turns":5},{"damage":58,"enemies":"Collector","floor":33,"turns":8},{"damage":21,"enemies":"3 Darklings","floor":35,"turns":3},{"damage":20,"enemies":"Mind Bloom Boss Battle","floor":36,"turns":5},{"damage":0,"enemies":"3 Shapes","floor":38,"turns":1},{"damage":37,"enemies":"3 Darklings","floor":42,"turns":4}],"seed_played":"-8895020237970941882","potions_obtained":[{"floor":2,"key":"EssenceOfSteel"},{"floor":6,"key":"SpeedPotion"},{"floor":10,"key":"GamblersBrew"},{"floor":12,"key":"LiquidBronze"},{"floor":18,"key":"Block Potion"},{"floor":25,"key":"Regen Potion"},{"floor":38,"key":"Explosive Potion"}],"is_trial":false,"path_per_floor":["M","M","M","?","M","E","M","$","T","M","?","M","R","?","R","B",null,"M","$","M","M","?","M","R","M","T","?","$","M","T","M","R","B",null,"M","?","?","M","?","$","?","M"],"character_chosen":"DEFECT","items_purchased":["Bandage Up","Heatsinks","Streamline","Hologram","Storm","Go for the Eyes","Capacitor","Capacitor","Steam","Rainbow"],"campfire_rested":0,"item_purchase_floors":[8,8,8,19,19,19,28,40,40,40],"current_hp_per_floor":[81,71,69,69,69,60,60,60,60,63,68,61,61,61,61,45,87,87,87,83,87,87,69,69,75,75,75,75,72,72,58,58,33,87,66,52,52,52,41,41,31,0],"gold":367,"neow_bonus":"TEN_PERCENT_HP_BONUS","is_prod":false,"is_daily":false,"chose_seed":false,"campfire_upgraded":4,"win_rate":0.0,"timestamp":1567672722,"path_taken":["M","M","M","?","M","E","M","$","T","M","?","M","R","?","R","BOSS","M","$","?","M","?","M","R","M","T","?","?","?","?","M","R","BOSS","M","?","?","M","?","?","?","M"],"build_version":"2019-07-17","purchased_purges":0,"victory":false,"max_hp_per_floor":[82,82,82,82,82,82,82,82,82,82,87,87,87,87,87,87,87,87,87,87,87,87,87,87,87,87,87,87,87,87,87,87,87,87,87,87,87,87,87,87,87,87],"card_choices":[{"not_picked":["Barrage","Streamline"],"picked":"Beam Cell","floor":1},{"not_picked":["Tempest","Gash"],"picked":"Chill","floor":2},{"not_picked":["Conserve Battery","Beam Cell"],"picked":"Redo","floor":3},{"not_picked":["Barrage","Genetic Algorithm"],"picked":"Leap","floor":5},{"not_picked":["Creative AI","Compile Driver"],"picked":"Blizzard","floor":6},{"not_picked":["Beam Cell","Barrage"],"picked":"Melter","floor":7},{"not_picked":["Go for the Eyes","Redo"],"picked":"Cold Snap","floor":10},{"not_picked":["Go for the Eyes","Leap"],"picked":"Blizzard","floor":12},{"not_picked":["Biased Cognition","Multi-Cast"],"picked":"Buffer","floor":16},{"not_picked":["Darkness","Self Repair+1"],"picked":"Cold Snap+1","floor":18},{"not_picked":["Gash","Streamline"],"picked":"Beam Cell","floor":20},{"not_picked":["Leap","Go for the Eyes"],"picked":"Redo+1","floor":21},{"not_picked":["FTL+1","Melter+1"],"picked":"White Noise","floor":23},{"not_picked":["Darkness+1","Streamline"],"picked":"Heatsinks","floor":25},{"not_picked":["Compile Driver","Gash+1"],"picked":"Hologram","floor":29},{"not_picked":["Ball Lightning","Barrage"],"picked":"Cold Snap+1","floor":31},{"not_picked":["Fission","Biased Cognition"],"picked":"Reboot","floor":33},{"not_picked":["Redo+1","Streamline"],"picked":"Ball Lightning","floor":35},{"not_picked":["Ball Lightning","Compile Driver"],"picked":"Double Energy","floor":36},{"not_picked":["Hologram","Steam Power"],"picked":"Auto Shields+1","floor":38},{"not_picked":["PanicButton","Good Instincts"],"picked":"Chrysalis","floor":41},{"not_picked":["Enlightenment","Mind Blast"],"picked":"Discovery","floor":41},{"not_picked":["Forethought","Purity"],"picked":"HandOfGreed","floor":41}],"player_experience":16301,"relics_obtained":[{"floor":6,"key":"Meat on the Bone"},{"floor":9,"key":"Tiny Chest"},{"floor":26,"key":"Kunai"},{"floor":30,"key":"Peace Pipe"},{"floor":36,"key":"Old Coin"}],"event_choices":[{"damage_healed":0,"gold_gain":0,"player_choice":"Ignored","damage_taken":0,"max_hp_gain":0,"max_hp_loss":0,"event_name":"Golden Wing","floor":4,"gold_loss":0},{"damage_healed":0,"gold_gain":0,"player_choice":"Donut","damage_taken":0,"max_hp_gain":5,"max_hp_loss":0,"event_name":"Big Fish","floor":11,"gold_loss":0},{"damage_healed":0,"gold_gain":0,"player_choice":"Upgraded","damage_taken":0,"max_hp_gain":0,"max_hp_loss":0,"event_name":"Upgrade Shrine","floor":14,"gold_loss":0,"cards_upgraded":["Bandage Up"]},{"damage_healed":0,"gold_gain":0,"cards_transformed":["Beam Cell","Redo"],"player_choice":"Became Test Subject","damage_taken":0,"max_hp_gain":0,"max_hp_loss":0,"event_name":"Drug Dealer","floor":22,"gold_loss":0,"cards_obtained":["Storm","Lockon"]},{"damage_healed":0,"gold_gain":0,"player_choice":"Read","damage_taken":0,"max_hp_gain":0,"max_hp_loss":0,"event_name":"The Library","floor":27,"gold_loss":0,"cards_obtained":["Amplify"]},{"damage_healed":0,"gold_gain":0,"player_choice":"Fight","damage_taken":0,"max_hp_gain":0,"max_hp_loss":0,"event_name":"MindBloom","floor":36,"gold_loss":0},{"damage_healed":0,"gold_gain":0,"player_choice":"Ignored","damage_taken":0,"max_hp_gain":0,"max_hp_loss":0,"event_name":"Tomb of Lord Red Mask","floor":37,"gold_loss":0},{"damage_healed":0,"gold_gain":0,"player_choice":"Embrace Madness","damage_taken":11,"max_hp_gain":0,"max_hp_loss":0,"event_name":"Winding Halls","floor":39,"gold_loss":0,"cards_obtained":["Madness","Madness"]},{"damage_healed":0,"gold_gain":0,"player_choice":"Memory 3","damage_taken":10,"max_hp_gain":0,"max_hp_loss":0,"event_name":"SensoryStone","floor":41,"gold_loss":0}],"is_beta":false,"boss_relics":[{"not_picked":["Calling Bell","Coffee Dripper"],"picked":"Astrolabe"},{"not_picked":["Black Star","Orrery"],"picked":"Fusion Hammer"}],"items_purged_floors":[],"is_endless":false,"potions_floor_spawned":[2,6,10,12,16,18,23,25,29,38],"killed_by":"3 Darklings","ascension_level":0}