{"gold_per_floor":[113,113,93,111,131,131,161,161,185,185,220,220,239,255,255,351,351,367,382,382,60,70,70,86,119,119,119,144,159,170,202,202,302,302,318,334,385,385,396,421,421,447,497,497,98,108,34,34,34,34,34,34,34,69,69],"floor_reached":56,"playtime":4547,"items_purged":["Strike_G","Storm of Steel"],"score":1275,"play_id":"40ef95e4-8c5d-41e2-a021-241bb1be121d","local_time":"20190916233721","is_ascension_mode":false,"campfire_choices":[{"floor":6,"key":"RECALL"},{"floor":10,"key":"REST"},{"data":"Noxious Fumes","floor":12,"key":"SMITH"},{"data":"Crippling Poison","floor":15,"key":"SMITH"},{"data":"Catalyst","floor":23,"key":"SMITH"},{"data":"Noxious Fumes","floor":27,"key":"SMITH"},{"floor":32,"key":"REST"},{"data":"Catalyst","floor":41,"key":"SMITH"},{"data":"After Image","floor":44,"key":"SMITH"},{"data":"Bullet Time","floor":49,"key":"SMITH"},{"data":"Distraction","floor":52,"key":"SMITH"}],"neow_cost":"NONE","seed_source_timestamp":14068788096478,"circlet_count":0,"master_deck":["Survivor","Neutralize","Noxious Fumes+1","Backstab","Bullet Time+1","Crippling Poison+1","Prepared","Outmaneuver","Corpse Explosion","Outmaneuver+1","Backflip","Dodge and Roll","Distraction+1","Catalyst+1","Expertise","Crippling Poison+1","Noxious Fumes","Noxious Fumes+1","Leg Sweep","Acrobatics+1","After Image+1","Night Terror","Doppelganger","Dagger Spray","Quick Slash","Dodge and Roll","Dodge and Roll","Backstab+1","Catalyst+1","Secret Technique","Poisoned Stab+1","Well Laid Plans","Backflip"],"relics":["Ring of the Snake","NeowsBlessing","Eternal Feather","Regal Pillow","Orichalcum","SlaversCollar","ClockworkSouvenir","Snake Skull","Ice Cream","Bottled Lightning","CaptainsWheel","Pandora\u0027s Box","Du-Vu Doll","Juzu Bracelet","Sundial","MealTicket","Lantern","TwistedFunnel","White Beast Statue"],"potions_floor_usage":[11,11,16,28,30,31,31,37,37,37,40],"damage_taken":[{"damage":0,"enemies":"Cultist","floor":1,"turns":1},{"damage":0,"enemies":"Jaw Worm","floor":4,"turns":1},{"damage":0,"enemies":"Small Slimes","floor":5,"turns":1},{"damage":35,"enemies":"Gremlin Nob","floor":7,"turns":6},{"damage":2,"enemies":"Lagavulin","floor":11,"turns":6},{"damage":2,"enemies":"Looter","floor":13,"turns":3},{"damage":0,"enemies":"3 Louse","floor":14,"turns":3},{"damage":27,"enemies":"The Guardian","floor":16,"turns":10},{"damage":10,"enemies":"Shell Parasite","floor":18,"turns":5},{"damage":8,"enemies":"3 Byrds","floor":19,"turns":4},{"damage":6,"enemies":"Sentry and Sphere","floor":22,"turns":7},{"damage":9,"enemies":"Snake Plant","floor":24,"turns":4},{"damage":28,"enemies":"Gremlin Leader","floor":25,"turns":5},{"damage":7,"enemies":"Book of Stabbing","floor":28,"turns":4},{"damage":3,"enemies":"Shelled Parasite and Fungi","floor":29,"turns":3},{"damage":0,"enemies":"Centurion and Healer","floor":30,"turns":4},{"damage":19,"enemies":"Gremlin Leader","floor":31,"turns":4},{"damage":0,"enemies":"Champ","floor":33,"turns":7},{"damage":17,"enemies":"3 Darklings","floor":35,"turns":4},{"damage":9,"enemies":"3 Shapes","floor":36,"turns":3},{"damage":1,"enemies":"2 Orb Walkers","floor":37,"turns":2},{"damage":0,"enemies":"Sphere and 2 Shapes","floor":39,"turns":3},{"damage":24,"enemies":"Nemesis","floor":40,"turns":7},{"damage":6,"enemies":"Reptomancer","floor":42,"turns":4},{"damage":14,"enemies":"4 Shapes","floor":46,"turns":3},{"damage":15,"enemies":"Donu and Deca","floor":50,"turns":3},{"damage":12,"enemies":"Shield and Spear","floor":54,"turns":3},{"damage":33,"enemies":"The Heart","floor":55,"turns":8}],"seed_played":"5721215976141684754","potions_obtained":[{"floor":1,"key":"FearPotion"},{"floor":3,"key":"SkillPotion"},{"floor":7,"key":"Dexterity Potion"},{"floor":13,"key":"Weak Potion"},{"floor":16,"key":"GamblersBrew"},{"floor":18,"key":"SteroidPotion"},{"floor":29,"key":"AttackPotion"},{"floor":33,"key":"Dexterity Potion"},{"floor":35,"key":"Strength Potion"},{"floor":36,"key":"Swift Potion"},{"floor":39,"key":"PowerPotion"}],"is_trial":false,"path_per_floor":["M","T","?","M","M","R","E","?","T","R","E","R","M","M","R","B",null,"M","M","?","$","M","R","M","E","T","R","E","M","M","E","R","B",null,"M","M","?","?","M","E","R","E","T","R","$","M","$","?","R","B",null,"R","$","E","B",null],"character_chosen":"THE_SILENT","items_purchased":["Catalyst","ClockworkSouvenir","Expertise","Lantern","TwistedFunnel","Well Laid Plans"],"campfire_rested":2,"item_purchase_floors":[21,21,21,45,45,47],"current_hp_per_floor":[70,70,70,70,70,70,35,21,21,66,64,70,68,68,70,43,70,60,52,52,52,46,58,49,21,21,36,29,26,26,7,58,58,70,53,44,43,43,43,19,37,31,31,49,64,50,65,65,70,55,70,70,70,58,25],"gold":69,"neow_bonus":"THREE_ENEMY_KILL","is_prod":false,"is_daily":false,"chose_seed":false,"campfire_upgraded":8,"win_rate":0,"timestamp":1568633841,"path_taken":["M","?","?","?","?","R","E","?","T","R","E","R","M","M","R","BOSS","M","M","?","$","M","R","M","E","T","R","E","M","M","E","R","BOSS","M","M","?","?","M","E","R","E","T","R","?","M","$","?","R","BOSS","R","$","E","BOSS"],"build_version":"2019-09-12","purchased_purges":2,"victory":true,"max_hp_per_floor":[70,70,70,70,70,70,70,70,70,70,70,70,70,70,70,70,70,70,70,70,70,70,70,70,70,70,70,70,70,70,70,70,70,70,70,70,70,70,70,70,70,70,70,70,70,70,70,70,70,70,70,70,70,70,70],"card_choices":[{"not_picked":["Deflect","Acrobatics"],"picked":"Noxious Fumes","floor":1},{"not_picked":["Cloak And Dagger","Underhanded Strike","Blade Dance"],"picked":"SKIP","floor":4},{"not_picked":["Sucker Punch","Poisoned Stab"],"picked":"Backstab","floor":5},{"not_picked":["Glass Knife","Slice"],"picked":"Bullet Time","floor":7},{"not_picked":["A Thousand Cuts","Deadly Poison"],"picked":"Crippling Poison","floor":11},{"not_picked":["Bane","Deflect"],"picked":"Prepared","floor":13},{"not_picked":["Cloak And Dagger","Prepared"],"picked":"Outmaneuver","floor":14},{"not_picked":["Storm of Steel","Tools of the Trade"],"picked":"Corpse Explosion","floor":16},{"not_picked":["Endless Agony","Leg Sweep"],"picked":"Outmaneuver+1","floor":18},{"not_picked":["Choke","Caltrops"],"picked":"Backflip","floor":19},{"not_picked":["Acrobatics+1","Calculated Gamble"],"picked":"Crippling Poison+1","floor":22},{"not_picked":["Dodge and Roll+1","Flechettes"],"picked":"Noxious Fumes","floor":24},{"not_picked":["Caltrops","Outmaneuver+1"],"picked":"Noxious Fumes","floor":25},{"not_picked":["Deflect","Dagger Spray","Bane"],"picked":"SKIP","floor":28},{"not_picked":["Riddle With Holes","Dagger Throw"],"picked":"Leg Sweep","floor":29},{"not_picked":["Noxious Fumes","Cloak And Dagger"],"picked":"Acrobatics+1","floor":30},{"not_picked":["Slice+1","Backstab"],"picked":"After Image","floor":31},{"not_picked":["Phantasmal Killer","Glass Knife"],"picked":"Night Terror","floor":33},{"not_picked":["Cloak And Dagger+1","Quick Slash"],"picked":"Backstab+1","floor":35},{"not_picked":["Acrobatics+1","Flying Knee","Blade Dance"],"picked":"SKIP","floor":36},{"not_picked":["Dagger Throw","Underhanded Strike+1"],"picked":"Catalyst","floor":37},{"not_picked":["Mind Blast","Deep Breath"],"picked":"Secret Technique","floor":38},{"not_picked":["Deflect","Sucker Punch+1","Dodge and Roll"],"picked":"SKIP","floor":39},{"not_picked":["Acrobatics","Terror","Dagger Throw"],"picked":"SKIP","floor":40},{"not_picked":["Dodge and Roll+1","Prepared+1"],"picked":"Poisoned Stab+1","floor":42},{"not_picked":["Dagger Throw+1","Underhanded Strike+1","Choke+1"],"picked":"SKIP","floor":46},{"not_picked":["Expertise+1","Dagger Spray+1"],"picked":"Backflip","floor":54}],"player_experience":61228,"relics_obtained":[{"floor":7,"key":"Eternal Feather"},{"floor":9,"key":"Regal Pillow"},{"floor":11,"key":"Orichalcum"},{"floor":25,"key":"Snake Skull"},{"floor":26,"key":"Ice Cream"},{"floor":28,"key":"Bottled Lightning"},{"floor":31,"key":"CaptainsWheel"},{"floor":37,"key":"Du-Vu Doll"},{"floor":40,"key":"Juzu Bracelet"},{"floor":42,"key":"Sundial"},{"floor":43,"key":"MealTicket"},{"floor":54,"key":"White Beast Statue"}],"event_choices":[{"damage_healed":0,"gold_gain":0,"player_choice":"Bought 1 Potion","damage_taken":0,"max_hp_gain":0,"max_hp_loss":0,"event_name":"The Woman in Blue","floor":3,"gold_loss":0},{"damage_healed":0,"gold_gain":0,"player_choice":"Entered Light","damage_taken":14,"max_hp_gain":0,"max_hp_loss":0,"event_name":"Shining Light","floor":8,"gold_loss":0,"cards_upgraded":["Strike_G","Strike_G"]},{"damage_healed":0,"gold_gain":0,"cards_transformed":["Defend_G","Strike_G"],"player_choice":"Became Test Subject","damage_taken":0,"max_hp_gain":0,"max_hp_loss":0,"event_name":"Drug Dealer","floor":20,"gold_loss":0,"cards_obtained":["Dodge and Roll","Distraction"]},{"damage_healed":0,"gold_gain":0,"player_choice":"Fight","damage_taken":0,"max_hp_gain":0,"max_hp_loss":0,"event_name":"Mysterious Sphere","floor":37,"gold_loss":0},{"damage_healed":0,"gold_gain":0,"player_choice":"Memory 1","damage_taken":0,"max_hp_gain":0,"max_hp_loss":0,"event_name":"SensoryStone","floor":38,"gold_loss":0},{"cards_removed":["Storm of Steel"],"damage_healed":0,"gold_gain":0,"player_choice":"Purged","damage_taken":0,"max_hp_gain":0,"max_hp_loss":0,"event_name":"Purifier","floor":48,"gold_loss":0}],"is_beta":true,"boss_relics":[{"not_picked":["Calling Bell","Runic Pyramid"],"picked":"SlaversCollar"},{"not_picked":["Busted Crown","Empty Cage"],"picked":"Pandora\u0027s Box"}],"items_purged_floors":[21,45],"is_endless":false,"potions_floor_spawned":[1,7,13,16,18,25,29,33,35,36,39],"ascension_level":0}