{"gold_per_floor":[114,127,146,321,333,365,365,365,390,390,340,355,384,394,394,394],"floor_reached":16,"playtime":595,"items_purged":[],"score":129,"play_id":"0e3ffab0-f5d4-456e-b691-c21e8539b6d8","local_time":"20191012194556","is_ascension_mode":true,"campfire_choices":[{"data":"Clothesline","floor":7,"key":"SMITH"},{"data":"Disarm","floor":15,"key":"SMITH"}],"neow_cost":"NONE","seed_source_timestamp":23988517338230,"circlet_count":0,"master_deck":["Strike_R","Strike_R","Strike_R","Strike_R","Strike_R","Defend_R","Defend_R","Defend_R","Defend_R","Bash+1","Shrug It Off","Warcry","Twin Strike","Clothesline+1","Dual Wield","Parasite","Corruption","Blood for Blood","Disarm+1"],"relics":["Burning Blood","Red Skull","MealTicket","Regal Pillow","Magic Flower"],"potions_floor_usage":[6,16],"damage_taken":[{"damage":4,"enemies":"Jaw Worm","floor":1,"turns":4},{"damage":11,"enemies":"Small Slimes","floor":2,"turns":4},{"damage":1,"enemies":"2 Louse","floor":3,"turns":3},{"damage":1,"enemies":"Red Slaver","floor":5,"turns":4},{"damage":43,"enemies":"Lagavulin","floor":6,"turns":9},{"damage":13,"enemies":"3 Louse","floor":12,"turns":6},{"damage":32,"enemies":"Gremlin Nob","floor":13,"turns":5},{"damage":0,"enemies":"Looter","floor":14,"turns":3},{"damage":32,"enemies":"The Guardian","floor":16,"turns":9}],"seed_played":"2282141315357688916","potions_obtained":[{"floor":1,"key":"Block Potion"},{"floor":5,"key":"SmokeBomb"},{"floor":14,"key":"DuplicationPotion"}],"is_trial":false,"path_per_floor":["M","M","M","?","M","E","R","?","T","?","?","M","E","M","R","B"],"character_chosen":"IRONCLAD","items_purchased":[],"campfire_rested":0,"item_purchase_floors":[],"current_hp_per_floor":[80,75,80,80,80,43,43,63,63,56,56,49,23,32,32,0],"gold":394,"neow_bonus":"UPGRADE_CARD","is_prod":false,"is_daily":false,"chose_seed":false,"campfire_upgraded":2,"win_rate":0,"timestamp":1570862756,"path_taken":["M","M","M","?","M","E","R","?","T","?","?","M","E","M","R","BOSS"],"build_version":"2019-10-11","purchased_purges":0,"victory":false,"max_hp_per_floor":[80,80,80,80,80,80,80,80,80,80,80,80,80,80,80,80],"card_choices":[{"not_picked":["Dual Wield","Body Slam"],"picked":"Shrug It Off","floor":1},{"not_picked":["Cleave","Twin Strike"],"picked":"Warcry","floor":2},{"not_picked":["Perfected Strike","Warcry"],"picked":"Twin Strike","floor":3},{"not_picked":["Blood for Blood","Body Slam"],"picked":"Clothesline","floor":5},{"not_picked":["Uppercut","Fiend Fire"],"picked":"Dual Wield","floor":6},{"not_picked":["True Grit","Iron Wave"],"picked":"Corruption","floor":12},{"not_picked":["Bludgeon","Warcry"],"picked":"Blood for Blood","floor":13},{"not_picked":["Iron Wave","Whirlwind"],"picked":"Disarm","floor":14}],"player_experience":187968,"relics_obtained":[{"floor":6,"key":"Red Skull"},{"floor":9,"key":"MealTicket"},{"floor":13,"key":"Magic Flower"}],"event_choices":[{"damage_healed":0,"gold_gain":175,"player_choice":"AGREE","damage_taken":0,"max_hp_gain":0,"max_hp_loss":0,"event_name":"Liars Game","floor":4,"gold_loss":0,"cards_obtained":["Doubt"]},{"damage_healed":20,"gold_gain":0,"player_choice":"Healed and dodged fight","damage_taken":0,"max_hp_gain":0,"max_hp_loss":0,"event_name":"Mushrooms","floor":8,"gold_loss":0,"cards_obtained":["Parasite"]},{"damage_healed":0,"gold_gain":0,"player_choice":"Success","damage_taken":7,"relics_obtained":["Regal Pillow"],"max_hp_gain":0,"max_hp_loss":0,"event_name":"Scrap Ooze","floor":10,"gold_loss":0},{"cards_removed":["Doubt"],"damage_healed":0,"gold_gain":0,"player_choice":"Card Removal","damage_taken":0,"max_hp_gain":0,"max_hp_loss":0,"event_name":"The Cleric","floor":11,"gold_loss":50}],"is_beta":true,"boss_relics":[],"items_purged_floors":[],"is_endless":false,"potions_floor_spawned":[1,5,14],"killed_by":"The Guardian","ascension_level":3}