{"gold_per_floor":[112,187,201,218,218,218,229,241,241,257,257,276,19,92,92,217,217,235,256,181,196,214,214],"floor_reached":23,"playtime":2107,"items_purged":[],"score":187,"play_id":"078261ea-ea4d-40cb-ab84-a24b1368e9fd","local_time":"20190906215814","is_ascension_mode":false,"campfire_choices":[{"data":"Neutralize","floor":6,"key":"SMITH"},{"floor":15,"key":"REST"}],"neow_cost":"NONE","seed_source_timestamp":9358567883010,"circlet_count":0,"master_deck":["Strike_G","Strike_G","Strike_G","Strike_G","Defend_G","Defend_G","Defend_G","Defend_G","Defend_G","Survivor","Neutralize+1","PiercingWail","Heel Hook","Backstab","Dagger Throw","Blade Dance","Crippling Poison","Well Laid Plans","Deadly Poison","Metamorphosis","Infinite Blades","Noxious Fumes","After Image","Prepared+1","Reflex","Caltrops","PiercingWail+1"],"relics":["Ring of the Snake","Bag of Marbles","Smiling Mask","Golden Idol","Mercury Hourglass","White Beast Statue"],"potions_floor_usage":[14,14,14,19,21,23,23],"damage_taken":[{"damage":0,"enemies":"Small Slimes","floor":1,"turns":5},{"damage":2,"enemies":"Jaw Worm","floor":3,"turns":6},{"damage":0,"enemies":"2 Louse","floor":4,"turns":3},{"damage":0,"enemies":"Exordium Wildlife","floor":7,"turns":5},{"damage":0,"enemies":"Blue Slaver","floor":8,"turns":1},{"damage":14,"enemies":"Large Slime","floor":10,"turns":8},{"damage":3,"enemies":"Lots of Slimes","floor":12,"turns":3},{"damage":3,"enemies":"Lagavulin Event","floor":14,"turns":5},{"damage":19,"enemies":"Slime Boss","floor":16,"turns":6},{"damage":9,"enemies":"3 Byrds","floor":18,"turns":4},{"damage":23,"enemies":"2 Thieves","floor":19,"turns":4},{"damage":15,"enemies":"Shelled Parasite and Fungi","floor":21,"turns":5},{"damage":12,"enemies":"Snecko","floor":22,"turns":5},{"damage":15,"enemies":"Masked Bandits","floor":23,"turns":3}],"seed_played":"-6383599589901455198","potions_obtained":[{"floor":1,"key":"Strength Potion"},{"floor":3,"key":"Dexterity Potion"},{"floor":8,"key":"SteroidPotion"},{"floor":14,"key":"SteroidPotion"},{"floor":18,"key":"Energy Potion"},{"floor":19,"key":"SpeedPotion"},{"floor":21,"key":"LiquidBronze"},{"floor":22,"key":"Swift Potion"}],"is_trial":false,"path_per_floor":["M","?","M","M","?","R","M","M","T","M","?","M","$","?","R","B",null,"M","M","?","M","M","?"],"character_chosen":"THE_SILENT","items_purchased":["Metamorphosis","Infinite Blades"],"campfire_rested":1,"item_purchase_floors":[13,13],"current_hp_per_floor":[70,59,57,57,54,54,54,54,54,40,23,20,20,17,38,19,70,61,38,38,23,11,0],"gold":214,"neow_bonus":"THREE_CARDS","is_prod":false,"is_daily":false,"chose_seed":false,"campfire_upgraded":1,"win_rate":0.0,"timestamp":1567763894,"path_taken":["M","?","M","M","?","R","M","M","T","M","?","M","$","?","R","BOSS","M","M","?","M","M","?"],"build_version":"2019-07-17","purchased_purges":0,"victory":false,"max_hp_per_floor":[70,70,70,70,70,70,70,70,70,70,70,70,70,70,70,70,70,70,70,70,70,70,70],"card_choices":[{"not_picked":["Escape Plan","Skewer"],"picked":"PiercingWail","floor":0},{"not_picked":["Dodge and Roll","Eviscerate"],"picked":"Heel Hook","floor":1},{"not_picked":["Dodge and Roll","Dagger Spray"],"picked":"Backstab","floor":3},{"not_picked":["Outmaneuver","Slice"],"picked":"Dagger Throw","floor":4},{"not_picked":["Dagger Spray","Bane"],"picked":"Blade Dance","floor":7},{"not_picked":["Blade Dance","Escape Plan"],"picked":"Crippling Poison","floor":8},{"not_picked":["Reflex","Underhanded Strike"],"picked":"Well Laid Plans","floor":10},{"not_picked":["Slice","Dagger Spray"],"picked":"Deadly Poison","floor":12},{"not_picked":["Finisher","Dagger Spray"],"picked":"Noxious Fumes","floor":14},{"not_picked":["Die Die Die","Envenom"],"picked":"After Image","floor":16},{"not_picked":["Bane+1","Blade Dance+1"],"picked":"Prepared+1","floor":18},{"not_picked":["Riddle With Holes+1","Escape Plan"],"picked":"Reflex","floor":19},{"not_picked":["Backstab","Acrobatics"],"picked":"Caltrops","floor":21},{"not_picked":["Prepared","Crippling Poison"],"picked":"PiercingWail+1","floor":22}],"player_experience":26723,"relics_obtained":[{"floor":9,"key":"Smiling Mask"},{"floor":14,"key":"Mercury Hourglass"}],"event_choices":[{"damage_healed":0,"gold_gain":75,"player_choice":"Gather Gold","damage_taken":11,"max_hp_gain":0,"max_hp_loss":0,"event_name":"World of Goop","floor":2,"gold_loss":0},{"damage_healed":0,"gold_gain":0,"player_choice":"Success","damage_taken":3,"relics_obtained":["Bag of Marbles"],"max_hp_gain":0,"max_hp_loss":0,"event_name":"Scrap Ooze","floor":5,"gold_loss":0},{"damage_healed":0,"gold_gain":0,"player_choice":"Take Damage","damage_taken":17,"relics_obtained":["Golden Idol"],"max_hp_gain":0,"max_hp_loss":0,"event_name":"Golden Idol","floor":11,"gold_loss":0},{"damage_healed":0,"gold_gain":0,"player_choice":"Searched \u00271\u0027 times","damage_taken":0,"max_hp_gain":0,"max_hp_loss":0,"event_name":"Dead Adventurer","floor":14,"gold_loss":0},{"cards_removed":["Strike_G"],"damage_healed":0,"gold_gain":0,"player_choice":"Gave Gold","damage_taken":0,"max_hp_gain":0,"max_hp_loss":0,"event_name":"Beggar","floor":20,"gold_loss":75},{"damage_healed":0,"gold_gain":0,"player_choice":"Fought Bandits","damage_taken":0,"max_hp_gain":0,"max_hp_loss":0,"event_name":"Masked Bandits","floor":23,"gold_loss":0}],"is_beta":false,"boss_relics":[{"not_picked":["Velvet Choker","Ectoplasm"],"picked":"White Beast Statue"}],"items_purged_floors":[],"is_endless":false,"potions_floor_spawned":[1,3,8,10,14,18,19,21,22],"killed_by":"Masked Bandits","ascension_level":0}