{"gold_per_floor":[116,116,127,77,77,77,112,132,187,187,206,223,223,253,253,350,350,367,384,384,384,404,404],"floor_reached":23,"playtime":1369,"items_purged":[],"score":201,"play_id":"d45a4b0a-9764-4ada-8780-3a2ee9bfcad8","local_time":"20190925234720","is_ascension_mode":false,"campfire_choices":[{"data":"True Grit","floor":6,"key":"SMITH"},{"data":"Disarm","floor":10,"key":"SMITH"},{"data":"Armaments","floor":13,"key":"SMITH"},{"floor":15,"key":"REST"}],"neow_cost":"NONE","seed_source_timestamp":42990356834752,"circlet_count":0,"master_deck":["Strike_R","Strike_R","Defend_R","Defend_R","Defend_R","Defend_R","Good Instincts","True Grit+1","Disarm+1","Ghostly Armor","Armaments+1","Rage","Juggernaut","Entrench+1","Shockwave","Havoc"],"relics":["Burning Blood","Regal Pillow","CultistMask","Gambling Chip","Nunchaku","Empty Cage"],"potions_floor_usage":[11,14,16,23,23,23],"damage_taken":[{"damage":1,"enemies":"Cultist","floor":1,"turns":4},{"damage":7,"enemies":"2 Louse","floor":3,"turns":4},{"damage":47,"enemies":"Lagavulin","floor":7,"turns":8},{"damage":0,"enemies":"Small Slimes","floor":8,"turns":4},{"damage":23,"enemies":"Gremlin Gang","floor":11,"turns":8},{"damage":7,"enemies":"Lots of Slimes","floor":12,"turns":7},{"damage":21,"enemies":"Gremlin Nob","floor":14,"turns":4},{"damage":20,"enemies":"The Guardian","floor":16,"turns":22},{"damage":0,"enemies":"Shell Parasite","floor":18,"turns":9},{"damage":32,"enemies":"Chosen","floor":19,"turns":7},{"damage":4,"enemies":"Snake Plant","floor":22,"turns":6},{"damage":60,"enemies":"Gremlin Leader","floor":23,"turns":7}],"seed_played":"2814121632260755854","potions_obtained":[{"floor":1,"key":"GamblersBrew"},{"floor":8,"key":"Ancient Potion"},{"floor":11,"key":"AttackPotion"},{"floor":14,"key":"Swift Potion"},{"floor":19,"key":"LiquidBronze"},{"floor":22,"key":"AttackPotion"}],"is_trial":false,"path_per_floor":["M","?","M","?","?","R","E","M","T","R","M","M","R","E","R","B",null,"M","M","$","?","M","E"],"character_chosen":"IRONCLAD","items_purchased":[],"campfire_rested":1,"item_purchase_floors":[],"current_hp_per_floor":[80,80,79,79,79,79,38,44,44,44,27,26,26,11,50,36,80,80,54,54,54,56,0],"gold":404,"neow_bonus":"RANDOM_COLORLESS","is_prod":false,"is_daily":false,"chose_seed":false,"campfire_upgraded":3,"win_rate":0,"timestamp":1569412040,"path_taken":["M","?","M","?","?","R","E","?","T","R","M","M","R","E","R","BOSS","M","?","?","?","M","E"],"build_version":"2019-09-24","purchased_purges":0,"victory":false,"max_hp_per_floor":[80,80,80,80,80,80,80,80,80,80,80,80,80,80,80,80,80,80,80,80,80,80,80],"card_choices":[{"not_picked":["Panacea","Panacea"],"picked":"Good Instincts","floor":0},{"not_picked":["Combust","Sentinel","Wild Strike"],"picked":"SKIP","floor":1},{"not_picked":["Rage","Cleave"],"picked":"True Grit","floor":3},{"not_picked":["Rage","Reckless Charge"],"picked":"Disarm","floor":7},{"not_picked":["Sword Boomerang","Warcry","Burning Pact"],"picked":"SKIP","floor":8},{"not_picked":["Havoc","Pommel Strike"],"picked":"Ghostly Armor","floor":11},{"not_picked":["Body Slam","Seeing Red"],"picked":"Armaments","floor":12},{"not_picked":["Searing Blow","Spot Weakness"],"picked":"Rage","floor":14},{"not_picked":["Immolate","Reaper"],"picked":"Juggernaut","floor":16},{"not_picked":["Heavy Blade","Sword Boomerang","Perfected Strike"],"picked":"SKIP","floor":18},{"not_picked":["Dropkick","Rupture"],"picked":"Entrench+1","floor":19},{"not_picked":["Headbutt","Combust","Reckless Charge"],"picked":"SKIP","floor":22}],"player_experience":105376,"relics_obtained":[{"floor":7,"key":"Gambling Chip"},{"floor":14,"key":"Nunchaku"}],"event_choices":[{"damage_healed":0,"gold_gain":0,"player_choice":"Box","damage_taken":0,"relics_obtained":["Regal Pillow"],"max_hp_gain":0,"max_hp_loss":0,"event_name":"Big Fish","floor":2,"gold_loss":0,"cards_obtained":["Regret"]},{"cards_removed":["Regret"],"damage_healed":0,"gold_gain":0,"player_choice":"Card Removal","damage_taken":0,"max_hp_gain":0,"max_hp_loss":0,"event_name":"The Cleric","floor":4,"gold_loss":50},{"damage_healed":0,"gold_gain":0,"player_choice":"Trade","damage_taken":0,"relics_obtained":["CultistMask"],"max_hp_gain":0,"max_hp_loss":0,"event_name":"FaceTrader","floor":5,"gold_loss":0},{"damage_healed":0,"gold_gain":0,"cards_transformed":["Strike_R","Strike_R"],"player_choice":"Became Test Subject","damage_taken":0,"max_hp_gain":0,"max_hp_loss":0,"event_name":"Drug Dealer","floor":21,"gold_loss":0,"cards_obtained":["Shockwave","Havoc"]}],"is_beta":true,"boss_relics":[{"not_picked":["Fusion Hammer","Busted Crown"],"picked":"Empty Cage"}],"items_purged_floors":[],"is_endless":false,"potions_floor_spawned":[1,8,11,14,19,22],"killed_by":"Gremlin Leader","ascension_level":0}