{"gold_per_floor":[119,119,134,134,146,187,199,245,257,303,390,412,443,483,495,603,615,638,650,662,700,726,738,768,844,881,893,905,16,51,70,70,165,165,183,183,183],"floor_reached":37,"playtime":2704,"items_purged":["Writhe"],"score":604,"play_id":"38703f6d-39de-4511-ba64-a46b04d3492f","local_time":"20191007155246","is_ascension_mode":true,"campfire_choices":[{"data":"Footwork","floor":7,"key":"SMITH"},{"floor":15,"key":"REST"},{"data":"Wraith Form v2","floor":23,"key":"SMITH"},{"floor":27,"key":"REST"},{"data":"Setup","floor":32,"key":"SMITH"}],"neow_cost":"NONE","seed_source_timestamp":1878356760104,"circlet_count":0,"master_deck":["Strike_G","Strike_G","Strike_G","Strike_G","Defend_G","Defend_G","Defend_G","Defend_G","Defend_G","Survivor","Neutralize","Masterful Stab","Footwork+1","Riddle With Holes","Wraith Form v2","Tactician","Dodge and Roll","Setup+1","Blade Dance","Wraith Form v2+1","Terror","PiercingWail","PiercingWail+1","Footwork+1","Escape Plan","Panache","Well Laid Plans","Footwork","Outmaneuver","Wraith Form v2","Reflex+1"],"relics":["Ring of the Snake","PreservedInsect","StoneCalendar","MawBank","Oddly Smooth Stone","Question Card","Thread and Needle","Pantograph","Blood Vial","Empty Cage","Nilry\u0027s Codex","Art of War","Red Mask","Tiny Chest","Smiling Mask","Mummified Hand","Potion Belt","Bird Faced Urn","Cauldron","Bag of Preparation","HoveringKite"],"potions_floor_usage":[8,10,12,14,25,25,30,30,30,30,31,37,37],"damage_taken":[{"damage":5,"enemies":"Small Slimes","floor":1,"turns":5},{"damage":0,"enemies":"2 Louse","floor":3,"turns":2},{"damage":11,"enemies":"Lagavulin","floor":6,"turns":6},{"damage":0,"enemies":"Gremlin Nob","floor":8,"turns":2},{"damage":5,"enemies":"3 Sentries","floor":10,"turns":7},{"damage":0,"enemies":"Jaw Worm","floor":12,"turns":1},{"damage":4,"enemies":"Gremlin Gang","floor":13,"turns":7},{"damage":7,"enemies":"Gremlin Nob","floor":14,"turns":5},{"damage":21,"enemies":"Slime Boss","floor":16,"turns":9},{"damage":10,"enemies":"Spheric Guardian","floor":18,"turns":7},{"damage":15,"enemies":"Masked Bandits","floor":21,"turns":7},{"damage":0,"enemies":"Chosen","floor":22,"turns":6},{"damage":8,"enemies":"Sentry and Sphere","floor":24,"turns":8},{"damage":13,"enemies":"Book of Stabbing","floor":25,"turns":8},{"damage":2,"enemies":"Slavers","floor":30,"turns":5},{"damage":23,"enemies":"Shelled Parasite and Fungi","floor":31,"turns":9},{"damage":49,"enemies":"Collector","floor":33,"turns":14},{"damage":0,"enemies":"Orb Walker","floor":35,"turns":4},{"damage":78,"enemies":"Donu and Deca","floor":37,"turns":14}],"seed_played":"1611214688229317","potions_obtained":[{"floor":1,"key":"Fire Potion"},{"floor":3,"key":"Ancient Potion"},{"floor":8,"key":"Fire Potion"},{"floor":14,"key":"Fruit Juice"},{"floor":18,"key":"Strength Potion"},{"floor":21,"key":"SkillPotion"},{"floor":29,"key":"GamblersBrew"},{"floor":29,"key":"Dexterity Potion"},{"floor":29,"key":"Explosive Potion"},{"floor":29,"key":"EssenceOfSteel"},{"floor":29,"key":"SteroidPotion"},{"floor":31,"key":"CunningPotion"},{"floor":35,"key":"DuplicationPotion"}],"is_trial":false,"path_per_floor":["M","?","M","?","$","E","R","E","T","E","?","M","M","E","R","B",null,"M","?","?","?","M","R","M","E","T","R","T","$","E","M","R","B",null,"M","?","B"],"character_chosen":"THE_SILENT","items_purchased":["Potion Belt","Panache","Bird Faced Urn","Cauldron","Well Laid Plans"],"campfire_rested":2,"item_purchase_floors":[29,29,29,29,29],"current_hp_per_floor":[65,53,53,53,53,42,42,42,42,37,26,26,22,20,42,48,68,60,44,44,31,33,33,27,16,16,38,38,38,52,43,43,39,66,75,75,0],"gold":183,"neow_bonus":"RANDOM_COMMON_RELIC","is_prod":false,"is_daily":false,"chose_seed":false,"campfire_upgraded":3,"win_rate":0,"timestamp":1570416766,"path_taken":["M","?","M","?","$","E","R","E","T","E","?","M","M","E","R","BOSS","M","?","?","?","?","R","?","E","T","R","?","$","E","M","R","BOSS","M","?","BOSS"],"build_version":"2019-10-04","purchased_purges":1,"victory":false,"max_hp_per_floor":[70,70,70,70,70,70,70,70,70,70,70,70,70,75,75,75,75,75,75,75,75,75,75,75,75,75,75,75,75,75,75,75,75,75,75,75,75],"card_choices":[{"not_picked":["Backflip","Deadly Poison"],"picked":"Masterful Stab","floor":1},{"not_picked":["Deflect","Slice"],"picked":"Footwork","floor":3},{"not_picked":["Slice","Masterful Stab"],"picked":"Riddle With Holes","floor":6},{"not_picked":["Caltrops","Underhanded Strike"],"picked":"Wraith Form v2","floor":8},{"not_picked":["Slice","Underhanded Strike","Cloak And Dagger"],"picked":"Tactician","floor":10},{"not_picked":["Accuracy","Quick Slash","Slice"],"picked":"Dodge and Roll","floor":12},{"not_picked":["Dagger Throw","Quick Slash","Finisher"],"picked":"Setup","floor":13},{"not_picked":["Finisher","Dagger Spray","Quick Slash"],"picked":"Blade Dance","floor":14},{"not_picked":["Night Terror","Unload","Grand Finale"],"picked":"Wraith Form v2","floor":16},{"not_picked":["Riddle With Holes","Concentrate","Dagger Spray"],"picked":"Terror","floor":18},{"not_picked":["Crippling Poison","Concentrate","Tactician"],"picked":"PiercingWail","floor":21},{"not_picked":["Deadly Poison","Masterful Stab+1","Bane"],"picked":"PiercingWail+1","floor":22},{"not_picked":["Finisher","Flying Knee+1","Bane"],"picked":"Footwork+1","floor":24},{"not_picked":["Terror","Riddle With Holes","Acrobatics"],"picked":"Escape Plan","floor":25},{"not_picked":["Dodge and Roll","Sucker Punch+1","Flying Knee+1"],"picked":"Footwork","floor":30},{"not_picked":["Dagger Spray+1","Dagger Throw","Poisoned Stab"],"picked":"Outmaneuver","floor":31},{"not_picked":["Storm of Steel","Grand Finale","Die Die Die"],"picked":"Wraith Form v2","floor":33},{"not_picked":["Accuracy+1","Flying Knee+1","Dash"],"picked":"Reflex+1","floor":35}],"player_experience":163650,"relics_obtained":[{"floor":6,"key":"Oddly Smooth Stone"},{"floor":8,"key":"Question Card"},{"floor":9,"key":"Thread and Needle"},{"floor":10,"key":"Pantograph"},{"floor":14,"key":"Blood Vial"},{"floor":19,"key":"Nilry\u0027s Codex"},{"floor":21,"key":"Red Mask"},{"floor":25,"key":"Tiny Chest"},{"floor":26,"key":"Smiling Mask"},{"floor":28,"key":"Mummified Hand"},{"floor":30,"key":"Bag of Preparation"}],"event_choices":[{"damage_healed":0,"gold_gain":0,"player_choice":"Success","damage_taken":12,"relics_obtained":["StoneCalendar"],"max_hp_gain":0,"max_hp_loss":0,"event_name":"Scrap Ooze","floor":2,"gold_loss":0},{"damage_healed":0,"gold_gain":0,"player_choice":"Box","damage_taken":0,"relics_obtained":["MawBank"],"max_hp_gain":0,"max_hp_loss":0,"event_name":"Big Fish","floor":4,"gold_loss":0,"cards_obtained":["Regret"]},{"damage_healed":0,"gold_gain":75,"player_choice":"Gather Gold","damage_taken":11,"max_hp_gain":0,"max_hp_loss":0,"event_name":"World of Goop","floor":11,"gold_loss":0},{"damage_healed":0,"gold_gain":0,"player_choice":"Obtained Book","damage_taken":16,"max_hp_gain":0,"max_hp_loss":0,"event_name":"Cursed Tome","floor":19,"gold_loss":0},{"damage_healed":0,"gold_gain":0,"player_choice":"Opened","damage_taken":0,"relics_obtained":["Art of War"],"max_hp_gain":0,"max_hp_loss":0,"event_name":"The Mausoleum","floor":20,"gold_loss":0,"cards_obtained":["Writhe"]},{"damage_healed":0,"gold_gain":0,"player_choice":"Fought Bandits","damage_taken":0,"max_hp_gain":0,"max_hp_loss":0,"event_name":"Masked Bandits","floor":21,"gold_loss":0},{"damage_healed":0,"gold_gain":0,"player_choice":"Took Portal","damage_taken":0,"max_hp_gain":0,"max_hp_loss":0,"event_name":"SecretPortal","floor":36,"gold_loss":0}],"is_beta":true,"boss_relics":[{"not_picked":["Coffee Dripper","SlaversCollar"],"picked":"Empty Cage"},{"not_picked":["Runic Dome","Sozu"],"picked":"HoveringKite"}],"items_purged_floors":[29],"is_endless":false,"potions_floor_spawned":[1,3,8,14,18,21,31,35],"killed_by":"Donu and Deca","ascension_level":5}