{"gold_per_floor":[119,2,12,24,39,39,49,49,104,129,129,129,13,45,45,45],"floor_reached":16,"playtime":1334,"items_purged":[],"score":110,"play_id":"6830eb20-bb3c-4517-b254-3b3f143e33b4","local_time":"20190923181258","is_ascension_mode":false,"campfire_choices":[{"data":"Armaments","floor":8,"key":"SMITH"},{"data":"Metallicize","floor":12,"key":"SMITH"},{"data":"Dual Wield","floor":15,"key":"SMITH"}],"neow_cost":"NONE","seed_source_timestamp":18583070483922,"circlet_count":0,"master_deck":["Strike_R","Strike_R","Strike_R","Strike_R","Strike_R","Defend_R","Defend_R","Defend_R","Defend_R","Bash","Ghostly Armor","Metallicize+1","Armaments+1","Good Instincts","Dual Wield+1","Shrug It Off"],"relics":["Burning Blood","NeowsBlessing","Bronze Scales","HornCleat","Omamori"],"potions_floor_usage":[10,14],"damage_taken":[{"damage":0,"enemies":"Cultist","floor":1,"turns":1},{"damage":0,"enemies":"Small Slimes","floor":3,"turns":1},{"damage":0,"enemies":"Jaw Worm","floor":4,"turns":1},{"damage":13,"enemies":"Large Slime","floor":5,"turns":7},{"damage":6,"enemies":"3 Louse","floor":7,"turns":7},{"damage":30,"enemies":"3 Sentries","floor":10,"turns":17},{"damage":15,"enemies":"Lagavulin","floor":14,"turns":10},{"damage":68,"enemies":"Slime Boss","floor":16,"turns":21}],"seed_played":"6970695539864752920","potions_obtained":[{"floor":5,"key":"SteroidPotion"},{"floor":7,"key":"DuplicationPotion"},{"floor":10,"key":"Regen Potion"},{"floor":14,"key":"SpeedPotion"}],"is_trial":false,"path_per_floor":["M","$","M","M","M","$","M","R","T","E","?","R","$","E","R","B"],"character_chosen":"IRONCLAD","items_purchased":["Ghostly Armor","Regen Potion","Good Instincts","Dual Wield"],"campfire_rested":0,"item_purchase_floors":[2,2,13,13],"current_hp_per_floor":[80,80,80,80,73,73,73,73,73,49,75,75,75,66,66,0],"gold":45,"neow_bonus":"THREE_ENEMY_KILL","is_prod":false,"is_daily":false,"chose_seed":false,"campfire_upgraded":3,"win_rate":0,"timestamp":1569219178,"path_taken":["M","?","M","?","M","$","M","R","T","E","?","R","?","E","R","BOSS"],"build_version":"2019-09-20","purchased_purges":0,"victory":false,"max_hp_per_floor":[80,80,80,80,80,80,80,80,80,80,80,80,80,80,80,80],"card_choices":[{"not_picked":["Wild Strike","Pummel","Heavy Blade"],"picked":"SKIP","floor":1},{"not_picked":["Hemokinesis","Heavy Blade","Reckless Charge"],"picked":"SKIP","floor":3},{"not_picked":["Sword Boomerang","Thunderclap","Flex"],"picked":"SKIP","floor":4},{"not_picked":["Rampage","Pommel Strike"],"picked":"Metallicize","floor":5},{"not_picked":["Uppercut","Warcry"],"picked":"Armaments","floor":7},{"not_picked":["Dark Embrace","Iron Wave","Perfected Strike"],"picked":"SKIP","floor":10},{"not_picked":["Immolate","Warcry"],"picked":"Shrug It Off","floor":14}],"player_experience":86848,"relics_obtained":[{"floor":9,"key":"Bronze Scales"},{"floor":10,"key":"HornCleat"},{"floor":14,"key":"Omamori"}],"event_choices":[{"damage_healed":26,"gold_gain":0,"player_choice":"Banana","damage_taken":0,"max_hp_gain":0,"max_hp_loss":0,"event_name":"Big Fish","floor":11,"gold_loss":0}],"is_beta":true,"boss_relics":[],"items_purged_floors":[],"is_endless":false,"potions_floor_spawned":[5,7,10,14],"killed_by":"Slime Boss","ascension_level":0}