{"gold_per_floor":[18,18,38,38,57,84,84,102,128,157,168,168,179,206,218,330,342,368,45,55,69,69,69,87,87],"floor_reached":25,"playtime":2211,"items_purged":[],"score":288,"play_id":"b38c770e-a461-447c-b141-0b0824be7ea6","local_time":"20191001230219","is_ascension_mode":true,"campfire_choices":[{"floor":7,"key":"REST"},{"floor":12,"key":"REST"},{"data":"Venomology","floor":15,"key":"SMITH"},{"data":"After Image","floor":23,"key":"SMITH"}],"neow_cost":"NO_GOLD","seed_source_timestamp":14370716938012,"circlet_count":0,"master_deck":["Strike_G","Strike_G","Defend_G","Defend_G","Defend_G","Defend_G","Survivor","Neutralize","Panache+1","Well Laid Plans","Distraction","Accuracy","Calculated Gamble","Venomology+1","Footwork","After Image+1","Blur","PiercingWail","Storm of Steel","Calculated Gamble+1","Dagger Spray+1","Underhanded Strike+1","Cloak And Dagger","Footwork","Outmaneuver","Endless Agony","Shame"],"relics":["Ring of the Snake","Oddly Smooth Stone","PreservedInsect","Bag of Preparation","MawBank","Astrolabe","Singing Bowl","Mummified Hand"],"potions_floor_usage":[8,10,11,13,16,18,18,20,20,20,21,21,25,25],"damage_taken":[{"damage":0,"enemies":"2 Louse","floor":1,"turns":3},{"damage":0,"enemies":"Cultist","floor":3,"turns":4},{"damage":0,"enemies":"Small Slimes","floor":5,"turns":4},{"damage":46,"enemies":"3 Sentries","floor":6,"turns":14},{"damage":3,"enemies":"Exordium Wildlife","floor":8,"turns":3},{"damage":25,"enemies":"Gremlin Nob","floor":10,"turns":5},{"damage":0,"enemies":"Gremlin Gang","floor":11,"turns":1},{"damage":0,"enemies":"3 Louse","floor":13,"turns":2},{"damage":0,"enemies":"Lagavulin","floor":14,"turns":12},{"damage":10,"enemies":"The Guardian","floor":16,"turns":31},{"damage":8,"enemies":"Shell Parasite","floor":18,"turns":4},{"damage":25,"enemies":"Chosen","floor":20,"turns":8},{"damage":19,"enemies":"Snecko","floor":21,"turns":7},{"damage":22,"enemies":"Sentry and Sphere","floor":24,"turns":4},{"damage":14,"enemies":"Book of Stabbing","floor":25,"turns":4}],"seed_played":"3591463180774960012","potions_obtained":[{"floor":8,"key":"Ancient Potion"},{"floor":10,"key":"CunningPotion"},{"floor":16,"key":"PowerPotion"},{"floor":18,"key":"Dexterity Potion"},{"floor":20,"key":"AttackPotion"}],"is_trial":false,"path_per_floor":["M","?","M","?","M","E","R","M","T","E","M","R","M","E","R","B",null,"M","$","M","M","?","R","M","E"],"character_chosen":"THE_SILENT","items_purchased":["Singing Bowl","Footwork"],"campfire_rested":2,"item_purchase_floors":[19,19],"current_hp_per_floor":[70,70,70,70,70,24,45,42,42,17,17,38,38,38,38,28,70,62,62,37,30,30,30,10,0],"gold":87,"neow_bonus":"RANDOM_COLORLESS_2","is_prod":false,"is_daily":false,"chose_seed":false,"campfire_upgraded":2,"win_rate":0,"timestamp":1569924139,"path_taken":["M","?","M","?","?","E","R","M","T","E","M","R","M","E","R","BOSS","M","$","M","M","?","R","M","E"],"build_version":"2019-09-27","purchased_purges":0,"victory":false,"max_hp_per_floor":[70,70,70,70,70,70,70,70,70,70,70,70,70,70,70,70,70,70,70,70,70,70,70,72,72],"card_choices":[{"not_picked":["Thinking Ahead","Sadistic Nature"],"picked":"Panache","floor":0},{"not_picked":["Deflect","Heel Hook"],"picked":"Well Laid Plans","floor":1},{"not_picked":["Deflect","Acrobatics"],"picked":"Distraction","floor":3},{"not_picked":["Poisoned Stab","Crippling Poison"],"picked":"Calculated Gamble","floor":5},{"not_picked":["Skewer","Accuracy"],"picked":"Venomology","floor":6},{"not_picked":["Flying Knee","Endless Agony"],"picked":"Footwork","floor":8},{"not_picked":["Deadly Poison","Terror"],"picked":"After Image","floor":10},{"not_picked":["Poisoned Stab","Dagger Throw","Dagger Spray"],"picked":"SKIP","floor":11},{"not_picked":["Caltrops","Bane"],"picked":"Blur","floor":13},{"not_picked":["Riddle With Holes","Underhanded Strike"],"picked":"PiercingWail","floor":14},{"not_picked":["Venomology","Unload"],"picked":"Storm of Steel","floor":16},{"not_picked":["Dash","Slice"],"picked":"Cloak And Dagger","floor":18},{"not_picked":["Deflect","Sucker Punch"],"picked":"Outmaneuver","floor":20},{"not_picked":["Backflip+1","Acrobatics"],"picked":"Endless Agony","floor":21},{"not_picked":["Crippling Poison","Dagger Throw+1","Poisoned Stab"],"picked":"Singing Bowl","floor":24}],"player_experience":131438,"relics_obtained":[{"floor":6,"key":"Oddly Smooth Stone"},{"floor":9,"key":"PreservedInsect"},{"floor":10,"key":"Bag of Preparation"},{"floor":14,"key":"MawBank"}],"event_choices":[{"damage_healed":0,"gold_gain":0,"player_choice":"Grow","damage_taken":0,"max_hp_gain":0,"max_hp_loss":0,"event_name":"Living Wall","floor":2,"gold_loss":0,"cards_upgraded":["Panache"]},{"damage_healed":0,"gold_gain":0,"cards_transformed":["Strike_G"],"player_choice":"Transformed","damage_taken":0,"max_hp_gain":0,"max_hp_loss":0,"event_name":"Transmorgrifier","floor":4,"gold_loss":0,"cards_obtained":["Accuracy"]},{"damage_healed":0,"gold_gain":0,"player_choice":"Stole Relic","damage_taken":0,"relics_obtained":["Mummified Hand"],"max_hp_gain":0,"max_hp_loss":0,"event_name":"Addict","floor":22,"gold_loss":0,"cards_obtained":["Shame"]}],"is_beta":true,"boss_relics":[{"not_picked":["Tiny House","Ectoplasm"],"picked":"Astrolabe"}],"items_purged_floors":[],"is_endless":false,"potions_floor_spawned":[8,10,16,18,20],"killed_by":"Book of Stabbing","ascension_level":3}