{"gold_per_floor":[118,135,152,152,152,183,193,205,231,103,103,83,11,42,42,42],"floor_reached":16,"playtime":1090,"items_purged":[],"score":137,"play_id":"1a39b3e3-90a3-436a-8c09-c039a65ddd87","local_time":"20190914232602","is_ascension_mode":false,"campfire_choices":[{"data":"Creative AI","floor":11,"key":"SMITH"},{"data":"Fusion","floor":15,"key":"SMITH"}],"neow_cost":"NONE","seed_source_timestamp":0,"circlet_count":0,"master_deck":["Strike_B","Strike_B","Strike_B","Strike_B","Defend_B","Defend_B","Defend_B+1","Zap","Dualcast","Ball Lightning","Conserve Battery+1","Consume+1","Creative AI+1","Genetic Algorithm","Steam","Good Instincts","Stack","Rebound","Self Repair","Fusion+1"],"special_seed":0,"relics":["Cracked Core","NeowsBlessing","Mummified Hand","Juzu Bracelet","War Paint"],"potions_floor_usage":[12,14,16,16],"damage_taken":[{"damage":0.0,"enemies":"Cultist","floor":1.0,"turns":1.0},{"damage":0,"enemies":"2 Louse","floor":2,"turns":1},{"damage":0,"enemies":"Jaw Worm","floor":3,"turns":1},{"damage":29,"enemies":"Gremlin Nob","floor":6,"turns":4},{"damage":14,"enemies":"Gremlin Gang","floor":7,"turns":6},{"damage":3,"enemies":"Red Slaver","floor":8,"turns":3},{"damage":12,"enemies":"Exordium Thugs","floor":12,"turns":4},{"damage":0,"enemies":"Lagavulin","floor":14,"turns":7},{"damage":19,"enemies":"The Guardian","floor":16,"turns":5}],"seed_played":"8865098419905108623","potions_obtained":[{"floor":6,"key":"FearPotion"},{"floor":7,"key":"SpeedPotion"},{"floor":8,"key":"Weak Potion"},{"floor":12,"key":"PowerPotion"}],"is_trial":false,"path_per_floor":["M","M","M","?","?","E","M","M","T","$","R","M","$","E","R","B"],"character_chosen":"DEFECT","items_purchased":["Good Instincts","Stack","Self Repair"],"campfire_rested":0,"item_purchase_floors":[10,10,13],"current_hp_per_floor":[75,75,75,68,68,39,25,22,22,22,22,10,10,17,17,0],"gold":42,"neow_bonus":"THREE_ENEMY_KILL","is_prod":false,"is_daily":false,"chose_seed":false,"campfire_upgraded":2,"win_rate":0.0,"timestamp":1568460362,"path_taken":["M","?","M","?","?","E","?","M","T","$","R","M","?","E","R","BOSS"],"build_version":"2019-09-12","purchased_purges":0,"victory":false,"max_hp_per_floor":[75,75,75,75,75,75,75,75,75,75,75,75,75,75,75,75],"card_choices":[{"not_picked":["Hologram","Sweeping Beam"],"picked":"Ball Lightning","floor":1.0},{"not_picked":["Beam Cell","Scrape"],"picked":"Conserve Battery","floor":2},{"not_picked":["Skim","Double Energy"],"picked":"Consume","floor":3},{"not_picked":["FTL","Sweeping Beam"],"picked":"Creative AI","floor":6},{"not_picked":["Beam Cell","Sweeping Beam"],"picked":"Genetic Algorithm","floor":7},{"not_picked":["Cold Snap","Doom and Gloom"],"picked":"Steam","floor":8},{"not_picked":["Conserve Battery","Genetic Algorithm"],"picked":"Rebound","floor":12},{"not_picked":["Barrage","FTL"],"picked":"Fusion","floor":14}],"player_experience":53835,"relics_obtained":[{"floor":6,"key":"Mummified Hand"},{"floor":9,"key":"Juzu Bracelet"},{"floor":14,"key":"War Paint"}],"event_choices":[{"cards_removed":["Defend_B"],"damage_healed":0,"gold_gain":0,"player_choice":"Card Removal","damage_taken":7,"max_hp_gain":0,"max_hp_loss":0,"event_name":"Golden Wing","floor":4,"gold_loss":0},{"damage_healed":0,"gold_gain":0,"player_choice":"Upgraded","damage_taken":0,"max_hp_gain":0,"max_hp_loss":0,"event_name":"Upgrade Shrine","floor":5,"gold_loss":0,"cards_upgraded":["Consume"]}],"is_beta":true,"boss_relics":[],"items_purged_floors":[],"is_endless":false,"potions_floor_spawned":[6,7,8,12],"killed_by":"The Guardian","ascension_level":0}