{"gold_per_floor":[119,139,31,31,50,50,76,94,94,118,118,118,147,162,162,257,257,267,286,286,286,286,286,286],"floor_reached":24,"playtime":910,"items_purged":[],"score":235,"play_id":"8490c0c0-6abb-4779-8382-82178415ad78","local_time":"20191013011136","is_ascension_mode":true,"campfire_choices":[{"data":"Body Slam","floor":6,"key":"SMITH"},{"floor":12,"key":"REST"},{"data":"Wild Strike","floor":15,"key":"SMITH"},{"data":"RitualDagger","floor":23,"key":"SMITH"}],"neow_cost":"NONE","seed_source_timestamp":43213238980295,"circlet_count":0,"master_deck":["Strike_R","Strike_R","Strike_R","Strike_R","Strike_R","Defend_R","Defend_R","Defend_R","Defend_R","Bash","Fire Breathing","Body Slam+1","Inflame","True Grit","Headbutt","Dual Wield","Clothesline","Reckless Charge","Wild Strike+1","Disarm","Demon Form","Iron Wave+1","Warcry","Double Tap","RitualDagger+1"],"relics":["Burning Blood","NeowsBlessing","Juzu Bracelet","Shuriken","Odd Mushroom","Torii","Meat on the Bone","Mark of Pain"],"potions_floor_usage":[7,7,10,16,19,24],"damage_taken":[{"damage":0,"enemies":"Small Slimes","floor":1,"turns":1},{"damage":0,"enemies":"Cultist","floor":2,"turns":1},{"damage":0,"enemies":"2 Louse","floor":5,"turns":1},{"damage":20,"enemies":"3 Sentries","floor":7,"turns":6},{"damage":19,"enemies":"2 Fungi Beasts","floor":8,"turns":6},{"damage":33,"enemies":"The Mushroom Lair","floor":10,"turns":6},{"damage":23,"enemies":"Gremlin Nob","floor":13,"turns":4},{"damage":5,"enemies":"Gremlin Gang","floor":14,"turns":5},{"damage":10,"enemies":"Hexaghost","floor":16,"turns":9},{"damage":26,"enemies":"3 Byrds","floor":18,"turns":6},{"damage":0,"enemies":"Chosen","floor":19,"turns":4},{"damage":55,"enemies":"Slavers","floor":24,"turns":4}],"seed_played":"2785877568573953331","potions_obtained":[{"floor":1,"key":"SneckoOil"},{"floor":2,"key":"SkillPotion"},{"floor":4,"key":"Dexterity Potion"},{"floor":4,"key":"Block Potion"},{"floor":13,"key":"Strength Potion"},{"floor":14,"key":"Fire Potion"},{"floor":19,"key":"Block Potion"}],"is_trial":false,"path_per_floor":["M","M","$","?","M","R","E","M","T","?","?","R","E","M","R","B",null,"M","M","?","?","?","R","E"],"character_chosen":"IRONCLAD","items_purchased":["Inflame","True Grit"],"campfire_rested":1,"item_purchase_floors":[3,3],"current_hp_per_floor":[80,80,80,80,80,80,66,53,53,26,23,47,30,43,43,51,80,60,66,66,60,45,45,0],"gold":286,"neow_bonus":"THREE_ENEMY_KILL","is_prod":false,"is_daily":false,"chose_seed":false,"campfire_upgraded":3,"win_rate":0,"timestamp":1570882296,"path_taken":["M","M","$","?","?","R","E","M","T","?","?","R","E","M","R","BOSS","M","M","?","?","?","R","E"],"build_version":"2019-10-11","purchased_purges":0,"victory":false,"max_hp_per_floor":[80,80,80,80,80,80,80,80,80,80,80,80,80,80,80,80,80,80,80,80,80,85,85,85],"card_choices":[{"not_picked":["Anger","Pummel"],"picked":"Fire Breathing","floor":1},{"not_picked":["Anger","Havoc"],"picked":"Body Slam","floor":2},{"not_picked":["Iron Wave","Uppercut"],"picked":"Headbutt","floor":5},{"not_picked":["Sword Boomerang","Havoc"],"picked":"Dual Wield","floor":7},{"not_picked":["Thunderclap","Rage"],"picked":"Clothesline","floor":8},{"not_picked":["Clothesline","Sentinel"],"picked":"Reckless Charge","floor":10},{"not_picked":["Exhume","Shrug It Off"],"picked":"Wild Strike","floor":13},{"not_picked":["Perfected Strike","Armaments"],"picked":"Disarm","floor":14},{"not_picked":["Brutality","Bludgeon"],"picked":"Demon Form","floor":16},{"not_picked":["Clothesline","Body Slam+1"],"picked":"Iron Wave+1","floor":18},{"not_picked":["Thunderclap","Perfected Strike"],"picked":"Warcry","floor":19}],"player_experience":189049,"relics_obtained":[{"floor":7,"key":"Juzu Bracelet"},{"floor":9,"key":"Shuriken"},{"floor":10,"key":"Odd Mushroom"},{"floor":13,"key":"Meat on the Bone"}],"event_choices":[{"damage_healed":0,"gold_gain":0,"player_choice":"Got Potions","damage_taken":0,"max_hp_gain":0,"max_hp_loss":0,"event_name":"Lab","floor":4,"gold_loss":0},{"damage_healed":0,"gold_gain":0,"player_choice":"Fought Mushrooms","damage_taken":0,"max_hp_gain":0,"max_hp_loss":0,"event_name":"Mushrooms","floor":10,"gold_loss":0},{"damage_healed":0,"gold_gain":0,"player_choice":"Success","damage_taken":3,"relics_obtained":["Torii"],"max_hp_gain":0,"max_hp_loss":0,"event_name":"Scrap Ooze","floor":11,"gold_loss":0},{"damage_healed":0,"gold_gain":0,"player_choice":"1 cards matched","damage_taken":0,"max_hp_gain":0,"max_hp_loss":0,"event_name":"Match and Keep!","floor":20,"gold_loss":0,"cards_obtained":["Double Tap"]},{"damage_healed":0,"gold_gain":0,"player_choice":"Joined the Cult","damage_taken":6,"max_hp_gain":0,"max_hp_loss":0,"event_name":"Nest","floor":21,"gold_loss":0,"cards_obtained":["RitualDagger"]},{"damage_healed":0,"gold_gain":0,"player_choice":"Shed Blood","damage_taken":20,"max_hp_gain":5,"max_hp_loss":0,"event_name":"Forgotten Altar","floor":22,"gold_loss":0}],"is_beta":true,"boss_relics":[{"not_picked":["Runic Cube","Busted Crown"],"picked":"Mark of Pain"}],"items_purged_floors":[],"is_endless":false,"potions_floor_spawned":[1,2,13,14,19],"killed_by":"Slavers","ascension_level":3}