{"gold_per_floor":[19,33,33,43,55,89,89,101,401,401,411,411,411],"floor_reached":13,"playtime":486,"items_purged":[],"score":100,"play_id":"caab9b0f-80fb-4a7b-84ef-0de3e12e6cac","local_time":"20191012195410","is_ascension_mode":true,"campfire_choices":[{"data":"Feel No Pain","floor":7,"key":"SMITH"},{"data":"Barricade","floor":10,"key":"SMITH"}],"neow_cost":"NO_GOLD","seed_source_timestamp":24592095450849,"circlet_count":0,"master_deck":["Strike_R","Strike_R","Strike_R","Strike_R","Strike_R","Defend_R","Defend_R","Defend_R","Defend_R","Bash","Intimidate","Sword Boomerang","Feel No Pain+1","Barricade+1","Body Slam","True Grit","Reckless Charge","True Grit"],"relics":["Burning Blood","StoneCalendar","Mercury Hourglass","Old Coin","Prayer Wheel"],"potions_floor_usage":[6,11,11,13],"damage_taken":[{"damage":0,"enemies":"2 Louse","floor":1,"turns":3},{"damage":3,"enemies":"Cultist","floor":2,"turns":4},{"damage":6,"enemies":"Small Slimes","floor":4,"turns":7},{"damage":22,"enemies":"Exordium Wildlife","floor":5,"turns":5},{"damage":41,"enemies":"Gremlin Nob","floor":6,"turns":6},{"damage":10,"enemies":"Gremlin Gang","floor":8,"turns":5},{"damage":8,"enemies":"Looter","floor":11,"turns":4},{"damage":18,"enemies":"Lagavulin","floor":13,"turns":3}],"seed_played":"7648514208946633821","potions_obtained":[{"floor":1,"key":"GamblersBrew"},{"floor":4,"key":"SpeedPotion"},{"floor":8,"key":"Swift Potion"},{"floor":11,"key":"Ancient Potion"}],"is_trial":false,"path_per_floor":["M","M","?","M","M","E","R","M","T","R","M","?","E"],"character_chosen":"IRONCLAD","items_purchased":[],"campfire_rested":0,"item_purchase_floors":[],"current_hp_per_floor":[80,80,80,80,64,29,29,25,25,25,23,11,0],"gold":411,"neow_bonus":"ONE_RARE_RELIC","is_prod":false,"is_daily":false,"chose_seed":false,"campfire_upgraded":2,"win_rate":0,"timestamp":1570863250,"path_taken":["M","M","?","?","M","E","R","M","T","R","M","?","E"],"build_version":"2019-10-11","purchased_purges":0,"victory":false,"max_hp_per_floor":[80,80,80,80,80,80,80,80,80,80,80,80,80],"card_choices":[{"not_picked":["Anger","Havoc"],"picked":"Intimidate","floor":1},{"not_picked":["Cleave","Havoc"],"picked":"Sword Boomerang","floor":2},{"not_picked":["Shrug It Off","Dual Wield"],"picked":"Body Slam","floor":4},{"not_picked":["Cleave","Armaments"],"picked":"True Grit","floor":5},{"not_picked":["Wild Strike","Anger"],"picked":"Reckless Charge","floor":6},{"not_picked":["Blood for Blood","Barricade","Anger"],"picked":"SKIP","floor":8},{"not_picked":["Flex","Sword Boomerang"],"picked":"True Grit","floor":11}],"player_experience":188563,"relics_obtained":[{"floor":6,"key":"Mercury Hourglass"},{"floor":9,"key":"Old Coin"}],"event_choices":[{"damage_healed":0,"gold_gain":0,"player_choice":"2 cards matched","damage_taken":0,"max_hp_gain":0,"max_hp_loss":0,"event_name":"Match and Keep!","floor":3,"gold_loss":0,"cards_obtained":["Feel No Pain","Barricade"]},{"damage_healed":0,"gold_gain":0,"player_choice":"Success","damage_taken":12,"relics_obtained":["Prayer Wheel"],"max_hp_gain":0,"max_hp_loss":0,"event_name":"Scrap Ooze","floor":12,"gold_loss":0}],"is_beta":true,"boss_relics":[],"items_purged_floors":[],"is_endless":false,"potions_floor_spawned":[1,4,8,11],"killed_by":"Lagavulin","ascension_level":3}