{"gold_per_floor":[116,116,116,126,136,162,222,252,278,298,298,248,10,27,27,123,123,135,9,28,40,40,72,72,72,98,98,98,132,132,149,149,149],"floor_reached":33,"playtime":1592,"items_purged":[],"score":318,"play_id":"cc233746-bad7-4ac4-99a7-a03c1501b0dc","local_time":"20190926214154","is_ascension_mode":false,"campfire_choices":[{"data":"Combust","floor":11,"key":"SMITH"},{"data":"Discovery","floor":15,"key":"SMITH"},{"data":"Armaments","floor":24,"key":"SMITH"},{"floor":28,"key":"REST"},{"floor":30,"key":"REST"},{"floor":32,"key":"REST"}],"neow_cost":"NONE","seed_source_timestamp":10348259841480,"circlet_count":0,"master_deck":["Strike_R","Strike_R","Strike_R","Defend_R","Defend_R","Defend_R","Defend_R","Bash+1","Discovery+1","Pummel","Dropkick","Combust+1","Clothesline","Iron Wave+1","Brutality","Evolve","Reckless Charge","Shockwave","Bludgeon","Shockwave+1","Offering","Shrug It Off","Hemokinesis","Spot Weakness","Armaments+1","Bloodletting","Carnage+1","Armaments"],"relics":["Burning Blood","Omamori","Vajra","InkBottle","Whetstone","Runic Cube","The Courier","Nilry\u0027s Codex","Lantern"],"potions_floor_usage":[8,8,21,29,31,31,33],"damage_taken":[{"damage":0,"enemies":"Cultist","floor":1,"turns":2},{"damage":4,"enemies":"Small Slimes","floor":4,"turns":3},{"damage":10,"enemies":"2 Louse","floor":5,"turns":2},{"damage":36,"enemies":"3 Sentries","floor":6,"turns":7},{"damage":0,"enemies":"Gremlin Nob","floor":8,"turns":1},{"damage":10,"enemies":"Red Slaver","floor":10,"turns":3},{"damage":1,"enemies":"Large Slime","floor":14,"turns":3},{"damage":40,"enemies":"Hexaghost","floor":16,"turns":8},{"damage":10,"enemies":"Spheric Guardian","floor":18,"turns":3},{"damage":4,"enemies":"Chosen","floor":20,"turns":5},{"damage":24,"enemies":"Snake Plant","floor":21,"turns":4},{"damage":31,"enemies":"Book of Stabbing","floor":23,"turns":4},{"damage":37,"enemies":"Slavers","floor":29,"turns":6},{"damage":37,"enemies":"3 Cultists","floor":31,"turns":4},{"damage":56,"enemies":"Automaton","floor":33,"turns":6}],"seed_played":"8590665644650071546","potions_obtained":[{"floor":5,"key":"FearPotion"},{"floor":6,"key":"SteroidPotion"},{"floor":14,"key":"SpeedPotion"},{"floor":20,"key":"Weak Potion"},{"floor":21,"key":"Fire Potion"},{"floor":29,"key":"Strength Potion"}],"is_trial":false,"path_per_floor":["M","?","?","M","M","E","?","E","T","M","R","?","$","M","R","B",null,"M","$","M","M","?","E","R","?","T","?","R","E","R","M","R","B"],"character_chosen":"IRONCLAD","items_purchased":["Reckless Charge","Regen Potion","Shockwave","Offering","Shrug It Off"],"campfire_rested":3,"item_purchase_floors":[13,13,13,19,19],"current_hp_per_floor":[80,80,80,80,76,46,46,52,52,48,48,48,48,53,53,19,80,76,76,78,60,60,35,35,19,19,19,43,12,36,17,41,0],"gold":149,"neow_bonus":"RANDOM_COLORLESS","is_prod":false,"is_daily":false,"chose_seed":false,"campfire_upgraded":3,"win_rate":0,"timestamp":1569490914,"path_taken":["M","?","?","M","M","E","?","E","T","M","R","?","?","M","R","BOSS","M","$","M","M","?","E","R","?","T","?","R","E","R","?","R","BOSS"],"build_version":"2019-09-25","purchased_purges":0,"victory":false,"max_hp_per_floor":[80,80,80,80,80,80,80,80,80,80,80,80,80,80,80,80,80,80,80,80,80,80,80,80,80,80,80,80,80,80,80,80,80],"card_choices":[{"not_picked":["Panacea","Purity"],"picked":"Discovery","floor":0},{"not_picked":["Headbutt","Warcry"],"picked":"Pummel","floor":1},{"not_picked":["Cleave","Havoc"],"picked":"Combust","floor":4},{"not_picked":["Heavy Blade","Perfected Strike"],"picked":"Clothesline","floor":5},{"not_picked":["Sever Soul","True Grit"],"picked":"Iron Wave","floor":6},{"not_picked":["Power Through","Metallicize"],"picked":"Brutality","floor":8},{"not_picked":["Headbutt","Twin Strike"],"picked":"Evolve","floor":10},{"not_picked":["Perfected Strike","Dropkick","Sentinel"],"picked":"SKIP","floor":14},{"not_picked":["Exhume","Juggernaut"],"picked":"Bludgeon","floor":16},{"not_picked":["Fire Breathing","Clash"],"picked":"Shockwave+1","floor":18},{"not_picked":["Wild Strike","Heavy Blade"],"picked":"Hemokinesis","floor":20},{"not_picked":["Wild Strike","Entrench+1"],"picked":"Spot Weakness","floor":21},{"not_picked":["Twin Strike","Battle Trance"],"picked":"Bloodletting","floor":23},{"not_picked":["Rampage+1","Ghostly Armor"],"picked":"Carnage+1","floor":29},{"not_picked":["Clash","Bloodletting+1"],"picked":"Armaments","floor":31}],"player_experience":106745,"relics_obtained":[{"floor":6,"key":"Vajra"},{"floor":8,"key":"InkBottle"},{"floor":9,"key":"Whetstone"},{"floor":23,"key":"The Courier"},{"floor":25,"key":"Nilry\u0027s Codex"},{"floor":29,"key":"Lantern"}],"event_choices":[{"damage_healed":0,"gold_gain":0,"cards_transformed":["Strike_R"],"player_choice":"Change","damage_taken":0,"max_hp_gain":0,"max_hp_loss":0,"event_name":"Living Wall","floor":2,"gold_loss":0,"cards_obtained":["Dropkick"]},{"damage_healed":0,"gold_gain":0,"player_choice":"Box","damage_taken":0,"relics_obtained":["Omamori"],"max_hp_gain":0,"max_hp_loss":0,"event_name":"Big Fish","floor":3,"gold_loss":0,"cards_obtained":["Regret"]},{"damage_healed":0,"gold_gain":60,"player_choice":"Gained Gold","damage_taken":0,"max_hp_gain":0,"max_hp_loss":0,"event_name":"Golden Wing","floor":7,"gold_loss":0},{"cards_removed":["Regret"],"damage_healed":0,"gold_gain":0,"player_choice":"Card Removal","damage_taken":0,"max_hp_gain":0,"max_hp_loss":0,"event_name":"The Cleric","floor":12,"gold_loss":50},{"damage_healed":0,"gold_gain":0,"player_choice":"Read","damage_taken":0,"max_hp_gain":0,"max_hp_loss":0,"event_name":"The Library","floor":22,"gold_loss":0,"cards_obtained":["Armaments"]},{"damage_healed":0,"gold_gain":0,"player_choice":"Obtained Book","damage_taken":16,"max_hp_gain":0,"max_hp_loss":0,"event_name":"Cursed Tome","floor":25,"gold_loss":0},{"cards_removed":["Strike_R"],"damage_healed":0,"gold_gain":0,"player_choice":"Purged","damage_taken":0,"max_hp_gain":0,"max_hp_loss":0,"event_name":"Purifier","floor":27,"gold_loss":0}],"is_beta":true,"boss_relics":[{"not_picked":["SacredBark","Sozu"],"picked":"Runic Cube"}],"items_purged_floors":[],"is_endless":false,"potions_floor_spawned":[5,6,14,20,21,23,29],"killed_by":"Automaton","ascension_level":0}