{"gold_per_floor":[369,387,352,352,366,397,35,35,35,35,60,60,80,0,0,0],"floor_reached":16,"playtime":769,"items_purged":[],"score":135,"play_id":"1fbc4c0a-b8ce-4415-8986-fd9f1c5ca158","local_time":"20191009200926","is_ascension_mode":true,"campfire_choices":[{"data":"Backstab","floor":8,"key":"SMITH"},{"floor":12,"key":"REST"},{"data":"Footwork","floor":15,"key":"SMITH"}],"neow_cost":"PERCENT_DAMAGE","seed_source_timestamp":26812166913804,"circlet_count":0,"master_deck":["Strike_G","Strike_G","Strike_G","Strike_G","Strike_G","Defend_G","Defend_G","Defend_G","Defend_G","Defend_G","Survivor","Neutralize","Leg Sweep","Quick Slash","Setup","Slice","Backstab+1","Backflip","Acrobatics","Dagger Spray","Footwork+1"],"relics":["Ring of the Snake","Ginger","Ninja Scroll","Dodecahedron","Lantern"],"potions_floor_usage":[5,11,16],"damage_taken":[{"damage":3,"enemies":"Cultist","floor":1,"turns":5},{"damage":1,"enemies":"Jaw Worm","floor":2,"turns":7},{"damage":1,"enemies":"2 Louse","floor":5,"turns":3},{"damage":33,"enemies":"3 Sentries","floor":6,"turns":15},{"damage":8,"enemies":"Gremlin Nob","floor":11,"turns":4},{"damage":0,"enemies":"Lots of Slimes","floor":13,"turns":2},{"damage":50,"enemies":"Hexaghost","floor":16,"turns":16}],"seed_played":"-6784025564605245320","potions_obtained":[{"floor":2,"key":"Ancient Potion"},{"floor":5,"key":"Fruit Juice"},{"floor":6,"key":"Ancient Potion"},{"floor":10,"key":"DuplicationPotion"},{"floor":10,"key":"PowerPotion"}],"is_trial":false,"path_per_floor":["M","M","?","?","M","E","$","R","T","?","E","R","M","$","R","B"],"character_chosen":"THE_SILENT","items_purchased":["Backstab","Backflip","Ninja Scroll","Footwork"],"campfire_rested":1,"item_purchase_floors":[7,7,7,14],"current_hp_per_floor":[46,45,62,62,66,33,33,33,33,33,25,47,47,47,47,0],"gold":0,"neow_bonus":"TWO_FIFTY_GOLD","is_prod":false,"is_daily":false,"chose_seed":false,"campfire_upgraded":2,"win_rate":0,"timestamp":1570604966,"path_taken":["M","M","?","?","M","E","$","R","T","?","E","R","?","?","R","BOSS"],"build_version":"2019-10-08","purchased_purges":0,"victory":false,"max_hp_per_floor":[70,70,70,70,75,75,75,75,75,75,75,75,75,75,75,75],"card_choices":[{"not_picked":["Acrobatics","Slice"],"picked":"Leg Sweep","floor":1},{"not_picked":["Choke","Bane"],"picked":"Quick Slash","floor":2},{"not_picked":["Quick Slash","Tactician"],"picked":"Setup","floor":5},{"not_picked":["Sucker Punch","Leg Sweep"],"picked":"Slice","floor":6},{"not_picked":["Sucker Punch","Backstab"],"picked":"Acrobatics","floor":11},{"not_picked":["Flechettes","Masterful Stab"],"picked":"Dagger Spray","floor":13}],"player_experience":173592,"relics_obtained":[{"floor":6,"key":"Ginger"},{"floor":9,"key":"Dodecahedron"},{"floor":11,"key":"Lantern"}],"event_choices":[{"damage_healed":17,"gold_gain":0,"player_choice":"Healed","damage_taken":0,"max_hp_gain":0,"max_hp_loss":0,"event_name":"The Cleric","floor":3,"gold_loss":35},{"damage_healed":0,"gold_gain":0,"player_choice":"Ignored","damage_taken":0,"max_hp_gain":0,"max_hp_loss":0,"event_name":"Golden Wing","floor":4,"gold_loss":0},{"damage_healed":0,"gold_gain":0,"player_choice":"Got Potions","damage_taken":0,"max_hp_gain":0,"max_hp_loss":0,"event_name":"Lab","floor":10,"gold_loss":0}],"is_beta":true,"boss_relics":[],"items_purged_floors":[],"is_endless":false,"potions_floor_spawned":[2,5,6],"killed_by":"Hexaghost","ascension_level":5}