{"gold_per_floor":[116,191,100,100,110,137,157,169,196,63,63,79,111,14,14,109,109,120,131,148,166,166],"floor_reached":22,"playtime":2296,"items_purged":[],"score":223,"play_id":"5d2fe4a8-c041-4900-b682-d4a8fa538161","local_time":"20190904135721","is_ascension_mode":false,"campfire_choices":[{"data":"Catalyst","floor":11,"key":"SMITH"},{"floor":15,"key":"REST"}],"neow_cost":"NONE","seed_source_timestamp":992619691965,"circlet_count":0,"master_deck":["Strike_G","Strike_G","Strike_G","Strike_G","Strike_G","Defend_G","Defend_G","Defend_G","Defend_G","Defend_G","Survivor","Neutralize","Deadly Poison","Noxious Fumes","Outmaneuver","Neutralize","Slice","Flying Knee","Deadly Poison","Backflip","Catalyst+1","Finesse","Doppelganger","Bane","Dark Shackles","Night Terror","Blur","Dodge and Roll","Reflex+1","Bane+1"],"relics":["Ring of the Snake","NeowsBlessing","Orichalcum","Pen Nib","Bag of Preparation","Eternal Feather"],"potions_floor_usage":[21,21,21,21,21,22],"damage_taken":[{"damage":0,"enemies":"Jaw Worm","floor":1,"turns":1},{"damage":0,"enemies":"Small Slimes","floor":5,"turns":1},{"damage":0,"enemies":"Gremlin Nob","floor":6,"turns":1},{"damage":0,"enemies":"Cultist","floor":7,"turns":4},{"damage":3,"enemies":"Red Slaver","floor":8,"turns":3},{"damage":5,"enemies":"Lots of Slimes","floor":12,"turns":4},{"damage":27,"enemies":"3 Sentries","floor":13,"turns":8},{"damage":14,"enemies":"Slime Boss","floor":16,"turns":8},{"damage":0,"enemies":"Shell Parasite","floor":18,"turns":3},{"damage":2,"enemies":"Spheric Guardian","floor":19,"turns":3},{"damage":16,"enemies":"Snake Plant","floor":20,"turns":4},{"damage":49,"enemies":"3 Cultists","floor":21,"turns":7},{"damage":10,"enemies":"Centurion and Healer","floor":22,"turns":4}],"seed_played":"619853872035162643","potions_obtained":[{"floor":5,"key":"LiquidBronze"},{"floor":6,"key":"Weak Potion"},{"floor":7,"key":"EntropicBrew"}],"is_trial":false,"path_per_floor":["M","?","$","?","M","E","M","M","T","$","R","M","E","$","R","B",null,"M","M","M","M","M"],"character_chosen":"THE_SILENT","items_purchased":["Noxious Fumes","Outmaneuver","Catalyst","Finesse","Dark Shackles"],"campfire_rested":1,"item_purchase_floors":[3,3,10,10,14],"current_hp_per_floor":[70,59,59,59,59,59,59,56,56,56,56,51,24,24,45,31,70,70,68,52,3,0],"gold":166,"neow_bonus":"THREE_ENEMY_KILL","is_prod":false,"is_daily":false,"chose_seed":false,"campfire_upgraded":1,"win_rate":0.0,"timestamp":1567562241,"path_taken":["M","?","$","?","M","E","M","M","T","$","R","?","E","?","R","BOSS","M","M","?","?","M"],"build_version":"2019-07-17","purchased_purges":0,"victory":false,"max_hp_per_floor":[70,70,70,70,70,70,70,70,70,70,70,70,70,70,70,70,70,70,70,70,70,70],"card_choices":[{"not_picked":["Bane","PiercingWail"],"picked":"Deadly Poison","floor":1},{"not_picked":["Quick Slash","Reflex"],"picked":"Slice","floor":5},{"not_picked":["Reflex","Eviscerate"],"picked":"Flying Knee","floor":6},{"not_picked":["Blade Dance","Backstab"],"picked":"Deadly Poison","floor":7},{"not_picked":["Dodge and Roll","Deadly Poison"],"picked":"Backflip","floor":8},{"not_picked":["Dagger Throw","Sucker Punch"],"picked":"Doppelganger","floor":12},{"not_picked":["Masterful Stab","Prepared"],"picked":"Bane","floor":13},{"not_picked":["Bullet Time","Glass Knife"],"picked":"Night Terror","floor":16},{"not_picked":["Calculated Gamble","Outmaneuver+1"],"picked":"Blur","floor":18},{"not_picked":["PiercingWail","Finisher"],"picked":"Dodge and Roll","floor":19},{"not_picked":["Endless Agony+1","Heel Hook"],"picked":"Reflex+1","floor":20},{"not_picked":["Heel Hook","Choke"],"picked":"Bane+1","floor":21}],"player_experience":6336,"relics_obtained":[{"floor":6,"key":"Orichalcum"},{"floor":9,"key":"Pen Nib"},{"floor":13,"key":"Bag of Preparation"}],"event_choices":[{"damage_healed":0,"gold_gain":75,"player_choice":"Gather Gold","damage_taken":11,"max_hp_gain":0,"max_hp_loss":0,"event_name":"World of Goop","floor":2,"gold_loss":0},{"damage_healed":0,"gold_gain":0,"player_choice":"1 cards matched","damage_taken":0,"max_hp_gain":0,"max_hp_loss":0,"event_name":"Match and Keep!","floor":4,"gold_loss":0,"cards_obtained":["Neutralize"]}],"is_beta":false,"boss_relics":[{"not_picked":["Tiny House","Calling Bell"],"picked":"Eternal Feather"}],"items_purged_floors":[],"is_endless":false,"potions_floor_spawned":[5,6,7,8,18,20],"killed_by":"Centurion and Healer","ascension_level":0}