{"gold_per_floor":[117,132,132,199,213,253,269,287,287,305,323,288,258,277,277,402,402,417,437,455,22,22,22,22,22,22,22,22,22,22,22,22,22],"floor_reached":33,"playtime":3051,"items_purged":[],"score":299,"play_id":"ed5072b3-5c6c-4549-b090-986cffe95c51","local_time":"20190905225716","is_ascension_mode":false,"campfire_choices":[{"data":"1","floor":15,"key":"LIFT"},{"floor":23,"key":"REST"},{"data":"2","floor":25,"key":"LIFT"},{"data":"3","floor":29,"key":"LIFT"},{"data":"Barricade","floor":32,"key":"SMITH"}],"neow_cost":"NONE","seed_source_timestamp":13085639282305,"circlet_count":0,"master_deck":["Defend_R","Defend_R","Defend_R","Defend_R","Bash","Panacea","Clothesline","Dual Wield","Armaments","Infernal Blade","Entrench","Metallicize","Reaper","Flex","Anger","Anger","Juggernaut","Power Through","Fire Breathing","Inflame","Rage","Iron Wave","Whirlwind","Clash","Twin Strike+1","Barricade+1","Madness","Pommel Strike","True Grit","Bite","Bite","Bite","Bite","Bite","Writhe"],"relics":["Burning Blood","Golden Idol","Girya","Peace Pipe","Orrery","Tiny Chest","Bottled Lightning","WingedGreaves"],"potions_floor_usage":[6,10,22,22,31,33,33],"damage_taken":[{"damage":1,"enemies":"2 Louse","floor":1,"turns":4},{"damage":6,"enemies":"Jaw Worm","floor":2,"turns":4},{"damage":15,"enemies":"Small Slimes","floor":5,"turns":3},{"damage":51,"enemies":"3 Sentries","floor":6,"turns":13},{"damage":5,"enemies":"Looter","floor":7,"turns":4},{"damage":16,"enemies":"Large Slime","floor":8,"turns":8},{"damage":4,"enemies":"3 Louse","floor":10,"turns":4},{"damage":23,"enemies":"Gremlin Gang","floor":11,"turns":8},{"damage":2,"enemies":"Looter","floor":13,"turns":4},{"damage":9,"enemies":"2 Fungi Beasts","floor":14,"turns":3},{"damage":35,"enemies":"The Guardian","floor":16,"turns":15},{"damage":38,"enemies":"3 Byrds","floor":18,"turns":5},{"damage":27,"enemies":"Spheric Guardian","floor":19,"turns":6},{"damage":19,"enemies":"Centurion and Healer","floor":20,"turns":7},{"damage":21,"enemies":"Chosen and Byrds","floor":22,"turns":6},{"damage":83,"enemies":"Automaton","floor":33,"turns":12}],"seed_played":"1447658821488861859","potions_obtained":[{"floor":1,"key":"SmokeBomb"},{"floor":5,"key":"Regen Potion"},{"floor":7,"key":"SneckoOil"},{"floor":16,"key":"Dexterity Potion"},{"floor":20,"key":"Poison Potion"},{"floor":31,"key":"Fruit Juice"},{"floor":31,"key":"Regen Potion"}],"is_trial":false,"path_per_floor":["M","M","?","?","M","E","M","M","T","M","M","?","M","M","R","B",null,"M","M","M","$","M","R","?","R","T","?","$","R","?","?","R","B"],"character_chosen":"IRONCLAD","items_purchased":["Tiny Chest","Barricade","Madness","Pommel Strike","True Grit"],"campfire_rested":1,"item_purchase_floors":[21,21,21,21,21],"current_hp_per_floor":[80,80,60,60,51,21,22,12,12,14,9,29,33,34,34,10,80,57,36,23,23,15,39,39,39,39,39,39,39,39,44,44,0],"gold":22,"neow_bonus":"RANDOM_COLORLESS","is_prod":false,"is_daily":false,"chose_seed":false,"campfire_upgraded":1,"win_rate":0.0,"timestamp":1567681036,"path_taken":["M","M","?","?","?","E","M","M","T","M","M","?","M","M","R","BOSS","M","M","M","$","M","R","?","R","T","?","$","R","?","?","R","BOSS"],"build_version":"2019-07-17","purchased_purges":0,"victory":false,"max_hp_per_floor":[80,80,80,80,80,80,80,80,80,80,80,80,80,80,80,80,80,80,80,80,80,80,80,56,56,56,56,56,56,56,61,61,61],"card_choices":[{"not_picked":["Thunderclap","Body Slam"],"picked":"Clothesline","floor":1},{"not_picked":["Rupture","Clash"],"picked":"Dual Wield","floor":2},{"not_picked":["Iron Wave","Thunderclap"],"picked":"Armaments","floor":5},{"not_picked":["Twin Strike","Clothesline"],"picked":"Infernal Blade","floor":6},{"not_picked":["Armaments","Hemokinesis"],"picked":"Entrench","floor":7},{"not_picked":["Pommel Strike","Thunderclap"],"picked":"Metallicize","floor":8},{"not_picked":["Infernal Blade","Clash"],"picked":"Reaper","floor":10},{"not_picked":["Bloodletting","Sever Soul"],"picked":"Flex","floor":11},{"not_picked":["Corruption","Bloodletting"],"picked":"Anger","floor":13},{"not_picked":["True Grit","Iron Wave"],"picked":"Anger","floor":14},{"not_picked":["Brutality","Double Tap"],"picked":"Juggernaut","floor":16},{"not_picked":["Twin Strike","Dual Wield"],"picked":"Power Through","floor":17},{"not_picked":["Armaments","Blood for Blood"],"picked":"Fire Breathing","floor":17},{"not_picked":["Anger","Perfected Strike"],"picked":"Inflame","floor":17},{"not_picked":["Warcry","Thunderclap"],"picked":"Rage","floor":17},{"not_picked":["Reckless Charge","Searing Blow"],"picked":"Iron Wave","floor":17},{"not_picked":["Headbutt","Combust"],"picked":"Whirlwind","floor":18},{"not_picked":["Entrench","Sever Soul"],"picked":"Clash","floor":19},{"not_picked":["Bloodletting","Anger"],"picked":"Twin Strike+1","floor":20}],"player_experience":20568,"relics_obtained":[{"floor":6,"key":"Girya"},{"floor":9,"key":"Peace Pipe"},{"floor":26,"key":"Bottled Lightning"}],"event_choices":[{"damage_healed":0,"gold_gain":0,"player_choice":"Take Damage","damage_taken":20,"relics_obtained":["Golden Idol"],"max_hp_gain":0,"max_hp_loss":0,"event_name":"Golden Idol","floor":3,"gold_loss":0},{"damage_healed":0,"gold_gain":67,"player_choice":"Gained Gold","damage_taken":0,"max_hp_gain":0,"max_hp_loss":0,"event_name":"Golden Wing","floor":4,"gold_loss":0},{"damage_healed":20,"gold_gain":0,"player_choice":"Healed","damage_taken":0,"max_hp_gain":0,"max_hp_loss":0,"event_name":"The Cleric","floor":12,"gold_loss":35},{"damage_healed":0,"gold_gain":0,"player_choice":"Became a vampire","damage_taken":0,"max_hp_gain":0,"max_hp_loss":24,"event_name":"Vampires","floor":24,"gold_loss":0,"cards_obtained":["Bite","Bite","Bite","Bite","Bite"]},{"damage_healed":0,"gold_gain":0,"player_choice":"Opened","damage_taken":0,"relics_obtained":["WingedGreaves"],"max_hp_gain":0,"max_hp_loss":0,"event_name":"The Mausoleum","floor":30,"gold_loss":0,"cards_obtained":["Writhe"]},{"damage_healed":0,"gold_gain":0,"player_choice":"Got Potions","damage_taken":0,"max_hp_gain":0,"max_hp_loss":0,"event_name":"Lab","floor":31,"gold_loss":0}],"is_beta":false,"boss_relics":[{"not_picked":["Runic Cube","Cursed Key"],"picked":"Orrery"}],"items_purged_floors":[],"is_endless":false,"potions_floor_spawned":[1,5,7,16,20,22],"killed_by":"Automaton","ascension_level":0}