{"gold_per_floor":[119,131,131,96,108,128,153,153,207,207,237,255,280,280,280,382,382,397,447,461,511,521,521],"floor_reached":23,"playtime":2292,"items_purged":[],"score":243,"play_id":"cdc5e9d1-d364-44ba-8041-c874f7928faa","local_time":"20191013090750","is_ascension_mode":true,"campfire_choices":[{"data":"Catalyst","floor":10,"key":"SMITH"},{"data":"Leg Sweep","floor":15,"key":"SMITH"}],"neow_cost":"NONE","seed_source_timestamp":99890888818600,"circlet_count":0,"master_deck":["Strike_G","Strike_G","Strike_G","Strike_G","Strike_G","Defend_G","Defend_G","Defend_G","Defend_G","Defend_G","Survivor","Neutralize+1","Outmaneuver","Skewer","Noxious Fumes","PiercingWail","Catalyst+1","Leg Sweep+1","Blade Dance","Bane","Venomology","A Thousand Cuts","Dodge and Roll","RitualDagger","Dodge and Roll","Dodge and Roll+1"],"relics":["Ring of the Snake","Bronze Scales","Meat on the Bone","Bag of Preparation","Pen Nib","Bottled Lightning","Ancient Tea Set","SsserpentHead","Fusion Hammer"],"potions_floor_usage":[6,7,12,13,16,23,23],"damage_taken":[{"damage":0,"enemies":"Small Slimes","floor":1,"turns":3},{"damage":2,"enemies":"Cultist","floor":2,"turns":5},{"damage":7,"enemies":"Jaw Worm","floor":5,"turns":3},{"damage":3,"enemies":"Looter","floor":6,"turns":4},{"damage":24,"enemies":"3 Sentries","floor":7,"turns":9},{"damage":8,"enemies":"Lagavulin","floor":11,"turns":7},{"damage":13,"enemies":"Exordium Thugs","floor":12,"turns":5},{"damage":11,"enemies":"3 Sentries","floor":13,"turns":6},{"damage":34,"enemies":"Slime Boss","floor":16,"turns":14},{"damage":21,"enemies":"Chosen","floor":18,"turns":6},{"damage":5,"enemies":"3 Byrds","floor":20,"turns":3},{"damage":22,"enemies":"Snake Plant","floor":22,"turns":6},{"damage":32,"enemies":"Gremlin Leader","floor":23,"turns":2}],"seed_played":"-7103481699960414400","potions_obtained":[{"floor":2,"key":"AttackPotion"},{"floor":6,"key":"Fire Potion"},{"floor":7,"key":"Fire Potion"},{"floor":12,"key":"Energy Potion"}],"is_trial":false,"path_per_floor":["M","M","?","$","M","M","E","?","T","R","E","M","E","?","R","B",null,"M","?","M","?","M","E"],"character_chosen":"THE_SILENT","items_purchased":["Noxious Fumes"],"campfire_rested":0,"item_purchase_floors":[4],"current_hp_per_floor":[70,68,68,68,61,58,34,34,34,34,38,37,38,38,38,16,70,49,43,38,38,28,0],"gold":521,"neow_bonus":"RANDOM_COMMON_RELIC","is_prod":false,"is_daily":false,"chose_seed":false,"campfire_upgraded":2,"win_rate":0,"timestamp":1570972070,"path_taken":["M","M","?","$","?","M","E","?","T","R","E","M","E","?","R","BOSS","M","?","M","?","M","E"],"build_version":"2019-07-17","purchased_purges":0,"victory":false,"max_hp_per_floor":[70,70,70,70,70,70,70,70,70,70,70,70,70,70,70,70,70,70,70,70,70,70,70],"card_choices":[{"not_picked":["Slice","Sucker Punch"],"picked":"Outmaneuver","floor":1},{"not_picked":["Deflect","Underhanded Strike"],"picked":"Skewer","floor":2},{"not_picked":["Underhanded Strike","Sucker Punch"],"picked":"PiercingWail","floor":5},{"not_picked":["Deadly Poison","Bouncing Flask"],"picked":"Catalyst","floor":6},{"not_picked":["Slice","Skewer"],"picked":"Leg Sweep","floor":7},{"not_picked":["Setup","Dagger Throw"],"picked":"Blade Dance","floor":11},{"not_picked":["Masterful Stab","Deflect"],"picked":"Bane","floor":12},{"not_picked":["Masterful Stab","Crippling Poison"],"picked":"Venomology","floor":13},{"not_picked":["Burst","Corpse Explosion"],"picked":"A Thousand Cuts","floor":16},{"not_picked":["PiercingWail+1","Underhanded Strike"],"picked":"Dodge and Roll","floor":18},{"not_picked":["Quick Slash","Flying Knee"],"picked":"Dodge and Roll","floor":20},{"not_picked":["PiercingWail","Deflect+1"],"picked":"Dodge and Roll+1","floor":22}],"player_experience":204990,"relics_obtained":[{"floor":7,"key":"Meat on the Bone"},{"floor":9,"key":"Pen Nib"},{"floor":11,"key":"Bottled Lightning"},{"floor":13,"key":"Ancient Tea Set"}],"event_choices":[{"damage_healed":0,"gold_gain":0,"player_choice":"Upgraded","damage_taken":0,"max_hp_gain":0,"max_hp_loss":0,"event_name":"Upgrade Shrine","floor":3,"gold_loss":0,"cards_upgraded":["Neutralize"]},{"damage_healed":0,"gold_gain":0,"player_choice":"Box","damage_taken":0,"relics_obtained":["Bag of Preparation"],"max_hp_gain":0,"max_hp_loss":0,"event_name":"Big Fish","floor":8,"gold_loss":0,"cards_obtained":["Regret"]},{"damage_healed":0,"gold_gain":0,"player_choice":"Trade","damage_taken":0,"relics_obtained":["SsserpentHead"],"max_hp_gain":0,"max_hp_loss":0,"event_name":"FaceTrader","floor":14,"gold_loss":0},{"damage_healed":0,"gold_gain":0,"player_choice":"Joined the Cult","damage_taken":6,"max_hp_gain":0,"max_hp_loss":0,"event_name":"Nest","floor":19,"gold_loss":0,"cards_obtained":["RitualDagger"]},{"cards_removed":["Regret"],"damage_healed":0,"gold_gain":0,"player_choice":"Purged","damage_taken":0,"max_hp_gain":0,"max_hp_loss":0,"event_name":"Purifier","floor":21,"gold_loss":0}],"is_beta":false,"boss_relics":[{"not_picked":["HoveringKite","Tiny House"],"picked":"Fusion Hammer"}],"items_purged_floors":[],"is_endless":false,"potions_floor_spawned":[2,6,7,12],"killed_by":"Gremlin Leader","ascension_level":3}