{"gold_per_floor":[16,28,48,107,107,107,137,48,73,106,106,135,151,34,34,134,134,146,163,163,178,178,178,204,216,216,216,242,242,269,269,269,366,366,382,0,19,35,55,87,104,104,104,104,119,219,219,247,247,247,247,247,29,61,61],"floor_reached":55,"playtime":5149,"items_purged":["Rupture"],"score":783,"play_id":"c06c5293-6fe7-4485-b00d-27bf5d256b0a","local_time":"20190918223648","is_ascension_mode":false,"campfire_choices":[{"data":"Uppercut","floor":6,"key":"SMITH"},{"data":"Enlightenment","floor":11,"key":"SMITH"},{"data":"Disarm","floor":15,"key":"SMITH"},{"data":"Heavy Blade","floor":23,"key":"SMITH"},{"data":"Berserk","floor":27,"key":"SMITH"},{"data":"Inflame","floor":29,"key":"SMITH"},{"floor":32,"key":"REST"},{"data":"Heavy Blade","floor":44,"key":"SMITH"},{"floor":47,"key":"RECALL"},{"data":"Spot Weakness","floor":49,"key":"SMITH"},{"data":"Dark Shackles","floor":52,"key":"SMITH"}],"neow_cost":"NO_GOLD","seed_source_timestamp":0,"circlet_count":0,"master_deck":["Strike_R","Strike_R+1","Defend_R","Defend_R","Defend_R","Bash","Seeing Red+1","Uppercut+1","Iron Wave+1","Impervious","Enlightenment+1","Disarm+1","Shrug It Off","Inflame+1","Rampage","Berserk+1","Spot Weakness+1","Heavy Blade+1","Pummel","Berserk","Rupture","Warcry+1","Disarm","Iron Wave","Double Tap","Berserk+1","Double Tap+1","Reckless Charge+1","Feel No Pain","Dark Shackles+1","Rupture+1","Rage","Heavy Blade+1","Burning Pact","Twin Strike+1","Writhe","Bludgeon+1","Metallicize+1","Flex+1","Shockwave","Heavy Blade+1"],"special_seed":0,"relics":["Burning Blood","Bird Faced Urn","Orichalcum","Mummified Hand","Oddly Smooth Stone","SlaversCollar","Centennial Puzzle","Self Forming Clay","Ornamental Fan","Red Mask","Boot","Astrolabe","Brimstone","Red Skull","Molten Egg 2","Dodecahedron","Thread and Needle","Strawberry","Whetstone"],"potions_floor_usage":[7,16,16,16,21,21,24,28,38,40,41,50,54,55,55,55],"damage_taken":[{"damage":6.0,"enemies":"Jaw Worm","floor":1.0,"turns":3.0},{"damage":6,"enemies":"2 Louse","floor":2,"turns":2},{"damage":6,"enemies":"Cultist","floor":3,"turns":3},{"damage":20,"enemies":"Lagavulin","floor":7,"turns":6},{"damage":29,"enemies":"3 Sentries","floor":10,"turns":13},{"damage":24,"enemies":"Lagavulin","floor":12,"turns":8},{"damage":0,"enemies":"Blue Slaver","floor":13,"turns":3},{"damage":27,"enemies":"The Guardian","floor":16,"turns":8},{"damage":21,"enemies":"Spheric Guardian","floor":18,"turns":6},{"damage":5,"enemies":"Shell Parasite","floor":19,"turns":4},{"damage":8,"enemies":"Centurion and Healer","floor":21,"turns":7},{"damage":22,"enemies":"Slavers","floor":24,"turns":5},{"damage":6,"enemies":"Snake Plant","floor":25,"turns":3},{"damage":56,"enemies":"Masked Bandits","floor":28,"turns":7},{"damage":36,"enemies":"Gremlin Leader","floor":30,"turns":8},{"damage":36,"enemies":"Champ","floor":33,"turns":11},{"damage":9,"enemies":"3 Shapes","floor":35,"turns":4},{"damage":8,"enemies":"Orb Walker","floor":37,"turns":2},{"damage":80,"enemies":"Writhing Mass","floor":38,"turns":7},{"damage":15,"enemies":"Sphere and 2 Shapes","floor":39,"turns":4},{"damage":5,"enemies":"Nemesis","floor":40,"turns":3},{"damage":25,"enemies":"4 Shapes","floor":41,"turns":5},{"damage":5,"enemies":"Jaw Worm Horde","floor":45,"turns":3},{"damage":0,"enemies":"Mind Bloom Boss Battle","floor":46,"turns":5},{"damage":16,"enemies":"Reptomancer","floor":48,"turns":4},{"damage":50,"enemies":"Donu and Deca","floor":50,"turns":6},{"damage":27,"enemies":"Shield and Spear","floor":54,"turns":6},{"damage":88,"enemies":"The Heart","floor":55,"turns":5}],"seed_played":"6984543143021473361","potions_obtained":[{"floor":2,"key":"FearPotion"},{"floor":3,"key":"SkillPotion"},{"floor":10,"key":"Explosive Potion"},{"floor":12,"key":"SpeedPotion"},{"floor":13,"key":"PowerPotion"},{"floor":18,"key":"Energy Potion"},{"floor":19,"key":"Strength Potion"},{"floor":21,"key":"SkillPotion"},{"floor":25,"key":"EssenceOfSteel"},{"floor":33,"key":"Explosive Potion"},{"floor":37,"key":"DuplicationPotion"},{"floor":40,"key":"Poison Potion"},{"floor":41,"key":"Ancient Potion"},{"floor":48,"key":"GamblersBrew"},{"floor":54,"key":"AttackPotion"}],"is_trial":false,"path_per_floor":["M","M","M","?","?","R","E","$","T","E","R","E","M","$","R","B",null,"M","M","?","M","?","R","E","M","T","R","?","R","E","?","R","B",null,"M","$","M","M","M","E","M","?","T","R","M","?","R","E","R","B",null,"R","$","E","B"],"character_chosen":"IRONCLAD","items_purchased":["Enlightenment","Inflame","Rampage","Brimstone","Red Skull","Dark Shackles","Shockwave","Block Potion","SkillPotion"],"campfire_rested":1,"item_purchase_floors":[8,14,14,36,36,36,53,53,53],"current_hp_per_floor":[80,80,80,80,80,80,66,66,66,43,43,25,31,31,31,16,80,65,72,72,76,76,76,66,74,74,74,28,28,8,8,32,12,80,78,78,80,14,17,22,13,33,33,33,36,50,50,53,53,23,87,87,87,74,0],"gold":61,"neow_bonus":"ONE_RARE_RELIC","is_prod":false,"is_daily":false,"chose_seed":false,"campfire_upgraded":9,"win_rate":0,"timestamp":1568803008,"path_taken":["M","M","M","?","?","R","E","$","T","E","R","E","M","$","R","BOSS","M","M","?","M","?","R","E","?","T","R","?","R","E","?","R","BOSS","M","$","M","M","M","E","M","?","T","R","M","?","R","E","R","BOSS","R","$","E","BOSS"],"build_version":"2019-09-17","purchased_purges":1,"victory":false,"max_hp_per_floor":[80,80,80,80,80,80,80,80,80,80,80,80,80,80,80,80,80,80,80,80,80,80,80,80,80,80,80,80,80,80,80,80,80,80,80,80,80,80,80,80,80,80,80,80,80,80,80,87,87,87,87,87,87,87,87],"card_choices":[{"not_picked":["Anger","Cleave"],"picked":"Seeing Red","floor":1.0},{"not_picked":["Cleave","Headbutt"],"picked":"Uppercut","floor":2},{"not_picked":["Blood for Blood","Anger"],"picked":"Iron Wave","floor":3},{"not_picked":["True Grit","Clash"],"picked":"Impervious","floor":7},{"not_picked":["Clothesline","Burning Pact"],"picked":"Disarm","floor":10},{"not_picked":["Sword Boomerang","Warcry"],"picked":"Shrug It Off","floor":12},{"not_picked":["Inflame","Flex"],"picked":"Rupture","floor":13},{"not_picked":["Reaper","Barricade"],"picked":"Berserk","floor":16},{"not_picked":["Armaments","Intimidate"],"picked":"Spot Weakness","floor":18},{"not_picked":["Twin Strike+1","Perfected Strike+1"],"picked":"Heavy Blade","floor":19},{"not_picked":["Perfected Strike+1","Anger"],"picked":"Pummel","floor":21},{"not_picked":["Rage","Armaments"],"picked":"Berserk","floor":24},{"not_picked":["Dropkick","Heavy Blade"],"picked":"Rupture","floor":25},{"not_picked":["Sword Boomerang","Headbutt+1"],"picked":"Warcry+1","floor":28},{"not_picked":["Shrug It Off+1","Flame Barrier"],"picked":"Disarm","floor":30},{"not_picked":["Fiend Fire","Impervious"],"picked":"Double Tap","floor":33},{"not_picked":["Perfected Strike+1","Ghostly Armor+1"],"picked":"Feel No Pain","floor":35},{"not_picked":["Cleave","Sword Boomerang"],"picked":"Rupture+1","floor":37},{"not_picked":["Clothesline+1","Iron Wave+1"],"picked":"Rage","floor":38},{"not_picked":["Anger","Warcry+1"],"picked":"Heavy Blade","floor":39},{"not_picked":["Sword Boomerang+1","Clothesline"],"picked":"Burning Pact","floor":40},{"not_picked":["Clash+1","Burning Pact"],"picked":"Twin Strike+1","floor":41},{"not_picked":["Pommel Strike+1","Fire Breathing"],"picked":"Bludgeon+1","floor":45},{"not_picked":["Twin Strike+1","Disarm"],"picked":"Metallicize+1","floor":46},{"not_picked":["Entrench","Cleave+1"],"picked":"Flex+1","floor":48},{"not_picked":["Searing Blow+1","Twin Strike+1"],"picked":"Heavy Blade+1","floor":54}],"player_experience":67379,"relics_obtained":[{"floor":7,"key":"Orichalcum"},{"floor":10,"key":"Mummified Hand"},{"floor":12,"key":"Oddly Smooth Stone"},{"floor":24,"key":"Self Forming Clay"},{"floor":26,"key":"Ornamental Fan"},{"floor":28,"key":"Red Mask"},{"floor":30,"key":"Boot"},{"floor":40,"key":"Molten Egg 2"},{"floor":43,"key":"Dodecahedron"},{"floor":46,"key":"Thread and Needle"},{"floor":48,"key":"Strawberry"},{"floor":54,"key":"Whetstone"}],"event_choices":[{"damage_healed":0,"gold_gain":59,"player_choice":"Gained Gold","damage_taken":0,"max_hp_gain":0,"max_hp_loss":0,"event_name":"Golden Wing","floor":4,"gold_loss":0},{"damage_healed":0,"gold_gain":0,"player_choice":"Grow","damage_taken":0,"max_hp_gain":0,"max_hp_loss":0,"event_name":"Living Wall","floor":5,"gold_loss":0,"cards_upgraded":["Seeing Red"]},{"damage_healed":0,"gold_gain":0,"player_choice":"Opened","damage_taken":0,"relics_obtained":["Centennial Puzzle"],"max_hp_gain":0,"max_hp_loss":0,"event_name":"The Mausoleum","floor":20,"gold_loss":0,"cards_obtained":["Writhe"]},{"cards_removed":["Writhe"],"damage_healed":0,"gold_gain":0,"player_choice":"Removed Curses","damage_taken":0,"max_hp_gain":0,"max_hp_loss":0,"event_name":"Fountain of Cleansing","floor":22,"gold_loss":0},{"damage_healed":0,"gold_gain":0,"player_choice":"Fought Bandits","damage_taken":0,"max_hp_gain":0,"max_hp_loss":0,"event_name":"Masked Bandits","floor":28,"gold_loss":0},{"cards_removed":["Strike_R"],"damage_healed":0,"gold_gain":0,"player_choice":"Took Card","damage_taken":0,"max_hp_gain":0,"max_hp_loss":0,"event_name":"NoteForYourself","floor":31,"gold_loss":0,"cards_obtained":["Iron Wave"]},{"damage_healed":20,"gold_gain":0,"player_choice":"Writhe","damage_taken":0,"max_hp_gain":0,"max_hp_loss":0,"event_name":"Winding Halls","floor":42,"gold_loss":0,"cards_obtained":["Writhe"]},{"damage_healed":0,"gold_gain":0,"player_choice":"Fight","damage_taken":0,"max_hp_gain":0,"max_hp_loss":0,"event_name":"MindBloom","floor":46,"gold_loss":0}],"is_beta":true,"boss_relics":[{"not_picked":["SacredBark","Philosopher\u0027s Stone"],"picked":"SlaversCollar"},{"not_picked":["Busted Crown","Tiny House"],"picked":"Astrolabe"}],"items_purged_floors":[53],"is_endless":false,"potions_floor_spawned":[2,3,10,12,13,18,19,21,25,33,37,40,41,48,54],"killed_by":"The Heart","ascension_level":0}