{"gold_per_floor":[117,129,39,57,73,108,123,158,158,158,333,360,360,49,49,144,144,156,172,87,87,87,87],"floor_reached":23,"playtime":1351,"items_purged":["Regret"],"score":352,"play_id":"5d5a16f5-6b1f-41ea-96b9-38c60eeac6a0","local_time":"20191002001821","is_ascension_mode":true,"campfire_choices":[{"data":"Setup","floor":10,"key":"SMITH"},{"data":"Envenom","floor":15,"key":"SMITH"}],"neow_cost":"NONE","seed_source_timestamp":19792661995712,"circlet_count":0,"master_deck":["Survivor","Neutralize","Malaise","Masterful Stab","Catalyst","Discovery","Terror","Backstab","Night Terror","Setup+1","Crippling Poison","Outmaneuver","Envenom+1","Prepared","Grand Finale","Backflip","Acrobatics","Blur","Predator","Die Die Die","Escape Plan","Cloak And Dagger","Catalyst","Calculated Gamble","Backflip","Footwork","Setup"],"relics":["Ring of the Snake","Toy Ornithopter","Bottled Lightning","Pear","Tingsha","Pandora\u0027s Box","Strawberry"],"potions_floor_usage":[6,8,12,16,19,23],"damage_taken":[{"damage":2,"enemies":"Cultist","floor":1,"turns":5},{"damage":0,"enemies":"Jaw Worm","floor":2,"turns":4},{"damage":0,"enemies":"2 Louse","floor":4,"turns":3},{"damage":3,"enemies":"Looter","floor":5,"turns":3},{"damage":11,"enemies":"Gremlin Nob","floor":6,"turns":3},{"damage":6,"enemies":"Lots of Slimes","floor":7,"turns":5},{"damage":14,"enemies":"3 Sentries","floor":8,"turns":10},{"damage":21,"enemies":"Lagavulin","floor":12,"turns":11},{"damage":0,"enemies":"Slime Boss","floor":16,"turns":3},{"damage":23,"enemies":"Chosen","floor":18,"turns":7},{"damage":23,"enemies":"Shell Parasite","floor":19,"turns":6},{"damage":55,"enemies":"Slavers","floor":23,"turns":5}],"seed_played":"1163597439311318263","potions_obtained":[{"floor":2,"key":"Strength Potion"},{"floor":4,"key":"AttackPotion"},{"floor":5,"key":"SkillPotion"},{"floor":16,"key":"Ancient Potion"},{"floor":18,"key":"DuplicationPotion"}],"is_trial":false,"path_per_floor":["M","M","$","M","M","E","M","E","T","R","?","E","?","$","R","B",null,"M","M","?","?","?","E"],"character_chosen":"THE_SILENT","items_purchased":["Discovery","Envenom","Prepared","SkillPotion"],"campfire_rested":0,"item_purchase_floors":[3,14,14,14],"current_hp_per_floor":[68,68,68,68,65,54,48,39,39,39,39,33,33,33,33,38,80,57,39,46,46,46,0],"gold":87,"neow_bonus":"ONE_RANDOM_RARE_CARD","is_prod":false,"is_daily":false,"chose_seed":false,"campfire_upgraded":2,"win_rate":0,"timestamp":1569928701,"path_taken":["M","?","$","M","M","E","M","E","T","R","?","E","?","$","R","BOSS","M","M","?","?","?","E"],"build_version":"2019-09-27","purchased_purges":1,"victory":false,"max_hp_per_floor":[70,70,70,70,70,70,70,70,70,70,70,80,80,80,80,80,80,80,80,87,87,87,87],"card_choices":[{"not_picked":["Poisoned Stab","Bane"],"picked":"Masterful Stab","floor":1},{"not_picked":["Escape Plan","Concentrate"],"picked":"Catalyst","floor":2},{"not_picked":["Dodge and Roll","Flying Knee"],"picked":"Terror","floor":4},{"not_picked":["Slice","Eviscerate"],"picked":"Backstab","floor":5},{"not_picked":["Infinite Blades","Flechettes"],"picked":"Night Terror","floor":6},{"not_picked":["Backflip","Cloak And Dagger"],"picked":"Setup","floor":7},{"not_picked":["Dodge and Roll","Dagger Throw","Crippling Poison"],"picked":"SKIP","floor":8},{"not_picked":["Dodge and Roll","Dagger Throw"],"picked":"Crippling Poison","floor":8},{"not_picked":["Malaise","Backstab"],"picked":"Outmaneuver","floor":12},{"not_picked":["A Thousand Cuts","Unload"],"picked":"Grand Finale","floor":16},{"not_picked":["Deflect","Endless Agony"],"picked":"Footwork","floor":18},{"not_picked":["Flying Knee","Expertise"],"picked":"Setup","floor":19}],"player_experience":133649,"relics_obtained":[{"floor":6,"key":"Toy Ornithopter"},{"floor":8,"key":"Bottled Lightning"},{"floor":12,"key":"Pear"}],"event_choices":[{"damage_healed":0,"gold_gain":175,"player_choice":"AGREE","damage_taken":0,"max_hp_gain":0,"max_hp_loss":0,"event_name":"Liars Game","floor":11,"gold_loss":0,"cards_obtained":["Doubt"]},{"damage_healed":0,"gold_gain":0,"player_choice":"Box","damage_taken":0,"relics_obtained":["Tingsha"],"max_hp_gain":0,"max_hp_loss":0,"event_name":"Big Fish","floor":13,"gold_loss":0,"cards_obtained":["Regret"]},{"damage_healed":0,"gold_gain":0,"player_choice":"Obtained Relic","damage_taken":0,"relics_obtained":["Strawberry"],"max_hp_gain":0,"max_hp_loss":0,"event_name":"Addict","floor":20,"gold_loss":85},{"damage_healed":0,"gold_gain":0,"player_choice":"Ignored","damage_taken":0,"max_hp_gain":0,"max_hp_loss":0,"event_name":"Vampires","floor":21,"gold_loss":0},{"cards_removed":["Doubt"],"damage_healed":0,"gold_gain":0,"player_choice":"Elegance","damage_taken":0,"max_hp_gain":0,"max_hp_loss":0,"event_name":"Back to Basics","floor":22,"gold_loss":0}],"is_beta":true,"boss_relics":[{"not_picked":["Velvet Choker","Runic Dome"],"picked":"Pandora\u0027s Box"}],"items_purged_floors":[14],"is_endless":false,"potions_floor_spawned":[2,4,5,16,18],"killed_by":"Slavers","ascension_level":3}