{"gold_per_floor":[110,125,57,77,91,119,119,119,166,166,47,47,47,77,77,173,173,189,114,128,128,128,155,155,167,192,192,210,210,210,155,155,253,253,269,269,287,64,79,79,105,121,202,202,202,202,213,225,225,225,225,225,9,37,37],"floor_reached":55,"playtime":4032,"items_purged":["Thunderclap","Bash"],"score":723,"play_id":"713be63e-693f-4379-958d-679904e3feb7","local_time":"20190920215334","is_ascension_mode":false,"campfire_choices":[{"data":"Fire Breathing","floor":7,"key":"SMITH"},{"data":"Power Through","floor":10,"key":"SMITH"},{"data":"Evolve","floor":15,"key":"SMITH"},{"data":"Fiend Fire","floor":24,"key":"SMITH"},{"data":"Warcry","floor":27,"key":"SMITH"},{"data":"Metallicize","floor":29,"key":"SMITH"},{"data":"Metallicize","floor":32,"key":"SMITH"},{"data":"Power Through","floor":40,"key":"SMITH"},{"data":"Juggernaut","floor":44,"key":"SMITH"},{"floor":49,"key":"RECALL"},{"data":"Fire Breathing","floor":52,"key":"SMITH"}],"neow_cost":"NONE","seed_source_timestamp":9737332113180,"circlet_count":0,"master_deck":["Wild Strike","Fire Breathing+1","Shrug It Off+1","Reckless Charge","Warcry+1","Power Through+1","Shrug It Off+1","Evolve+1","Finesse","Feel No Pain","Fiend Fire+1","Armaments+1","Writhe","Rampage","Metallicize+1","Wild Strike","Metallicize+1","Juggernaut+1","Power Through+1","Immolate","Feel No Pain","Jack Of All Trades","Warcry+1","Warcry","Fire Breathing+1","Fiend Fire","Metallicize","Berserk"],"relics":["Burning Blood","Darkstone Periapt","Toy Ornithopter","War Paint","Strawberry","Empty Cage","Mercury Hourglass","Smiling Mask","Vajra","Tiny Chest","Pandora\u0027s Box","The Courier","Sundial","Bottled Lightning","Magic Flower","Eternal Feather"],"potions_floor_usage":[6,16,33,39,41,50,54,55],"damage_taken":[{"damage":1,"enemies":"Cultist","floor":1,"turns":3},{"damage":9,"enemies":"Jaw Worm","floor":2,"turns":4},{"damage":2,"enemies":"2 Louse","floor":4,"turns":3},{"damage":3,"enemies":"2 Fungi Beasts","floor":5,"turns":4},{"damage":3,"enemies":"Lagavulin","floor":6,"turns":7},{"damage":9,"enemies":"Gremlin Nob","floor":14,"turns":5},{"damage":23,"enemies":"Hexaghost","floor":16,"turns":8},{"damage":9,"enemies":"2 Thieves","floor":18,"turns":3},{"damage":13,"enemies":"Shell Parasite","floor":20,"turns":4},{"damage":11,"enemies":"Gremlin Leader","floor":23,"turns":6},{"damage":15,"enemies":"Shelled Parasite and Fungi","floor":25,"turns":6},{"damage":0,"enemies":"Cultist and Chosen","floor":28,"turns":4},{"damage":24,"enemies":"Collector","floor":33,"turns":8},{"damage":9,"enemies":"Orb Walker","floor":35,"turns":4},{"damage":3,"enemies":"3 Shapes","floor":37,"turns":4},{"damage":34,"enemies":"Transient","floor":39,"turns":5},{"damage":28,"enemies":"Giant Head","floor":41,"turns":10},{"damage":0,"enemies":"Maw","floor":42,"turns":8},{"damage":22,"enemies":"Sphere and 2 Shapes","floor":47,"turns":4},{"damage":21,"enemies":"Writhing Mass","floor":48,"turns":5},{"damage":26,"enemies":"Donu and Deca","floor":50,"turns":6},{"damage":96,"enemies":"Shield and Spear","floor":54,"turns":6},{"damage":86,"enemies":"The Heart","floor":55,"turns":3}],"seed_played":"-742422824923209942","potions_obtained":[{"floor":4,"key":"Weak Potion"},{"floor":5,"key":"DuplicationPotion"},{"floor":18,"key":"FearPotion"},{"floor":20,"key":"PowerPotion"},{"floor":25,"key":"ElixirPotion"},{"floor":37,"key":"LiquidBronze"},{"floor":41,"key":"BloodPotion"},{"floor":47,"key":"FearPotion"}],"is_trial":false,"path_per_floor":["M","M","$","M","M","E","R","?","T","R","$","T","?","E","R","B",null,"M","?","M","?","?","E","R","M","T","R","M","R","?","?","R","B",null,"M","?","M","$","M","R","E","M","T","R","T","T","M","M","R","B",null,"R","$","E","B"],"character_chosen":"IRONCLAD","items_purchased":["Reckless Charge","Evolve","Finesse","Feel No Pain","Jack Of All Trades","Fiend Fire","Metallicize"],"campfire_rested":0,"item_purchase_floors":[3,11,11,38,38,53,53],"current_hp_per_floor":[80,77,77,80,80,80,80,80,80,80,80,80,73,77,77,65,87,84,84,77,83,83,78,78,69,69,69,75,75,57,57,57,44,98,95,98,98,98,75,75,58,64,64,64,64,64,51,39,39,30,98,98,98,53,0],"gold":37,"neow_bonus":"TRANSFORM_CARD","is_prod":false,"is_daily":false,"chose_seed":false,"campfire_upgraded":10,"win_rate":0,"timestamp":1568973214,"path_taken":["M","?","$","M","M","E","R","?","T","R","$","?","?","E","R","BOSS","M","?","M","?","?","E","R","?","T","R","M","R","?","?","R","BOSS","M","?","M","?","M","R","E","M","T","R","?","?","M","?","R","BOSS","R","$","E","BOSS"],"build_version":"2019-09-19","purchased_purges":2,"victory":false,"max_hp_per_floor":[80,80,80,80,80,80,80,80,80,80,80,80,80,87,87,87,87,87,87,87,93,93,93,93,93,93,93,93,93,98,98,98,98,98,98,98,98,98,98,98,98,98,98,98,98,98,98,98,98,98,98,98,98,98,98],"card_choices":[{"not_picked":["Wild Strike","Evolve"],"picked":"Fire Breathing","floor":1},{"not_picked":["Thunderclap","Hemokinesis"],"picked":"Shrug It Off","floor":2},{"not_picked":["Searing Blow","Inflame"],"picked":"Warcry","floor":4},{"not_picked":["Whirlwind","Heavy Blade"],"picked":"Power Through","floor":5},{"not_picked":["Headbutt","Flex"],"picked":"Shrug It Off","floor":6},{"not_picked":["Sword Boomerang","Twin Strike"],"picked":"Feel No Pain","floor":14},{"not_picked":["Double Tap","Reaper"],"picked":"Fiend Fire","floor":16},{"not_picked":["Body Slam","Armaments","Shockwave"],"picked":"SKIP","floor":18},{"not_picked":["Clash","Thunderclap"],"picked":"Armaments+1","floor":20},{"not_picked":["Body Slam+1","Corruption"],"picked":"Metallicize","floor":23},{"not_picked":["Flex","Armaments+1"],"picked":"Wild Strike","floor":25},{"not_picked":["Wild Strike","Thunderclap+1"],"picked":"Metallicize","floor":28},{"not_picked":["Reaper","Double Tap"],"picked":"Juggernaut","floor":33},{"not_picked":["Inflame","Body Slam","Flex+1"],"picked":"SKIP","floor":35},{"not_picked":["Pummel","Blood for Blood","Wild Strike+1"],"picked":"SKIP","floor":37},{"not_picked":["Headbutt+1","Cleave","Combust"],"picked":"SKIP","floor":39},{"not_picked":["Clash+1","Rage+1"],"picked":"Warcry+1","floor":41},{"not_picked":["Twin Strike","Iron Wave+1"],"picked":"Warcry","floor":42},{"not_picked":["Feel No Pain+1","Wild Strike+1"],"picked":"Fire Breathing","floor":47},{"not_picked":["Headbutt+1","Warcry","Twin Strike"],"picked":"SKIP","floor":48},{"not_picked":["True Grit","Heavy Blade+1"],"picked":"Berserk","floor":54}],"player_experience":76539,"relics_obtained":[{"floor":6,"key":"Darkstone Periapt"},{"floor":9,"key":"Toy Ornithopter"},{"floor":14,"key":"Strawberry"},{"floor":23,"key":"Smiling Mask"},{"floor":26,"key":"Vajra"},{"floor":41,"key":"The Courier"},{"floor":43,"key":"Sundial"},{"floor":45,"key":"Bottled Lightning"},{"floor":46,"key":"Magic Flower"},{"floor":54,"key":"Eternal Feather"}],"event_choices":[{"cards_removed":["Strike_R"],"damage_healed":0,"gold_gain":0,"player_choice":"Took Card","damage_taken":0,"max_hp_gain":0,"max_hp_loss":0,"event_name":"NoteForYourself","floor":8,"gold_loss":0,"cards_obtained":["Strike_R"]},{"damage_healed":0,"gold_gain":0,"player_choice":"Success","damage_taken":7,"relics_obtained":["War Paint"],"max_hp_gain":0,"max_hp_loss":0,"event_name":"Scrap Ooze","floor":13,"gold_loss":0},{"cards_removed":["Strike_R"],"damage_healed":0,"gold_gain":0,"player_choice":"Gave Gold","damage_taken":0,"max_hp_gain":0,"max_hp_loss":0,"event_name":"Beggar","floor":19,"gold_loss":75},{"damage_healed":0,"gold_gain":0,"player_choice":"Opened","damage_taken":0,"relics_obtained":["Mercury Hourglass"],"max_hp_gain":0,"max_hp_loss":0,"event_name":"The Mausoleum","floor":21,"gold_loss":0,"cards_obtained":["Writhe"]},{"damage_healed":0,"gold_gain":0,"cards_transformed":["Defend_R"],"player_choice":"Transformed","damage_taken":0,"max_hp_gain":0,"max_hp_loss":0,"event_name":"Transmorgrifier","floor":22,"gold_loss":0,"cards_obtained":["Rampage"]},{"damage_healed":0,"gold_gain":0,"player_choice":"Shed Blood","damage_taken":23,"max_hp_gain":5,"max_hp_loss":0,"event_name":"Forgotten Altar","floor":30,"gold_loss":0},{"damage_healed":0,"gold_gain":0,"player_choice":"Obtained Relic","damage_taken":0,"relics_obtained":["Tiny Chest"],"max_hp_gain":0,"max_hp_loss":0,"event_name":"Addict","floor":31,"gold_loss":85},{"cards_removed":["Dropkick"],"damage_healed":3,"gold_gain":0,"player_choice":"Offered Uncommon","damage_taken":0,"max_hp_gain":0,"max_hp_loss":0,"event_name":"Bonfire Elementals","floor":36,"gold_loss":0}],"is_beta":true,"boss_relics":[{"not_picked":["SlaversCollar","Runic Pyramid"],"picked":"Empty Cage"},{"not_picked":["Velvet Choker","Runic Dome"],"picked":"Pandora\u0027s Box"}],"items_purged_floors":[38,53],"is_endless":false,"potions_floor_spawned":[4,5,18,20,25,37,41,47],"killed_by":"The Heart","ascension_level":0}