{"gold_per_floor":[118,134,151,166,183,183,149,207,260,260,272,85,104,129,129,224,224,239,255,255,265,81,81,100,100,100,100,115,8,8],"floor_reached":30,"playtime":4690,"items_purged":[],"score":249,"play_id":"636152d4-da1f-4bdf-88f3-dc9e61a63539","local_time":"20191008001544","is_ascension_mode":false,"campfire_choices":[{"data":"Neutralize","floor":6,"key":"SMITH"},{"floor":10,"key":"REST"},{"floor":15,"key":"REST"},{"floor":23,"key":"REST"},{"floor":25,"key":"REST"},{"floor":27,"key":"REST"}],"neow_cost":"NONE","seed_source_timestamp":309647272089300,"circlet_count":0,"master_deck":["Strike_G","Strike_G","Strike_G","Strike_G","Strike_G","Defend_G","Defend_G","Defend_G","Defend_G","Defend_G","Survivor","Neutralize+1","Deadly Poison","Finisher","Skewer","Crippling Poison","Well Laid Plans","PiercingWail","Outmaneuver","Deflect","PiercingWail","Footwork","Swift Strike","Malaise","Bouncing Flask","Deflect","After Image","Finisher","Poisoned Stab","Catalyst","Infinite Blades","Acrobatics","Good Instincts","Leg Sweep+1","Deflect","Backflip","Caltrops+1","Noxious Fumes","Escape Plan"],"relics":["Ring of the Snake","NeowsBlessing","Ninja Scroll","Dream Catcher","Odd Mushroom","Gremlin Horn"],"potions_floor_usage":[4,14,16,19,21,21,28,30,30],"damage_taken":[{"damage":0,"enemies":"Cultist","floor":1,"turns":1},{"damage":0,"enemies":"2 Louse","floor":2,"turns":1},{"damage":0,"enemies":"Jaw Worm","floor":3,"turns":1},{"damage":7,"enemies":"Large Slime","floor":4,"turns":9},{"damage":9,"enemies":"Exordium Thugs","floor":5,"turns":5},{"damage":1,"enemies":"Gremlin Nob","floor":8,"turns":3},{"damage":3,"enemies":"Exordium Wildlife","floor":11,"turns":3},{"damage":9,"enemies":"3 Louse","floor":13,"turns":6},{"damage":3,"enemies":"The Mushroom Lair","floor":14,"turns":5},{"damage":7,"enemies":"Hexaghost","floor":16,"turns":12},{"damage":4,"enemies":"3 Byrds","floor":18,"turns":5},{"damage":10,"enemies":"Spheric Guardian","floor":19,"turns":3},{"damage":34,"enemies":"Shelled Parasite and Fungi","floor":21,"turns":8},{"damage":5,"enemies":"Chosen and Byrds","floor":24,"turns":5},{"damage":42,"enemies":"Cultist and Chosen","floor":28,"turns":10},{"damage":33,"enemies":"3 Cultists","floor":30,"turns":6}],"seed_played":"8022533587343368998","potions_obtained":[{"floor":1,"key":"Block Potion"},{"floor":5,"key":"SpeedPotion"},{"floor":13,"key":"Dexterity Potion"},{"floor":16,"key":"EntropicBrew"},{"floor":21,"key":"Strength Potion"},{"floor":28,"key":"SkillPotion"}],"is_trial":false,"path_per_floor":["M","M","M","M","M","R","?","?","T","R","M","$","M","?","R","B",null,"M","M","?","M","$","R","M","R","T","R","M","$","M"],"character_chosen":"THE_SILENT","items_purchased":["PiercingWail","Footwork","Swift Strike","Infinite Blades","Acrobatics","Good Instincts","Noxious Fumes","Escape Plan"],"campfire_rested":5,"item_purchase_floors":[12,12,12,22,22,22,29,29],"current_hp_per_floor":[70,70,70,63,54,54,54,53,53,70,67,67,58,55,70,63,70,66,56,56,22,22,43,38,59,59,70,28,28,0],"gold":8,"neow_bonus":"THREE_ENEMY_KILL","is_prod":false,"is_daily":false,"chose_seed":false,"campfire_upgraded":1,"win_rate":0.0,"timestamp":1570490144,"path_taken":["M","?","M","M","M","R","?","?","T","R","M","$","M","?","R","BOSS","M","M","?","M","?","R","M","R","T","R","M","?","M"],"build_version":"2019-07-17","purchased_purges":0,"victory":false,"max_hp_per_floor":[70,70,70,70,70,70,70,70,70,70,70,70,70,70,70,70,70,70,70,70,70,70,70,70,70,70,70,70,70,70],"card_choices":[{"not_picked":["Tactician","Dagger Throw"],"picked":"Deadly Poison","floor":1},{"not_picked":["Slice","Endless Agony"],"picked":"Finisher","floor":2},{"not_picked":["Calculated Gamble","Deadly Poison"],"picked":"Skewer","floor":3},{"not_picked":["Prepared","Sucker Punch"],"picked":"Crippling Poison","floor":4},{"not_picked":["Outmaneuver","Flying Knee"],"picked":"Well Laid Plans","floor":5},{"not_picked":["Terror","Bane"],"picked":"PiercingWail","floor":8},{"not_picked":["Expertise","Reflex"],"picked":"Outmaneuver","floor":10},{"not_picked":["Poisoned Stab","Terror"],"picked":"Deflect","floor":11},{"not_picked":["Sucker Punch","Slice"],"picked":"Malaise","floor":13},{"not_picked":["Acrobatics","Distraction"],"picked":"Bouncing Flask","floor":14},{"not_picked":["Bane","Slice"],"picked":"Deflect","floor":15},{"not_picked":["Doppelganger","Burst"],"picked":"After Image","floor":16},{"not_picked":["Sucker Punch","Slice"],"picked":"Finisher","floor":18},{"not_picked":["Deflect","Dagger Spray"],"picked":"Poisoned Stab","floor":19},{"not_picked":["Dash","Distraction+1"],"picked":"Catalyst","floor":21},{"not_picked":["Quick Slash","Bane"],"picked":"Leg Sweep+1","floor":23},{"not_picked":["Dagger Throw+1","Endless Agony","Sucker Punch"],"picked":"SKIP","floor":24},{"not_picked":["Glass Knife","Backstab"],"picked":"Deflect","floor":25},{"not_picked":["Acrobatics","Slice"],"picked":"Backflip","floor":27},{"not_picked":["Slice","Flechettes"],"picked":"Caltrops+1","floor":28}],"player_experience":39778,"relics_obtained":[{"floor":9,"key":"Dream Catcher"},{"floor":14,"key":"Odd Mushroom"},{"floor":26,"key":"Gremlin Horn"}],"event_choices":[{"damage_healed":0,"gold_gain":0,"player_choice":"Left Gold","damage_taken":0,"max_hp_gain":0,"max_hp_loss":0,"event_name":"World of Goop","floor":7,"gold_loss":34},{"damage_healed":0,"gold_gain":0,"player_choice":"Searched \u00273\u0027 times","damage_taken":0,"relics_obtained":["Ninja Scroll"],"max_hp_gain":0,"max_hp_loss":0,"event_name":"Dead Adventurer","floor":8,"gold_loss":0},{"damage_healed":0,"gold_gain":0,"player_choice":"Fought Mushrooms","damage_taken":0,"max_hp_gain":0,"max_hp_loss":0,"event_name":"Mushrooms","floor":14,"gold_loss":0},{"damage_healed":0,"gold_gain":0,"player_choice":"Ignored","damage_taken":0,"max_hp_gain":0,"max_hp_loss":0,"event_name":"N\u0027loth","floor":20,"gold_loss":0}],"is_beta":false,"boss_relics":[{"not_picked":["HoveringKite","Ectoplasm","Runic Pyramid"]}],"items_purged_floors":[],"is_endless":false,"potions_floor_spawned":[1,5,13,16,21,28],"killed_by":"3 Cultists","ascension_level":0}