{"gold_per_floor":[113,113,68,79,79,109,125,125,151,223,223],"floor_reached":11,"playtime":383,"items_purged":[],"score":82,"play_id":"c942d855-d6ff-4213-bc66-23b5ad925391","local_time":"20191004223545","is_ascension_mode":true,"campfire_choices":[{"floor":8,"key":"REST"}],"neow_cost":"TEN_PERCENT_HP_LOSS","seed_source_timestamp":37047289160231,"circlet_count":0,"master_deck":["Strike_G","Strike_G+1","Strike_G","Strike_G","Defend_G+1","Defend_G","Defend_G","Defend_G","Survivor","Neutralize","Noxious Fumes","Night Terror","Catalyst","Predator","Deflect","Poisoned Stab","Die Die Die","Bane"],"relics":["Ring of the Snake","MealTicket"],"potions_floor_usage":[],"damage_taken":[{"damage":6,"enemies":"Jaw Worm","floor":1,"turns":5},{"damage":0,"enemies":"Cultist","floor":4,"turns":4},{"damage":24,"enemies":"3 Sentries","floor":6,"turns":7},{"damage":0,"enemies":"2 Louse","floor":7,"turns":1},{"damage":41,"enemies":"Lagavulin","floor":11,"turns":8}],"seed_played":"-2772989937292133496","potions_obtained":[],"is_trial":false,"path_per_floor":["M","?","$","M","?","E","M","R","T","?","E"],"character_chosen":"THE_SILENT","items_purchased":["Poisoned Stab"],"campfire_rested":1,"item_purchase_floors":[3],"current_hp_per_floor":[57,57,57,57,44,20,20,38,38,38,0],"gold":223,"neow_bonus":"TRANSFORM_TWO_CARDS","is_prod":false,"is_daily":false,"chose_seed":false,"campfire_upgraded":0,"win_rate":0,"timestamp":1570181745,"path_taken":["M","?","$","?","?","E","M","R","T","?","E"],"build_version":"2019-10-03","purchased_purges":0,"victory":false,"max_hp_per_floor":[63,63,63,63,63,63,63,63,63,63,63],"card_choices":[{"not_picked":["Sucker Punch","Heel Hook"],"picked":"Catalyst","floor":1},{"not_picked":["Dagger Spray","Heel Hook","Sucker Punch"],"picked":"SKIP","floor":4},{"not_picked":["Masterful Stab","Prepared"],"picked":"Die Die Die","floor":6},{"not_picked":["Endless Agony","Underhanded Strike"],"picked":"Bane","floor":7}],"player_experience":145421,"relics_obtained":[{"floor":6,"key":"MealTicket"}],"event_choices":[{"damage_healed":0,"gold_gain":0,"player_choice":"2 cards matched","damage_taken":0,"max_hp_gain":0,"max_hp_loss":0,"event_name":"Match and Keep!","floor":2,"gold_loss":0,"cards_obtained":["Predator","Deflect"]},{"damage_healed":0,"gold_gain":0,"player_choice":"Entered Light","damage_taken":13,"max_hp_gain":0,"max_hp_loss":0,"event_name":"Shining Light","floor":5,"gold_loss":0,"cards_upgraded":["Strike_G","Defend_G"]},{"damage_healed":0,"gold_gain":72,"player_choice":"Gained Gold","damage_taken":0,"max_hp_gain":0,"max_hp_loss":0,"event_name":"Golden Wing","floor":10,"gold_loss":0}],"is_beta":true,"boss_relics":[],"items_purged_floors":[],"is_endless":false,"potions_floor_spawned":[],"killed_by":"Lagavulin","ascension_level":3}