{"gold_per_floor":[119,194,213,228,246,246,38,38,62,27,27,27,71,86,86,86],"floor_reached":16,"playtime":1289,"items_purged":["Strike_G"],"score":200,"play_id":"61026ab1-77c2-40f5-9fbe-15878ad6fdd6","local_time":"20191011214231","is_ascension_mode":true,"campfire_choices":[{"data":"Dagger Spray","floor":6,"key":"SMITH"},{"data":"All Out Attack","floor":8,"key":"SMITH"},{"floor":15,"key":"REST"}],"neow_cost":"NONE","seed_source_timestamp":16926352075337,"circlet_count":0,"master_deck":["AscendersBane","Strike_G","Strike_G","Strike_G","Strike_G","Defend_G+1","Defend_G","Defend_G","Defend_G+1","Defend_G","Survivor","Neutralize","All Out Attack+1","Well Laid Plans","Dagger Spray+1","Dodge and Roll","Escape Plan"],"relics":["Ring of the Snake","War Paint","Tiny Chest","Oddly Smooth Stone","Golden Idol","Regal Pillow"],"potions_floor_usage":[16],"damage_taken":[{"damage":1,"enemies":"Small Slimes","floor":1,"turns":3},{"damage":0,"enemies":"Jaw Worm","floor":3,"turns":4},{"damage":0,"enemies":"2 Louse","floor":4,"turns":3},{"damage":6,"enemies":"Looter","floor":5,"turns":4},{"damage":3,"enemies":"3 Sentries","floor":13,"turns":7},{"damage":0,"enemies":"2 Fungi Beasts","floor":14,"turns":2},{"damage":72,"enemies":"Slime Boss","floor":16,"turns":11}],"seed_played":"4993181822620706781","potions_obtained":[{"floor":1,"key":"FearPotion"},{"floor":4,"key":"Energy Potion"}],"is_trial":false,"path_per_floor":["M","?","M","M","M","R","$","R","T","?","?","$","E","M","R","B"],"character_chosen":"THE_SILENT","items_purchased":["Tiny Chest"],"campfire_rested":1,"item_purchase_floors":[7],"current_hp_per_floor":[58,47,47,47,41,41,41,41,41,57,34,34,31,31,65,0],"gold":86,"neow_bonus":"RANDOM_COMMON_RELIC","is_prod":false,"is_daily":false,"chose_seed":false,"campfire_upgraded":2,"win_rate":0,"timestamp":1570822951,"path_taken":["M","?","M","M","M","R","$","R","T","?","?","?","E","M","R","BOSS"],"build_version":"2019-07-17","purchased_purges":1,"victory":false,"max_hp_per_floor":[66,66,66,66,66,66,66,66,66,66,66,66,66,66,66,66],"card_choices":[{"not_picked":["Bane","Endless Agony"],"picked":"All Out Attack","floor":1},{"not_picked":["Footwork","Backflip"],"picked":"Well Laid Plans","floor":3},{"not_picked":["Prepared","Quick Slash"],"picked":"Dagger Spray","floor":4},{"not_picked":["Dagger Spray","Quick Slash","Slice"],"picked":"SKIP","floor":5},{"not_picked":["Reflex","Quick Slash"],"picked":"Dodge and Roll","floor":13},{"not_picked":["Quick Slash","Deflect"],"picked":"Escape Plan","floor":14}],"player_experience":1480726,"relics_obtained":[{"floor":9,"key":"Oddly Smooth Stone"},{"floor":13,"key":"Regal Pillow"}],"event_choices":[{"damage_healed":0,"gold_gain":75,"player_choice":"Gather Gold","damage_taken":11,"max_hp_gain":0,"max_hp_loss":0,"event_name":"World of Goop","floor":2,"gold_loss":0},{"damage_healed":16,"gold_gain":0,"player_choice":"Healed","damage_taken":0,"max_hp_gain":0,"max_hp_loss":0,"event_name":"The Cleric","floor":10,"gold_loss":35},{"damage_healed":0,"gold_gain":0,"player_choice":"Take Damage","damage_taken":23,"relics_obtained":["Golden Idol"],"max_hp_gain":0,"max_hp_loss":0,"event_name":"Golden Idol","floor":11,"gold_loss":0}],"is_beta":false,"boss_relics":[],"items_purged_floors":[7],"is_endless":false,"potions_floor_spawned":[1,4],"killed_by":"Slime Boss","ascension_level":20}