{"gold_per_floor":[109,125,125,48,58,86,86,86,86,52,69,69,34,48,48,152,152,162,182,182,182,281,316,316,328,352,369,404,404,404,319,319,423,423,442,36,36,47,57,57],"floor_reached":40,"playtime":1845,"items_purged":[],"score":498,"play_id":"6f32f406-4bd5-4df1-8855-af082e5da0ec","local_time":"20191007233454","is_ascension_mode":true,"campfire_choices":[{"data":"Defragment","floor":7,"key":"SMITH"},{"data":"Zap","floor":12,"key":"SMITH"},{"data":"Tempest","floor":15,"key":"SMITH"},{"data":"Tempest","floor":24,"key":"SMITH"},{"floor":30,"key":"REST"},{"data":"White Noise","floor":32,"key":"SMITH"}],"neow_cost":"NONE","seed_source_timestamp":30464895612882,"circlet_count":0,"master_deck":["Strike_B","Strike_B","Strike_B","Defend_B+1","Defend_B","Defend_B","Zap+1","Dualcast+1","Tempest+1","Melter","Self Repair","Defragment+1","Skim","Tempest+1","Beam Cell","Cold Snap","Thunder Strike","Turbo+1","Go for the Eyes+1","Coolheaded","Cold Snap","Ball Lightning","White Noise+1","Coolheaded+1","Necronomicurse","Electrodynamics","Chaos+1","Storm","Apotheosis","Madness","Madness","Redo","Leap"],"relics":["FrozenCore","NlothsMask","Mercury Hourglass","Happy Flower","PreservedInsect","Question Card","Necronomicon","Gambling Chip","Nuclear Battery","MealTicket"],"potions_floor_usage":[19,33],"damage_taken":[{"damage":5,"enemies":"Small Slimes","floor":1,"turns":3},{"damage":0,"enemies":"Cultist","floor":2,"turns":3},{"damage":0,"enemies":"2 Louse","floor":5,"turns":1},{"damage":32,"enemies":"Gremlin Nob","floor":6,"turns":4},{"damage":2,"enemies":"Large Slime","floor":11,"turns":4},{"damage":4,"enemies":"Blue Slaver","floor":14,"turns":2},{"damage":0,"enemies":"Slime Boss","floor":16,"turns":4},{"damage":2,"enemies":"Spheric Guardian","floor":18,"turns":3},{"damage":10,"enemies":"2 Thieves","floor":19,"turns":3},{"damage":12,"enemies":"Gremlin Leader","floor":23,"turns":9},{"damage":15,"enemies":"Snecko","floor":25,"turns":4},{"damage":12,"enemies":"Snake Plant","floor":27,"turns":4},{"damage":12,"enemies":"Book of Stabbing","floor":28,"turns":3},{"damage":26,"enemies":"Collector","floor":33,"turns":4},{"damage":0,"enemies":"Orb Walker","floor":35,"turns":2},{"damage":23,"enemies":"3 Darklings","floor":38,"turns":4},{"damage":12,"enemies":"Sphere and 2 Shapes","floor":39,"turns":4},{"damage":47,"enemies":"Reptomancer","floor":40,"turns":5}],"seed_played":"-4463080293309265102","potions_obtained":[{"floor":1,"key":"Dexterity Potion"},{"floor":5,"key":"Regen Potion"},{"floor":16,"key":"Swift Potion"},{"floor":23,"key":"Ancient Potion"},{"floor":38,"key":"GamblersBrew"}],"is_trial":false,"path_per_floor":["M","M","?","$","M","E","R","?","T","$","M","R","?","M","R","B",null,"M","M","?","?","?","E","R","M","T","M","E","?","R","?","R","B",null,"M","$","?","M","M","E"],"character_chosen":"DEFECT","items_purchased":["Self Repair","Tempest","Storm","MealTicket","Apotheosis"],"campfire_rested":1,"item_purchase_floors":[4,10,36,36,36],"current_hp_per_floor":[77,77,77,77,77,52,52,36,36,36,41,41,61,64,64,64,82,82,79,63,63,63,58,58,50,50,45,40,24,50,50,50,33,87,87,87,76,53,41,0],"gold":57,"neow_bonus":"TEN_PERCENT_HP_BONUS","is_prod":false,"is_daily":false,"chose_seed":false,"campfire_upgraded":5,"win_rate":0,"timestamp":1570444494,"path_taken":["M","M","?","?","M","E","R","?","T","$","M","R","?","M","R","BOSS","M","M","?","?","?","E","R","M","T","?","E","?","R","?","R","BOSS","M","$","?","M","M","E"],"build_version":"2019-10-04","purchased_purges":0,"victory":false,"max_hp_per_floor":[82,82,82,82,82,82,82,82,82,82,82,82,82,82,82,82,82,82,82,87,87,87,87,87,87,87,87,87,87,87,87,87,87,87,87,87,87,87,87,87],"card_choices":[{"not_picked":["Steam Power","Rebound"],"picked":"Tempest","floor":1},{"not_picked":["Steam Power","Sweeping Beam"],"picked":"Melter","floor":2},{"not_picked":["Rebound","Tempest"],"picked":"Defragment","floor":5},{"not_picked":["Aggregate","Beam Cell"],"picked":"Skim","floor":6},{"not_picked":["Hologram","Barrage"],"picked":"Beam Cell","floor":11},{"not_picked":["Redo","Self Repair"],"picked":"Cold Snap","floor":14},{"not_picked":["Fission","Meteor Strike"],"picked":"Thunder Strike","floor":16},{"not_picked":["Hologram+1","Leap"],"picked":"Turbo+1","floor":18},{"not_picked":["Barrage","Gash"],"picked":"Go for the Eyes+1","floor":19},{"not_picked":["Coolheaded","Steam","Streamline"],"picked":"SKIP","floor":23},{"not_picked":["Streamline+1","Sweeping Beam"],"picked":"Ball Lightning","floor":25},{"not_picked":["Rebound","Go for the Eyes+1"],"picked":"White Noise","floor":27},{"not_picked":["Go for the Eyes","Hologram+1"],"picked":"Coolheaded+1","floor":28},{"not_picked":["Thunder Strike","Multi-Cast","Rainbow"],"picked":"Electrodynamics","floor":33},{"not_picked":["Coolheaded+1","Rebound","Beam Cell"],"picked":"Chaos+1","floor":35},{"not_picked":["Aggregate+1","Barrage+1","Doom and Gloom"],"picked":"Redo","floor":38},{"not_picked":["Sweeping Beam","Compile Driver","Rip and Tear"],"picked":"Leap","floor":39}],"player_experience":169401,"relics_obtained":[{"floor":6,"key":"Mercury Hourglass"},{"floor":23,"key":"Happy Flower"},{"floor":26,"key":"PreservedInsect"},{"floor":28,"key":"Question Card"},{"floor":29,"key":"Necronomicon"}],"event_choices":[{"damage_healed":0,"gold_gain":0,"player_choice":"Trade","damage_taken":0,"relics_obtained":["NlothsMask"],"max_hp_gain":0,"max_hp_loss":0,"event_name":"FaceTrader","floor":3,"gold_loss":0},{"damage_healed":0,"gold_gain":0,"player_choice":"Entered Light","damage_taken":16,"max_hp_gain":0,"max_hp_loss":0,"event_name":"Shining Light","floor":8,"gold_loss":0,"cards_upgraded":["Defend_B","Dualcast"]},{"damage_healed":20,"gold_gain":0,"player_choice":"Healed","damage_taken":0,"max_hp_gain":0,"max_hp_loss":0,"event_name":"The Cleric","floor":13,"gold_loss":35},{"damage_healed":0,"gold_gain":0,"player_choice":"Shed Blood","damage_taken":21,"max_hp_gain":5,"max_hp_loss":0,"event_name":"Forgotten Altar","floor":20,"gold_loss":0},{"damage_healed":0,"gold_gain":0,"cards_transformed":["Strike_B","Defend_B"],"player_choice":"Became Test Subject","damage_taken":0,"max_hp_gain":0,"max_hp_loss":0,"event_name":"Drug Dealer","floor":21,"gold_loss":0,"cards_obtained":["Coolheaded","Cold Snap"]},{"damage_healed":0,"gold_gain":99,"player_choice":"Stole From Cult","damage_taken":0,"max_hp_gain":0,"max_hp_loss":0,"event_name":"Nest","floor":22,"gold_loss":0},{"damage_healed":0,"gold_gain":0,"player_choice":"Obtained Book","damage_taken":16,"max_hp_gain":0,"max_hp_loss":0,"event_name":"Cursed Tome","floor":29,"gold_loss":0},{"damage_healed":0,"gold_gain":0,"player_choice":"Obtained Relic","damage_taken":0,"relics_obtained":["Gambling Chip"],"max_hp_gain":0,"max_hp_loss":0,"event_name":"Addict","floor":31,"gold_loss":85},{"damage_healed":0,"gold_gain":0,"player_choice":"Embrace Madness","damage_taken":11,"max_hp_gain":0,"max_hp_loss":0,"event_name":"Winding Halls","floor":37,"gold_loss":0,"cards_obtained":["Madness","Madness"]}],"is_beta":true,"boss_relics":[{"not_picked":["Snecko Eye","Busted Crown"],"picked":"FrozenCore"},{"not_picked":["Runic Pyramid","Calling Bell"],"picked":"Nuclear Battery"}],"items_purged_floors":[],"is_endless":false,"potions_floor_spawned":[1,5,16,18,23,28,38],"killed_by":"Reptomancer","ascension_level":1}