{"gold_per_floor":[117,117,134,153,168,195,195,208,208,208,208,225,236,236,236,340,340],"floor_reached":17,"playtime":475,"items_purged":[],"score":209,"play_id":"d5a8af80-ea2d-4747-8387-690bbfe2a941","local_time":"20191012215038","is_ascension_mode":false,"campfire_choices":[{"floor":7,"key":"REST"},{"data":"Loop","floor":10,"key":"SMITH"},{"data":"Streamline","floor":15,"key":"SMITH"}],"neow_cost":"NONE","seed_source_timestamp":1209621858396100,"circlet_count":0,"master_deck":["Strike_B","Strike_B","Strike_B","Defend_B","Defend_B","Defend_B","Defend_B","Zap","Dualcast","Gash","Flash of Steel","Gash","Barrage","Undo","Loop+1","Gash","Streamline+1","Conserve Battery","BootSequence","Electrodynamics"],"relics":["Cracked Core","NeowsBlessing","Unceasing Top","Incense Burner","CultistMask","White Beast Statue"],"potions_floor_usage":[6,13,16,16,16],"damage_taken":[{"damage":0,"enemies":"Small Slimes","floor":1,"turns":1},{"damage":0,"enemies":"Cultist","floor":3,"turns":1},{"damage":0,"enemies":"2 Louse","floor":4,"turns":1},{"damage":10,"enemies":"Lots of Slimes","floor":5,"turns":4},{"damage":37,"enemies":"3 Sentries","floor":6,"turns":12},{"damage":0,"enemies":"Exordium Wildlife","floor":8,"turns":3},{"damage":3,"enemies":"Red Slaver","floor":12,"turns":3},{"damage":6,"enemies":"2 Fungi Beasts","floor":13,"turns":2},{"damage":0,"enemies":"Slime Boss","floor":16,"turns":7}],"seed_played":"-1616411060946948011","potions_obtained":[{"floor":3,"key":"PowerPotion"},{"floor":12,"key":"EntropicBrew"},{"floor":16,"key":"Regen Potion"}],"is_trial":false,"path_per_floor":["M","?","M","M","M","E","R","M","T","R","?","M","M","?","R","B",null],"character_chosen":"DEFECT","items_purchased":[],"campfire_rested":1,"item_purchase_floors":[],"current_hp_per_floor":[75,75,75,75,65,28,50,50,50,50,50,47,41,41,41,41,75],"gold":340,"neow_bonus":"THREE_ENEMY_KILL","is_prod":false,"is_daily":false,"chose_seed":false,"campfire_upgraded":2,"win_rate":0,"timestamp":1570909838,"path_taken":["M","?","M","?","M","E","R","M","T","R","?","M","?","?","R","BOSS"],"build_version":"2019-07-17","purchased_purges":0,"victory":false,"max_hp_per_floor":[75,75,75,75,75,75,75,75,75,75,75,75,75,75,75,75,75],"card_choices":[{"not_picked":["Streamline","Go for the Eyes"],"picked":"Gash","floor":1},{"not_picked":["Redo","Ball Lightning"],"picked":"Gash","floor":3},{"not_picked":["Glacier","Turbo"],"picked":"Barrage","floor":4},{"not_picked":["Force Field","Thunder Strike"],"picked":"Undo","floor":5},{"not_picked":["Redo","Steam"],"picked":"Loop","floor":6},{"not_picked":["Scrape","Rebound"],"picked":"Gash","floor":8},{"not_picked":["Lockon","Redo"],"picked":"Streamline","floor":12},{"not_picked":["Fusion","Aggregate"],"picked":"Conserve Battery","floor":13},{"not_picked":["Reboot","Machine Learning"],"picked":"Electrodynamics","floor":16}],"player_experience":481246,"relics_obtained":[{"floor":6,"key":"Unceasing Top"},{"floor":9,"key":"Incense Burner"}],"event_choices":[{"damage_healed":0,"gold_gain":0,"player_choice":"1 cards matched","damage_taken":0,"max_hp_gain":0,"max_hp_loss":0,"event_name":"Match and Keep!","floor":2,"gold_loss":0,"cards_obtained":["Flash of Steel"]},{"damage_healed":0,"gold_gain":0,"player_choice":"Trade","damage_taken":0,"relics_obtained":["CultistMask"],"max_hp_gain":0,"max_hp_loss":0,"event_name":"FaceTrader","floor":11,"gold_loss":0},{"damage_healed":0,"gold_gain":0,"cards_transformed":["Strike_B"],"player_choice":"Transformed","damage_taken":0,"max_hp_gain":0,"max_hp_loss":0,"event_name":"Transmorgrifier","floor":14,"gold_loss":0,"cards_obtained":["BootSequence"]}],"is_beta":false,"boss_relics":[{"not_picked":["Cursed Key","Eternal Feather"],"picked":"White Beast Statue"}],"items_purged_floors":[],"is_endless":false,"potions_floor_spawned":[3,12,13,16],"ascension_level":0}