{"gold_per_floor":[116,134,134,84,4,4,35,54,54,69,87,87,118,134,134,239,239,259,259,274,289,10,35,50,77,77,77,112,130,130,143,143,239,239,249,259,10,24,42,42],"floor_reached":40,"playtime":3454,"items_purged":[],"score":581,"play_id":"a4a27451-24eb-46da-9efb-32e337c00fb0","local_time":"20190929152856","is_ascension_mode":true,"campfire_choices":[{"data":"Well Laid Plans","floor":6,"key":"SMITH"},{"floor":12,"key":"REST"},{"data":"A Thousand Cuts","floor":15,"key":"SMITH"},{"floor":27,"key":"REST"},{"data":"Setup","floor":30,"key":"SMITH"},{"floor":32,"key":"RECALL"}],"neow_cost":"NONE","seed_source_timestamp":10420298115984,"circlet_count":0,"master_deck":["Strike_G","Strike_G","Strike_G","Strike_G","Defend_G","Defend_G","Defend_G","Defend_G","Survivor","Neutralize","Well Laid Plans+1","Deflect","Bouncing Flask","Dagger Throw","Acrobatics","A Thousand Cuts+1","Sucker Punch","Distraction","Infinite Blades","Setup+1","Infinite Blades","After Image+1","Riddle With Holes+1","Caltrops","Choke+1","Blade Dance","PiercingWail","Poisoned Stab+1","Prepared","Infinite Blades","Venomology","Terror","Outmaneuver+1","Mayhem","Infinite Blades","Flying Knee+1","Cloak And Dagger","Sucker Punch+1"],"relics":["Ring of the Snake","Lantern","Meat on the Bone","Molten Egg 2","Toy Ornithopter","SlaversCollar","Lee\u0027s Waffle","Snake Skull","Anchor","Eternal Feather","SacredBark"],"potions_floor_usage":[13,13,16,16,23,25,25,25,29,31,31,36,36,38,39,39],"damage_taken":[{"damage":7,"enemies":"Jaw Worm","floor":1,"turns":5},{"damage":4,"enemies":"Small Slimes","floor":2,"turns":5},{"damage":13,"enemies":"Lagavulin","floor":7,"turns":5},{"damage":0,"enemies":"Cultist","floor":8,"turns":4},{"damage":6,"enemies":"Red Slaver","floor":10,"turns":3},{"damage":30,"enemies":"Gremlin Gang","floor":11,"turns":5},{"damage":30,"enemies":"Gremlin Nob","floor":13,"turns":4},{"damage":1,"enemies":"Looter","floor":14,"turns":4},{"damage":36,"enemies":"Slime Boss","floor":16,"turns":8},{"damage":43,"enemies":"2 Thieves","floor":18,"turns":5},{"damage":18,"enemies":"Shell Parasite","floor":20,"turns":6},{"damage":26,"enemies":"Sentry and Sphere","floor":21,"turns":7},{"damage":51,"enemies":"Gremlin Leader","floor":23,"turns":5},{"damage":21,"enemies":"Chosen and Byrds","floor":24,"turns":8},{"damage":18,"enemies":"Slavers","floor":25,"turns":4},{"damage":15,"enemies":"Book of Stabbing","floor":28,"turns":5},{"damage":22,"enemies":"Centurion and Healer","floor":29,"turns":6},{"damage":3,"enemies":"Snake Plant","floor":31,"turns":4},{"damage":51,"enemies":"Automaton","floor":33,"turns":11},{"damage":28,"enemies":"3 Shapes","floor":35,"turns":7},{"damage":37,"enemies":"3 Darklings","floor":36,"turns":6},{"damage":36,"enemies":"Jaw Worm Horde","floor":38,"turns":5},{"damage":9,"enemies":"Writhing Mass","floor":39,"turns":4},{"damage":45,"enemies":"Reptomancer","floor":40,"turns":2}],"seed_played":"7295654349197328173","potions_obtained":[{"floor":8,"key":"LiquidBronze"},{"floor":10,"key":"Strength Potion"},{"floor":13,"key":"SpeedPotion"},{"floor":14,"key":"Dexterity Potion"},{"floor":23,"key":"AttackPotion"},{"floor":24,"key":"EntropicBrew"},{"floor":28,"key":"DuplicationPotion"},{"floor":33,"key":"EssenceOfSteel"},{"floor":36,"key":"PowerPotion"}],"is_trial":false,"path_per_floor":["M","M","?","?","$","R","E","M","T","M","M","R","E","M","R","B",null,"M","?","M","M","$","E","M","E","T","R","E","M","R","M","R","B",null,"M","M","$","M","M","E"],"character_chosen":"THE_SILENT","items_purchased":["Dagger Throw","Acrobatics","Lee\u0027s Waffle","Choke+1","SkillPotion","Mayhem","Infinite Blades","Flying Knee+1"],"campfire_rested":2,"item_purchase_floors":[5,5,22,22,22,37,37,37],"current_hp_per_floor":[63,59,59,59,59,59,46,46,46,40,22,43,25,36,36,22,70,39,39,33,19,77,38,29,38,38,61,46,41,56,63,77,38,77,49,34,34,15,28,0],"gold":42,"neow_bonus":"RANDOM_COMMON_RELIC","is_prod":false,"is_daily":false,"chose_seed":false,"campfire_upgraded":3,"win_rate":0,"timestamp":1569724136,"path_taken":["M","M","?","?","?","R","E","M","T","M","M","R","E","M","R","BOSS","M","?","M","?","?","E","M","E","T","R","E","M","R","?","R","BOSS","M","M","$","M","M","E"],"build_version":"2019-09-27","purchased_purges":0,"victory":false,"max_hp_per_floor":[70,70,70,70,70,70,70,70,70,70,70,70,70,70,70,70,70,70,70,70,70,77,77,77,77,77,77,77,77,77,77,77,77,77,77,77,77,77,77,77],"card_choices":[{"not_picked":["Bane","Poisoned Stab"],"picked":"Well Laid Plans","floor":1},{"not_picked":["Dagger Spray","Prepared"],"picked":"Deflect","floor":2},{"not_picked":["Skewer","Quick Slash"],"picked":"A Thousand Cuts","floor":7},{"not_picked":["Deadly Poison","Skewer"],"picked":"Sucker Punch","floor":8},{"not_picked":["Sucker Punch+1","Deadly Poison"],"picked":"Distraction","floor":10},{"not_picked":["Bane+1","Prepared"],"picked":"Infinite Blades","floor":11},{"not_picked":["Flying Knee+1","Deadly Poison"],"picked":"Setup","floor":13},{"not_picked":["Expertise","Slice+1"],"picked":"Infinite Blades","floor":14},{"not_picked":["Bullet Time","Envenom"],"picked":"After Image","floor":16},{"not_picked":["Tactician","Dodge and Roll"],"picked":"Riddle With Holes+1","floor":18},{"not_picked":["Poisoned Stab+1","Crippling Poison","Dagger Throw+1"],"picked":"SKIP","floor":20},{"not_picked":["Dodge and Roll","Well Laid Plans"],"picked":"Caltrops","floor":21},{"not_picked":["Adrenaline","Cloak And Dagger"],"picked":"Blade Dance","floor":23},{"not_picked":["Underhanded Strike+1","Heel Hook+1","Acrobatics"],"picked":"SKIP","floor":24},{"not_picked":["Crippling Poison","Expertise+1"],"picked":"PiercingWail","floor":25},{"not_picked":["Grand Finale+1","Tactician"],"picked":"Poisoned Stab+1","floor":28},{"not_picked":["Bouncing Flask","PiercingWail"],"picked":"Prepared","floor":29},{"not_picked":["Underhanded Strike+1","Deadly Poison+1"],"picked":"Infinite Blades","floor":31},{"not_picked":["Burst","Malaise"],"picked":"Venomology","floor":33},{"not_picked":["All Out Attack+1","Quick Slash+1"],"picked":"Terror","floor":35},{"not_picked":["Flechettes+1","Sucker Punch+1"],"picked":"Outmaneuver+1","floor":36},{"not_picked":["Flechettes+1","Tactician+1"],"picked":"Cloak And Dagger","floor":38},{"not_picked":["Bane+1","Dagger Throw+1"],"picked":"Sucker Punch+1","floor":39}],"player_experience":122403,"relics_obtained":[{"floor":7,"key":"Meat on the Bone"},{"floor":9,"key":"Molten Egg 2"},{"floor":13,"key":"Toy Ornithopter"},{"floor":23,"key":"Snake Skull"},{"floor":25,"key":"Anchor"},{"floor":28,"key":"Eternal Feather"}],"event_choices":[{"damage_healed":0,"gold_gain":0,"cards_transformed":["Strike_G"],"player_choice":"Change","damage_taken":0,"max_hp_gain":0,"max_hp_loss":0,"event_name":"Living Wall","floor":3,"gold_loss":0,"cards_obtained":["Bouncing Flask"]},{"cards_removed":["Defend_G"],"damage_healed":0,"gold_gain":0,"player_choice":"Card Removal","damage_taken":0,"max_hp_gain":0,"max_hp_loss":0,"event_name":"The Cleric","floor":4,"gold_loss":50},{"damage_healed":0,"gold_gain":0,"player_choice":"Forge","damage_taken":0,"max_hp_gain":0,"max_hp_loss":0,"event_name":"Accursed Blacksmith","floor":19,"gold_loss":0,"cards_upgraded":["After Image"]}],"is_beta":true,"boss_relics":[{"not_picked":["Coffee Dripper","Empty Cage"],"picked":"SlaversCollar"},{"not_picked":["Pandora\u0027s Box","Fusion Hammer"],"picked":"SacredBark"}],"items_purged_floors":[],"is_endless":false,"potions_floor_spawned":[8,10,13,14,23,24,28,33,36],"killed_by":"Reptomancer","ascension_level":3}