{"gold_per_floor":[118,68,85,3,23,23,54,54,79,91,103,132,132,149,149,249,249,231,251,1,1,17,17],"floor_reached":23,"playtime":1063,"items_purged":[],"score":233,"play_id":"4320daa4-da3d-47e1-b45b-27333d4322dd","local_time":"20191012175307","is_ascension_mode":true,"campfire_choices":[{"data":"Armaments","floor":6,"key":"SMITH"},{"data":"Fiend Fire","floor":8,"key":"SMITH"},{"floor":15,"key":"REST"}],"neow_cost":"NONE","seed_source_timestamp":16750909990899,"circlet_count":0,"master_deck":["Strike_R","Strike_R","Strike_R","Strike_R","Defend_R","Defend_R","Defend_R","Defend_R","Bash","Fiend Fire+1","Heavy Blade","Armaments+1","Evolve","Hemokinesis","Flex","Metallicize","Corruption","Wild Strike","Dark Embrace","Havoc+1","Second Wind+1","J.A.X.+1","Sentinel+1"],"relics":["Burning Blood","Regal Pillow","Lantern","Toxic Egg 2","Unceasing Top","Cursed Key","Ornamental Fan"],"potions_floor_usage":[11,16,22,22],"damage_taken":[{"damage":0,"enemies":"2 Louse","floor":1,"turns":2},{"damage":0,"enemies":"Cultist","floor":3,"turns":2},{"damage":14,"enemies":"Small Slimes","floor":5,"turns":3},{"damage":37,"enemies":"3 Sentries","floor":7,"turns":7},{"damage":2,"enemies":"Blue Slaver","floor":10,"turns":2},{"damage":25,"enemies":"Exordium Thugs","floor":11,"turns":7},{"damage":40,"enemies":"Gremlin Nob","floor":12,"turns":4},{"damage":7,"enemies":"Large Slime","floor":14,"turns":5},{"damage":39,"enemies":"Hexaghost","floor":16,"turns":10},{"damage":28,"enemies":"2 Thieves","floor":18,"turns":4},{"damage":25,"enemies":"Spheric Guardian","floor":19,"turns":4},{"damage":6,"enemies":"Snecko","floor":22,"turns":4},{"damage":39,"enemies":"Slavers","floor":23,"turns":2}],"seed_played":"7610063631545000008","potions_obtained":[{"floor":10,"key":"Energy Potion"},{"floor":11,"key":"BloodPotion"},{"floor":12,"key":"LiquidBronze"},{"floor":16,"key":"Block Potion"},{"floor":19,"key":"SkillPotion"}],"is_trial":false,"path_per_floor":["M","?","M","$","M","R","E","R","T","M","M","E","?","M","R","B",null,"M","M","$","?","M","E"],"character_chosen":"IRONCLAD","items_purchased":["Evolve","Ornamental Fan"],"campfire_rested":1,"item_purchase_floors":[4,20],"current_hp_per_floor":[80,80,80,80,72,72,41,41,41,45,42,8,8,7,46,13,80,58,39,39,39,39,0],"gold":17,"neow_bonus":"ONE_RANDOM_RARE_CARD","is_prod":false,"is_daily":false,"chose_seed":false,"campfire_upgraded":2,"win_rate":0,"timestamp":1570855987,"path_taken":["M","?","M","$","M","R","E","R","T","M","M","E","?","?","R","BOSS","M","?","$","?","M","E"],"build_version":"2019-10-11","purchased_purges":0,"victory":false,"max_hp_per_floor":[80,80,80,80,80,80,80,80,80,80,80,80,80,80,80,80,80,80,80,80,80,80,80],"card_choices":[{"not_picked":["Perfected Strike","Rage"],"picked":"Heavy Blade","floor":1},{"not_picked":["Twin Strike","Sword Boomerang"],"picked":"Armaments","floor":3},{"not_picked":["Searing Blow","Infernal Blade"],"picked":"Hemokinesis","floor":5},{"not_picked":["Havoc","Fiend Fire"],"picked":"Flex","floor":7},{"not_picked":["Perfected Strike","Shrug It Off"],"picked":"Metallicize","floor":10},{"not_picked":["Fire Breathing","Heavy Blade"],"picked":"Corruption","floor":11},{"not_picked":["Thunderclap","Twin Strike","Perfected Strike"],"picked":"SKIP","floor":12},{"not_picked":["Evolve","Perfected Strike"],"picked":"Wild Strike","floor":14},{"not_picked":["Immolate","Barricade"],"picked":"Dark Embrace","floor":16},{"not_picked":["Anger","Infernal Blade+1"],"picked":"Havoc+1","floor":18},{"not_picked":["Heavy Blade","Thunderclap"],"picked":"Second Wind+1","floor":19},{"not_picked":["Reckless Charge+1","Flame Barrier+1"],"picked":"Sentinel+1","floor":22}],"player_experience":186905,"relics_obtained":[{"floor":7,"key":"Regal Pillow"},{"floor":9,"key":"Lantern"},{"floor":12,"key":"Toxic Egg 2"}],"event_choices":[{"cards_removed":["Strike_R"],"damage_healed":0,"gold_gain":0,"player_choice":"Card Removal","damage_taken":0,"max_hp_gain":0,"max_hp_loss":0,"event_name":"The Cleric","floor":2,"gold_loss":50},{"damage_healed":0,"gold_gain":0,"player_choice":"Gave Potion","damage_taken":0,"relics_obtained":["Unceasing Top"],"max_hp_gain":0,"max_hp_loss":0,"event_name":"WeMeetAgain","floor":13,"gold_loss":0},{"damage_healed":0,"gold_gain":0,"player_choice":"Obtain J.A.X.","damage_taken":0,"max_hp_gain":0,"max_hp_loss":0,"event_name":"Drug Dealer","floor":21,"gold_loss":0,"cards_obtained":["J.A.X."]}],"is_beta":true,"boss_relics":[{"not_picked":["Busted Crown","SacredBark"],"picked":"Cursed Key"}],"items_purged_floors":[],"is_endless":false,"potions_floor_spawned":[10,11,12,16,19],"killed_by":"Slavers","ascension_level":3}