{"gold_per_floor":[117,134,150,168,180,214,214,214,263,36,51,78,98,126,126,230,230,244,244,244,244,256,256,286,286,286,286,296,296,296,321,321,425,425,445,458,503,518,533,533,633,660,660,693,693,723,738,389,389,389,389,389,1,33,33],"floor_reached":56,"playtime":4436,"items_purged":["Pain","Decay"],"score":1494,"play_id":"b7b7513a-4164-4690-85a9-a5cff21fc79e","local_time":"20191005141222","is_ascension_mode":true,"campfire_choices":[{"data":"Terror","floor":8,"key":"SMITH"},{"floor":15,"key":"REST"},{"floor":23,"key":"RECALL"},{"floor":25,"key":"REST"},{"data":"Well Laid Plans","floor":27,"key":"SMITH"},{"floor":30,"key":"REST"},{"data":"After Image","floor":32,"key":"SMITH"},{"floor":40,"key":"REST"},{"data":"1","floor":45,"key":"LIFT"},{"data":"2","floor":49,"key":"LIFT"},{"data":"Doppelganger","floor":52,"key":"SMITH"}],"neow_cost":"NONE","seed_source_timestamp":5037652844670,"circlet_count":0,"master_deck":["Survivor","Neutralize","Backflip","Bouncing Flask","Dash","Terror+1","Die Die Die","Leg Sweep","Predator+1","All Out Attack+1","Infinite Blades","PiercingWail","After Image+1","CurseOfTheBell","Flying Knee+1","RitualDagger+1","Well Laid Plans+1","Backstab+1","Escape Plan","Adrenaline","Masterful Stab+1","Slice+1","Footwork","Choke+1","Crippling Poison","Skewer+1","Riddle With Holes+1","Masterful Stab+1","All Out Attack+1","Cloak And Dagger+1","Setup","PiercingWail+1","Doppelganger+1","Infinite Blades","After Image","Apotheosis","Venomology","Infinite Blades"],"relics":["Ring of the Snake","Molten Egg 2","WarpedTongs","Vajra","Chemical X","Matryoshka","Juzu Bracelet","Calling Bell","Regal Pillow","Question Card","Torii","Pantograph","Singing Bowl","Toy Ornithopter","Pandora\u0027s Box","Girya","Dead Branch","Smiling Mask","Dream Catcher","Dodecahedron","Boot","Bird Faced Urn","Toolbox","Membership Card","Strawberry"],"potions_floor_usage":[6,14,14,14,16,31,39,46,50,50,54,55,55],"damage_taken":[{"damage":0,"enemies":"2 Louse","floor":1,"turns":3},{"damage":0,"enemies":"Cultist","floor":2,"turns":4},{"damage":1,"enemies":"Jaw Worm","floor":3,"turns":3},{"damage":0,"enemies":"Large Slime","floor":4,"turns":6},{"damage":21,"enemies":"Exordium Thugs","floor":5,"turns":7},{"damage":17,"enemies":"Lagavulin","floor":6,"turns":5},{"damage":0,"enemies":"Gremlin Gang","floor":11,"turns":2},{"damage":18,"enemies":"Gremlin Nob","floor":12,"turns":4},{"damage":0,"enemies":"2 Fungi Beasts","floor":13,"turns":3},{"damage":15,"enemies":"Lagavulin","floor":14,"turns":5},{"damage":18,"enemies":"Hexaghost","floor":16,"turns":8},{"damage":16,"enemies":"3 Byrds","floor":18,"turns":5},{"damage":1,"enemies":"Chosen","floor":22,"turns":5},{"damage":27,"enemies":"Book of Stabbing","floor":24,"turns":7},{"damage":35,"enemies":"Snecko","floor":28,"turns":8},{"damage":27,"enemies":"Slavers","floor":31,"turns":9},{"damage":54,"enemies":"Champ","floor":33,"turns":17},{"damage":13,"enemies":"3 Shapes","floor":35,"turns":3},{"damage":1,"enemies":"Orb Walker","floor":36,"turns":2},{"damage":51,"enemies":"2 Orb Walkers","floor":37,"turns":6},{"damage":1,"enemies":"4 Shapes","floor":38,"turns":4},{"damage":9,"enemies":"Sphere and 2 Shapes","floor":39,"turns":3},{"damage":0,"enemies":"Mind Bloom Boss Battle","floor":41,"turns":6},{"damage":17,"enemies":"Reptomancer","floor":42,"turns":5},{"damage":42,"enemies":"Nemesis","floor":44,"turns":3},{"damage":2,"enemies":"Giant Head","floor":46,"turns":6},{"damage":9,"enemies":"Maw","floor":47,"turns":6},{"damage":25,"enemies":"Donu and Deca","floor":50,"turns":8},{"damage":6,"enemies":"Shield and Spear","floor":54,"turns":3},{"damage":42,"enemies":"The Heart","floor":55,"turns":7}],"seed_played":"1375985406214382339","potions_obtained":[{"floor":5,"key":"CunningPotion"},{"floor":6,"key":"Regen Potion"},{"floor":11,"key":"Dexterity Potion"},{"floor":12,"key":"PowerPotion"},{"floor":14,"key":"Dexterity Potion"},{"floor":28,"key":"SneckoOil"},{"floor":36,"key":"Strength Potion"},{"floor":39,"key":"Fire Potion"},{"floor":41,"key":"EssenceOfSteel"},{"floor":44,"key":"SneckoOil"},{"floor":54,"key":"SpeedPotion"}],"is_trial":false,"path_per_floor":["M","M","M","M","M","E","?","R","T","$","M","E","M","E","R","B",null,"M","$","?","?","M","R","E","R","T","R","M","?","R","E","R","B",null,"M","M","?","M","M","R","?","E","T","E","R","E","M","$","R","B",null,"R","$","E","B",null],"character_chosen":"THE_SILENT","items_purchased":["Chemical X","Infinite Blades","Toolbox","CunningPotion","Membership Card","After Image","Apotheosis","Venomology","AttackPotion"],"campfire_rested":4,"item_purchase_floors":[10,48,48,48,53,53,53,53,53],"current_hp_per_floor":[77,77,76,76,55,38,38,38,38,38,38,20,20,19,42,24,77,61,61,55,55,54,54,27,65,65,65,32,32,70,43,43,14,79,66,65,16,17,15,55,80,63,63,23,23,28,29,29,29,55,91,91,91,98,76],"gold":33,"neow_bonus":"TEN_PERCENT_HP_BONUS","is_prod":false,"is_daily":false,"chose_seed":false,"campfire_upgraded":4,"win_rate":0,"timestamp":1570237942,"path_taken":["M","M","M","M","M","E","?","R","T","$","M","E","M","E","R","BOSS","M","?","?","?","M","R","E","R","T","R","M","?","R","E","R","BOSS","M","M","?","M","M","R","?","E","T","E","R","E","M","$","R","BOSS","R","$","E","BOSS"],"build_version":"2019-10-04","purchased_purges":2,"victory":true,"max_hp_per_floor":[77,77,77,77,77,77,77,77,77,77,77,77,77,77,77,77,77,77,77,77,77,77,77,77,77,77,77,79,79,79,79,79,79,79,79,79,81,83,85,85,85,85,85,87,87,89,91,91,91,91,91,91,91,98,98],"card_choices":[{"not_picked":["PiercingWail","Endless Agony"],"picked":"Backflip","floor":1},{"not_picked":["Escape Plan","Tactician"],"picked":"Bouncing Flask","floor":2},{"not_picked":["Acrobatics","Quick Slash"],"picked":"Dash","floor":3},{"not_picked":["Dodge and Roll","Quick Slash"],"picked":"Terror","floor":4},{"not_picked":["Blade Dance","Accuracy"],"picked":"Die Die Die","floor":5},{"not_picked":["Slice","All Out Attack"],"picked":"Leg Sweep","floor":6},{"not_picked":["Bane+1","Cloak And Dagger"],"picked":"Predator+1","floor":11},{"not_picked":["Heel Hook+1","Poisoned Stab+1"],"picked":"All Out Attack+1","floor":12},{"not_picked":["Backflip","Acrobatics"],"picked":"Infinite Blades","floor":13},{"not_picked":["Escape Plan","Sucker Punch+1"],"picked":"PiercingWail","floor":14},{"not_picked":["Die Die Die+1","Tools of the Trade"],"picked":"After Image","floor":16},{"not_picked":["Crippling Poison","Sucker Punch+1","Poisoned Stab+1"],"picked":"Flying Knee+1","floor":18},{"not_picked":["Deadly Poison","Cloak And Dagger","Tactician"],"picked":"Well Laid Plans","floor":22},{"not_picked":["Leg Sweep","Prepared","PiercingWail"],"picked":"Backstab+1","floor":24},{"not_picked":["Acrobatics","All Out Attack+1","Predator+1","Slice+1"],"picked":"Singing Bowl","floor":28},{"not_picked":["Bouncing Flask","Bane+1","Deadly Poison"],"picked":"Escape Plan","floor":31},{"not_picked":["Die Die Die+1","Storm of Steel","Wraith Form v2"],"picked":"Adrenaline","floor":33},{"not_picked":["Predator+1","Poisoned Stab+1","Blade Dance+1"],"picked":"Cloak And Dagger+1","floor":35},{"not_picked":["Dagger Spray+1","Dash+1","Poisoned Stab+1"],"picked":"Setup","floor":36},{"not_picked":["Underhanded Strike+1","Flying Knee+1","Tactician+1","Outmaneuver"],"picked":"Singing Bowl","floor":37},{"not_picked":["Tactician+1","Bouncing Flask","Bane+1","Underhanded Strike+1"],"picked":"Singing Bowl","floor":38},{"not_picked":["Flying Knee+1","PiercingWail+1","Bouncing Flask+1","Acrobatics"],"picked":"Singing Bowl","floor":39},{"not_picked":["Poisoned Stab+1","Terror","Sucker Punch+1"],"picked":"PiercingWail+1","floor":41},{"not_picked":["Setup","Masterful Stab+1","Accuracy+1"],"picked":"Doppelganger","floor":42},{"not_picked":["Blade Dance+1","Choke+1","Prepared+1","Backflip+1"],"picked":"Singing Bowl","floor":44},{"not_picked":["Quick Slash+1","Phantasmal Killer","Leg Sweep","Dagger Throw+1"],"picked":"Singing Bowl","floor":46},{"not_picked":["Poisoned Stab+1","Prepared","Blade Dance+1","Slice+1"],"picked":"Singing Bowl","floor":47},{"not_picked":["Slice+1","Backflip+1","Crippling Poison"],"picked":"Infinite Blades","floor":54}],"player_experience":146119,"relics_obtained":[{"floor":6,"key":"Molten Egg 2"},{"floor":9,"key":"Vajra"},{"floor":12,"key":"Matryoshka"},{"floor":14,"key":"Juzu Bracelet"},{"floor":17,"key":"Regal Pillow"},{"floor":17,"key":"Question Card"},{"floor":17,"key":"Torii"},{"floor":24,"key":"Pantograph"},{"floor":26,"key":"Singing Bowl"},{"floor":31,"key":"Toy Ornithopter"},{"floor":37,"key":"Girya"},{"floor":41,"key":"Dead Branch"},{"floor":42,"key":"Smiling Mask"},{"floor":43,"key":"Dream Catcher"},{"floor":43,"key":"Dodecahedron"},{"floor":44,"key":"Boot"},{"floor":46,"key":"Bird Faced Urn"},{"floor":54,"key":"Strawberry"}],"event_choices":[{"damage_healed":0,"gold_gain":0,"player_choice":"Rummage","damage_taken":0,"relics_obtained":["WarpedTongs"],"max_hp_gain":0,"max_hp_loss":0,"event_name":"Accursed Blacksmith","floor":7,"gold_loss":0,"cards_obtained":["Pain"]},{"damage_healed":0,"gold_gain":0,"player_choice":"Joined the Cult","damage_taken":6,"max_hp_gain":0,"max_hp_loss":0,"event_name":"Nest","floor":20,"gold_loss":0,"cards_obtained":["RitualDagger"]},{"cards_removed":["Defend_G"],"damage_healed":0,"gold_gain":0,"player_choice":"Purged","damage_taken":0,"max_hp_gain":0,"max_hp_loss":0,"event_name":"Purifier","floor":21,"gold_loss":0},{"damage_healed":0,"gold_gain":0,"player_choice":"Cursed","damage_taken":0,"max_hp_gain":0,"max_hp_loss":0,"event_name":"Wheel of Change","floor":29,"gold_loss":0,"cards_obtained":["Decay"]},{"damage_healed":0,"gold_gain":0,"player_choice":"Fight","damage_taken":0,"max_hp_gain":0,"max_hp_loss":0,"event_name":"Mysterious Sphere","floor":37,"gold_loss":0},{"damage_healed":0,"gold_gain":0,"player_choice":"Fight","damage_taken":0,"max_hp_gain":0,"max_hp_loss":0,"event_name":"MindBloom","floor":41,"gold_loss":0}],"is_beta":true,"boss_relics":[{"not_picked":["Cursed Key","SlaversCollar"],"picked":"Calling Bell"},{"not_picked":["Sozu","Philosopher\u0027s Stone"],"picked":"Pandora\u0027s Box"}],"items_purged_floors":[10,48],"is_endless":false,"potions_floor_spawned":[5,6,11,12,13,14,28,36,39,41,44,54],"ascension_level":3}