{"gold_per_floor":[118,118,68,68,86,86,86,111,111,111,123,137,148,180,180,180],"floor_reached":16,"playtime":719,"items_purged":[],"score":121,"play_id":"382c9bdb-d844-4e63-b98b-e9f337c1979c","local_time":"20190926225046","is_ascension_mode":true,"campfire_choices":[{"data":"The Bomb","floor":6,"key":"SMITH"},{"data":"Neutralize","floor":10,"key":"SMITH"},{"data":"Burst","floor":15,"key":"SMITH"}],"neow_cost":"CURSE","seed_source_timestamp":15353783676851,"circlet_count":0,"master_deck":["Strike_G","Strike_G","Strike_G","Strike_G","Strike_G","Defend_G","Defend_G","Defend_G","Defend_G","Defend_G","Survivor","Neutralize+1","Decay","The Bomb+1","Deflect+1","Acrobatics","Sucker Punch","Blade Dance","Blade Dance","Burst+1","Cloak And Dagger"],"relics":["Ring of the Snake","Darkstone Periapt","Lantern","MealTicket","Shuriken","Bottled Flame"],"potions_floor_usage":[14,14],"damage_taken":[{"damage":1,"enemies":"Jaw Worm","floor":1,"turns":3},{"damage":0,"enemies":"2 Louse","floor":5,"turns":3},{"damage":3,"enemies":"Lagavulin","floor":8,"turns":6},{"damage":0,"enemies":"Cultist","floor":11,"turns":3},{"damage":1,"enemies":"Red Slaver","floor":12,"turns":4},{"damage":7,"enemies":"Blue Slaver","floor":13,"turns":4},{"damage":10,"enemies":"3 Sentries","floor":14,"turns":5},{"damage":38,"enemies":"The Guardian","floor":16,"turns":8}],"seed_played":"-3447317959400573085","potions_obtained":[{"floor":8,"key":"LiquidBronze"},{"floor":12,"key":"Swift Potion"}],"is_trial":false,"path_per_floor":["M","?","?","?","M","R","?","E","T","R","M","M","M","E","R","B"],"character_chosen":"THE_SILENT","items_purchased":[],"campfire_rested":0,"item_purchase_floors":[],"current_hp_per_floor":[69,75,75,57,57,57,57,54,54,54,54,53,46,36,36,0],"gold":180,"neow_bonus":"RANDOM_COLORLESS_2","is_prod":false,"is_daily":false,"chose_seed":false,"campfire_upgraded":3,"win_rate":0,"timestamp":1569495046,"path_taken":["M","?","?","?","M","R","?","E","T","R","M","?","M","E","R","BOSS"],"build_version":"2019-09-25","purchased_purges":0,"victory":false,"max_hp_per_floor":[70,76,76,76,76,76,76,76,76,76,76,76,76,76,76,76],"card_choices":[{"not_picked":["Thinking Ahead","Thinking Ahead"],"picked":"The Bomb","floor":0},{"not_picked":["Sucker Punch","Bane"],"picked":"Deflect","floor":1},{"not_picked":["Sucker Punch","Deadly Poison"],"picked":"Acrobatics","floor":5},{"not_picked":["Bouncing Flask","Dagger Spray"],"picked":"Sucker Punch","floor":8},{"not_picked":["Dagger Spray","Underhanded Strike"],"picked":"Blade Dance","floor":11},{"not_picked":["Quick Slash","Bouncing Flask"],"picked":"Blade Dance","floor":12},{"not_picked":["Deadly Poison","Flying Knee"],"picked":"Burst","floor":13},{"not_picked":["Leg Sweep","Calculated Gamble"],"picked":"Cloak And Dagger","floor":14}],"player_experience":108337,"relics_obtained":[{"floor":8,"key":"MealTicket"},{"floor":9,"key":"Shuriken"},{"floor":14,"key":"Bottled Flame"}],"event_choices":[{"damage_healed":0,"gold_gain":0,"player_choice":"Box","damage_taken":0,"relics_obtained":["Darkstone Periapt"],"max_hp_gain":0,"max_hp_loss":0,"event_name":"Big Fish","floor":2,"gold_loss":0,"cards_obtained":["Regret"]},{"cards_removed":["Regret"],"damage_healed":0,"gold_gain":0,"player_choice":"Card Removal","damage_taken":0,"max_hp_gain":0,"max_hp_loss":0,"event_name":"The Cleric","floor":3,"gold_loss":50},{"damage_healed":0,"gold_gain":0,"player_choice":"Success","damage_taken":18,"relics_obtained":["Lantern"],"max_hp_gain":0,"max_hp_loss":0,"event_name":"Scrap Ooze","floor":4,"gold_loss":0},{"damage_healed":0,"gold_gain":0,"player_choice":"Upgraded","damage_taken":0,"max_hp_gain":0,"max_hp_loss":0,"event_name":"Upgrade Shrine","floor":7,"gold_loss":0,"cards_upgraded":["Deflect"]}],"is_beta":true,"boss_relics":[],"items_purged_floors":[],"is_endless":false,"potions_floor_spawned":[8,12],"killed_by":"The Guardian","ascension_level":2}