{"gold_per_floor":[117,292,310,310,310,343,358,5,5,19,42,68,68,31,31,134,134,148,175,85,100,100],"floor_reached":22,"playtime":1930,"items_purged":["Defend_G"],"score":239,"play_id":"65e920bf-87ac-45c8-89ba-b6ef3165ef3e","local_time":"20191012205022","is_ascension_mode":true,"campfire_choices":[{"floor":13,"key":"REST"},{"data":"Neutralize","floor":15,"key":"SMITH"}],"neow_cost":"NONE","seed_source_timestamp":56004475177400,"circlet_count":0,"master_deck":["Strike_G","Strike_G","Strike_G","Strike_G","Defend_G","Defend_G","Defend_G","Defend_G","Survivor","Neutralize+1","Choke","Skewer","Footwork","Backflip","Accuracy","Deflect","Die Die Die+1","Poisoned Stab","Noxious Fumes","Tools of the Trade","Backflip","Deflect+1","Backflip"],"relics":["Ring of the Snake","NeowsBlessing","Question Card","Anchor","Sling","Paper Crane","Odd Mushroom","Bottled Lightning","Coffee Dripper","Red Mask"],"potions_floor_usage":[10,12],"damage_taken":[{"damage":0,"enemies":"Jaw Worm","floor":1,"turns":1},{"damage":0,"enemies":"Small Slimes","floor":3,"turns":1},{"damage":0,"enemies":"Lagavulin","floor":6,"turns":1},{"damage":0,"enemies":"Cultist","floor":7,"turns":3},{"damage":0,"enemies":"Gremlin Gang","floor":10,"turns":2},{"damage":25,"enemies":"The Mushroom Lair","floor":11,"turns":6},{"damage":11,"enemies":"Gremlin Nob","floor":12,"turns":4},{"damage":22,"enemies":"Slime Boss","floor":16,"turns":11},{"damage":15,"enemies":"2 Thieves","floor":18,"turns":5},{"damage":47,"enemies":"Masked Bandits","floor":19,"turns":7},{"damage":5,"enemies":"Shell Parasite","floor":21,"turns":6},{"damage":3,"enemies":"Centurion and Healer","floor":22,"turns":5}],"seed_played":"-2651204438330888587","potions_obtained":[{"floor":1,"key":"Explosive Potion"},{"floor":3,"key":"EssenceOfSteel"}],"is_trial":false,"path_per_floor":["M","?","M","?","?","E","M","$","T","M","?","E","R","$","R","B",null,"M","?","?","M","M"],"character_chosen":"THE_SILENT","items_purchased":["Sling","Accuracy","Noxious Fumes"],"campfire_rested":1,"item_purchase_floors":[8,8,14],"current_hp_per_floor":[70,70,70,63,51,51,51,51,51,51,26,15,36,36,36,14,70,55,8,8,3,0],"gold":100,"neow_bonus":"THREE_ENEMY_KILL","is_prod":false,"is_daily":false,"chose_seed":false,"campfire_upgraded":1,"win_rate":0,"timestamp":1570927822,"path_taken":["M","?","M","?","?","E","M","?","T","?","?","E","R","$","R","BOSS","M","?","?","?","?"],"build_version":"2019-07-17","purchased_purges":1,"victory":false,"max_hp_per_floor":[70,70,70,70,70,70,70,70,70,70,70,70,70,70,70,70,70,70,70,70,70,70],"card_choices":[{"not_picked":["Infinite Blades","Quick Slash"],"picked":"Choke","floor":1},{"not_picked":["Acrobatics","Underhanded Strike"],"picked":"Skewer","floor":3},{"not_picked":["Deflect","Slice","Expertise"],"picked":"Footwork","floor":6},{"not_picked":["Dodge and Roll","Deadly Poison","Well Laid Plans"],"picked":"Backflip","floor":7},{"not_picked":["Caltrops","Blade Dance","Sucker Punch"],"picked":"Deflect","floor":10},{"not_picked":["Setup","Riddle With Holes","Deadly Poison"],"picked":"Die Die Die","floor":11},{"not_picked":["Outmaneuver","Sucker Punch","Masterful Stab"],"picked":"Poisoned Stab","floor":12},{"not_picked":["Phantasmal Killer","Malaise","Grand Finale"],"picked":"Tools of the Trade","floor":16},{"not_picked":["Deadly Poison+1","Well Laid Plans","Deflect+1"],"picked":"Backflip","floor":18},{"not_picked":["Blur","Poisoned Stab","Underhanded Strike+1"],"picked":"Deflect+1","floor":19},{"not_picked":["Prepared","Blade Dance","Distraction"],"picked":"Backflip","floor":21}],"player_experience":197267,"relics_obtained":[{"floor":6,"key":"Anchor"},{"floor":9,"key":"Paper Crane"},{"floor":11,"key":"Odd Mushroom"},{"floor":12,"key":"Bottled Lightning"},{"floor":19,"key":"Red Mask"}],"event_choices":[{"damage_healed":0,"gold_gain":175,"player_choice":"AGREE","damage_taken":0,"max_hp_gain":0,"max_hp_loss":0,"event_name":"Liars Game","floor":2,"gold_loss":0,"cards_obtained":["Doubt"]},{"cards_removed":["Doubt"],"damage_healed":0,"gold_gain":0,"player_choice":"Card Removal","damage_taken":7,"max_hp_gain":0,"max_hp_loss":0,"event_name":"Golden Wing","floor":4,"gold_loss":0},{"damage_healed":0,"gold_gain":0,"player_choice":"Success","damage_taken":12,"relics_obtained":["Question Card"],"max_hp_gain":0,"max_hp_loss":0,"event_name":"Scrap Ooze","floor":5,"gold_loss":0},{"damage_healed":0,"gold_gain":0,"player_choice":"Fought Mushrooms","damage_taken":0,"max_hp_gain":0,"max_hp_loss":0,"event_name":"Mushrooms","floor":11,"gold_loss":0},{"damage_healed":0,"gold_gain":0,"player_choice":"Fought Bandits","damage_taken":0,"max_hp_gain":0,"max_hp_loss":0,"event_name":"Masked Bandits","floor":19,"gold_loss":0},{"cards_removed":["Strike_G"],"damage_healed":0,"gold_gain":0,"player_choice":"Upgrade and Remove","damage_taken":0,"max_hp_gain":0,"max_hp_loss":0,"event_name":"Designer","floor":20,"gold_loss":90,"cards_upgraded":["Die Die Die"]}],"is_beta":false,"boss_relics":[{"not_picked":["Tiny House","Lizard Tail"],"picked":"Coffee Dripper"}],"items_purged_floors":[8],"is_endless":false,"potions_floor_spawned":[1,3],"killed_by":"Centurion and Healer","ascension_level":2}