{"gold_per_floor":[119,139,149,163,180,180,215,215,215,234,334,49,63,83,83,178,178,188,205,221,236,236],"floor_reached":22,"playtime":2138,"items_purged":[],"score":194,"play_id":"6fc2a67a-27eb-412a-ab06-ca00d6148615","local_time":"20190910185712","is_ascension_mode":false,"campfire_choices":[{"data":"CarveReality","floor":6,"key":"SMITH"},{"floor":8,"key":"REST"},{"data":"Armaments","floor":15,"key":"SMITH"}],"neow_cost":"NONE","seed_source_timestamp":3776727421518,"circlet_count":0,"master_deck":["Strike_P","Strike_P","Strike_P","Strike_P","Defend_P","Defend_P","Defend_P","Defend_P","Eruption","Vigilance","CarveReality+1","Protect","FlurryOfBlows","Consecrate","WreathOfFlame","SandsOfTime","ReachHeaven","Adaptation","EmptyBody","CutThroughFate","Shrug It Off","Armaments+1","Judgement","Beam Cell","EmptyBody","Reinforced Body+1","Entrench"],"relics":["PureWater","NeowsBlessing","Pen Nib","Ice Cream","PrismaticShard","Philosopher\u0027s Stone"],"potions_floor_usage":[5,5,16],"damage_taken":[{"damage":0,"enemies":"Cultist","floor":1,"turns":1},{"damage":0,"enemies":"Small Slimes","floor":2,"turns":1},{"damage":0,"enemies":"2 Louse","floor":3,"turns":1},{"damage":9,"enemies":"2 Fungi Beasts","floor":4,"turns":4},{"damage":4,"enemies":"Gremlin Gang","floor":5,"turns":5},{"damage":24,"enemies":"3 Sentries","floor":7,"turns":8},{"damage":0,"enemies":"Red Slaver","floor":10,"turns":2},{"damage":0,"enemies":"Looter","floor":13,"turns":2},{"damage":5,"enemies":"Blue Slaver","floor":14,"turns":2},{"damage":28,"enemies":"Hexaghost","floor":16,"turns":9},{"damage":6,"enemies":"Spheric Guardian","floor":18,"turns":3},{"damage":7,"enemies":"Shell Parasite","floor":19,"turns":4},{"damage":0,"enemies":"Sentry and Sphere","floor":20,"turns":3},{"damage":30,"enemies":"Snake Plant","floor":21,"turns":5},{"damage":34,"enemies":"Cultist and Chosen","floor":22,"turns":3}],"seed_played":"6121464735775362626","potions_obtained":[{"floor":1,"key":"Energy Potion"},{"floor":4,"key":"SpeedPotion"},{"floor":7,"key":"Block Potion"},{"floor":10,"key":"Ancient Potion"},{"floor":13,"key":"Fire Potion"},{"floor":18,"key":"Poison Potion"}],"is_trial":false,"path_per_floor":["M","M","M","M","M","R","E","R","T","M","?","$","M","M","R","B",null,"M","M","M","M","M"],"character_chosen":"WATCHER","items_purchased":["Adaptation","PrismaticShard","EmptyBody","CutThroughFate"],"campfire_rested":1,"item_purchase_floors":[12,12,12,12],"current_hp_per_floor":[65,65,65,56,52,52,28,47,47,47,47,47,47,42,42,14,65,59,52,52,22,0],"gold":236,"neow_bonus":"THREE_ENEMY_KILL","is_prod":false,"is_daily":false,"chose_seed":false,"campfire_upgraded":2,"win_rate":0.0,"timestamp":1568098632,"path_taken":["M","M","M","?","M","R","E","R","T","M","?","$","M","?","R","BOSS","M","M","M","M","M"],"build_version":"2019-09-09v2","purchased_purges":0,"victory":false,"max_hp_per_floor":[65,65,65,65,65,65,65,65,65,65,65,65,65,65,65,65,65,65,65,65,65,65],"card_choices":[{"not_picked":["EmptyFist","Halt"],"picked":"CarveReality","floor":1},{"not_picked":["ThirdEye","FlyingSleeves"],"picked":"Protect","floor":2},{"not_picked":["ThirdEye","Crescendo"],"picked":"FlurryOfBlows","floor":3},{"not_picked":["CrushJoints","Sanctity"],"picked":"Consecrate","floor":4},{"not_picked":["Weave","Protect"],"picked":"WreathOfFlame","floor":5},{"not_picked":["FlyingSleeves","PathToVictory"],"picked":"SandsOfTime","floor":7},{"not_picked":["ThirdEye","WaveOfTheHand"],"picked":"ReachHeaven","floor":10},{"not_picked":["Cloak And Dagger","Sword Boomerang"],"picked":"Shrug It Off","floor":13},{"not_picked":["Choke","Static Discharge"],"picked":"Armaments","floor":14},{"not_picked":["Chrysalis","Biased Cognition"],"picked":"Judgement","floor":16},{"not_picked":["Reflex","CutThroughFate"],"picked":"Beam Cell","floor":18},{"not_picked":["Dropkick","Clash"],"picked":"EmptyBody","floor":19},{"not_picked":["Searing Blow","Adaptation"],"picked":"Reinforced Body+1","floor":20},{"not_picked":["Blizzard+1","EmptyBody"],"picked":"Entrench","floor":21}],"player_experience":43414,"relics_obtained":[{"floor":7,"key":"Pen Nib"},{"floor":9,"key":"Ice Cream"}],"event_choices":[{"damage_healed":0,"gold_gain":100,"player_choice":"Gold","damage_taken":0,"max_hp_gain":0,"max_hp_loss":0,"event_name":"Wheel of Change","floor":11,"gold_loss":0}],"is_beta":true,"boss_relics":[{"not_picked":["Runic Pyramid","Empty Cage"],"picked":"Philosopher\u0027s Stone"}],"items_purged_floors":[],"is_endless":false,"potions_floor_spawned":[1,4,7,10,13,18,20],"killed_by":"Cultist and Chosen","ascension_level":0}