{"gold_per_floor":[118,118,136,136,61,61,105,105,131,131,169,182,182,182,182,303,366,379,404,404,425,441,441,454,454,478,478,511,73,73,98,98,218,218,236,263,279,302,302,302,336,55,123,123],"floor_reached":44,"playtime":2540,"items_purged":[],"score":612,"play_id":"bcd089d6-8c00-4024-aaa7-1154b6b15165","local_time":"20191003230533","is_ascension_mode":true,"campfire_choices":[{"data":"Noxious Fumes","floor":6,"key":"SMITH"},{"data":"Catalyst","floor":8,"key":"SMITH"},{"floor":10,"key":"REST"},{"data":"Bouncing Flask","floor":15,"key":"SMITH"},{"floor":23,"key":"REST"},{"floor":25,"key":"REST"},{"floor":27,"key":"REST"},{"floor":32,"key":"REST"},{"floor":40,"key":"REST"}],"neow_cost":"NONE","seed_source_timestamp":51938188758011,"circlet_count":0,"master_deck":["Strike_G","Strike_G","Strike_G","Strike_G","Defend_G","Defend_G","Defend_G","Defend_G","Defend_G","Survivor","Neutralize+1","Burst+1","Noxious Fumes+1","Cloak And Dagger","Catalyst+1","Bouncing Flask+1","Dash","Infinite Blades","Deflect","After Image","Poisoned Stab+1","Crippling Poison","Well Laid Plans+1","Prepared","Bane+1","Prepared+1","Dash+1","Blade Dance","After Image","Escape Plan+1","The Bomb","Burst+1","Backstab+1","Flying Knee+1","Corpse Explosion","Outmaneuver+1","PiercingWail","Underhanded Strike+1","Madness","Madness","Escape Plan"],"relics":["Ring of the Snake","Golden Idol","Pear","Dream Catcher","Dodecahedron","Molten Egg 2","Tiny House","Nilry\u0027s Codex","Orichalcum","Pantograph","Tiny Chest","DollysMirror","Busted Crown","Potion Belt","Happy Flower","Strange Spoon","Toxic Egg 2"],"potions_floor_usage":[7,11,19,28,31,33,41,41,44,44],"damage_taken":[{"damage":0,"enemies":"Cultist","floor":1,"turns":5},{"damage":0,"enemies":"Jaw Worm","floor":3,"turns":5},{"damage":17,"enemies":"Gremlin Nob","floor":7,"turns":4},{"damage":3,"enemies":"3 Sentries","floor":11,"turns":8},{"damage":4,"enemies":"Small Slimes","floor":12,"turns":4},{"damage":24,"enemies":"The Guardian","floor":16,"turns":10},{"damage":5,"enemies":"Shell Parasite","floor":18,"turns":3},{"damage":0,"enemies":"Spheric Guardian","floor":19,"turns":4},{"damage":6,"enemies":"Snake Plant","floor":21,"turns":4},{"damage":0,"enemies":"Chosen and Byrds","floor":22,"turns":5},{"damage":39,"enemies":"Cultist and Chosen","floor":24,"turns":9},{"damage":47,"enemies":"Book of Stabbing","floor":28,"turns":5},{"damage":11,"enemies":"Centurion and Healer","floor":31,"turns":4},{"damage":26,"enemies":"Automaton","floor":33,"turns":8},{"damage":7,"enemies":"Orb Walker","floor":35,"turns":3},{"damage":7,"enemies":"3 Darklings","floor":37,"turns":3},{"damage":26,"enemies":"Jaw Worm Horde","floor":38,"turns":5},{"damage":15,"enemies":"Nemesis","floor":41,"turns":7},{"damage":67,"enemies":"Giant Head","floor":44,"turns":7}],"seed_played":"-8582082167084886284","potions_obtained":[{"floor":1,"key":"Explosive Potion"},{"floor":3,"key":"FearPotion"},{"floor":7,"key":"Weak Potion"},{"floor":17,"key":"Fire Potion"},{"floor":18,"key":"AttackPotion"},{"floor":24,"key":"FearPotion"},{"floor":28,"key":"Block Potion"},{"floor":30,"key":"DuplicationPotion"},{"floor":30,"key":"Swift Potion"},{"floor":35,"key":"AttackPotion"},{"floor":38,"key":"Block Potion"}],"is_trial":false,"path_per_floor":["M","?","M","?","$","R","E","R","T","R","E","M","?","T","R","B",null,"M","M","?","M","M","R","M","R","T","R","E","$","?","M","R","B",null,"M","T","M","M","?","R","E","$","T","E"],"character_chosen":"THE_SILENT","items_purchased":["Catalyst","The Bomb","Tiny Chest","DollysMirror","Strange Spoon","SkillPotion","Escape Plan"],"campfire_rested":6,"item_purchase_floors":[5,29,29,29,42,42,42],"current_hp_per_floor":[70,53,53,45,45,45,28,28,28,52,49,45,45,45,45,21,85,80,80,64,58,58,83,44,69,69,85,38,38,38,27,52,51,85,78,78,71,45,34,59,44,44,44,0],"gold":123,"neow_bonus":"TRANSFORM_CARD","is_prod":false,"is_daily":false,"chose_seed":false,"campfire_upgraded":3,"win_rate":0,"timestamp":1570097133,"path_taken":["M","?","M","?","$","R","E","R","T","R","E","M","?","?","R","BOSS","M","M","?","M","M","R","M","R","T","R","E","$","?","M","R","BOSS","M","?","?","M","?","R","E","?","T","E"],"build_version":"2019-10-02","purchased_purges":0,"victory":false,"max_hp_per_floor":[70,70,70,80,80,80,80,80,80,80,80,80,80,80,80,80,85,85,85,85,85,85,85,85,85,85,85,85,85,85,85,85,85,85,85,85,85,85,85,85,85,85,85,85],"card_choices":[{"not_picked":["Well Laid Plans","Caltrops"],"picked":"Noxious Fumes","floor":1},{"not_picked":["Slice","Skewer"],"picked":"Cloak And Dagger","floor":3},{"not_picked":["Dagger Throw","Accuracy"],"picked":"Bouncing Flask","floor":7},{"not_picked":["Dagger Spray","Tactician"],"picked":"Dash","floor":10},{"not_picked":["Endless Agony","Prepared"],"picked":"Infinite Blades","floor":11},{"not_picked":["Flying Knee","Cloak And Dagger"],"picked":"Deflect","floor":12},{"not_picked":["Die Die Die+1","Malaise"],"picked":"After Image","floor":16},{"not_picked":["Blade Dance","Slice+1"],"picked":"Poisoned Stab+1","floor":17},{"not_picked":["Prepared","All Out Attack+1"],"picked":"Crippling Poison","floor":18},{"not_picked":["Acrobatics","Backflip"],"picked":"Well Laid Plans+1","floor":19},{"not_picked":["PiercingWail","Dodge and Roll"],"picked":"Prepared","floor":21},{"not_picked":["Dodge and Roll","Sucker Punch+1"],"picked":"Bane+1","floor":22},{"not_picked":["Wraith Form v2","Cloak And Dagger"],"picked":"Prepared+1","floor":23},{"not_picked":["Quick Slash+1","Leg Sweep"],"picked":"Dash+1","floor":24},{"not_picked":["Backflip","Well Laid Plans"],"picked":"Blade Dance","floor":25},{"not_picked":["Calculated Gamble","Finisher+1"],"picked":"After Image","floor":27},{"not_picked":["Concentrate","Outmaneuver+1"],"picked":"Escape Plan+1","floor":28},{"not_picked":["Cloak And Dagger+1","Quick Slash+1"],"picked":"Backstab+1","floor":31},{"not_picked":["Quick Slash+1","Dagger Throw+1"],"picked":"Flying Knee+1","floor":32},{"not_picked":["Glass Knife+1","Grand Finale+1"],"picked":"Corpse Explosion","floor":33},{"not_picked":[],"picked":"Outmaneuver+1","floor":35},{"not_picked":[],"picked":"PiercingWail","floor":37},{"not_picked":[],"picked":"Underhanded Strike+1","floor":38},{"not_picked":["Dagger Spray+1"],"picked":"SKIP","floor":41}],"player_experience":142094,"relics_obtained":[{"floor":7,"key":"Dream Catcher"},{"floor":11,"key":"Dodecahedron"},{"floor":14,"key":"Molten Egg 2"},{"floor":20,"key":"Nilry\u0027s Codex"},{"floor":26,"key":"Orichalcum"},{"floor":28,"key":"Pantograph"},{"floor":36,"key":"Potion Belt"},{"floor":41,"key":"Happy Flower"},{"floor":43,"key":"Toxic Egg 2"}],"event_choices":[{"damage_healed":0,"gold_gain":0,"player_choice":"Take Damage","damage_taken":17,"relics_obtained":["Golden Idol"],"max_hp_gain":0,"max_hp_loss":0,"event_name":"Golden Idol","floor":2,"gold_loss":0},{"damage_healed":0,"gold_gain":0,"player_choice":"Success","damage_taken":18,"relics_obtained":["Pear"],"max_hp_gain":0,"max_hp_loss":0,"event_name":"Scrap Ooze","floor":4,"gold_loss":0},{"damage_healed":0,"gold_gain":0,"player_choice":"Grow","damage_taken":0,"max_hp_gain":0,"max_hp_loss":0,"event_name":"Living Wall","floor":13,"gold_loss":0,"cards_upgraded":["Burst"]},{"damage_healed":0,"gold_gain":0,"player_choice":"Obtained Book","damage_taken":16,"max_hp_gain":0,"max_hp_loss":0,"event_name":"Cursed Tome","floor":20,"gold_loss":0},{"damage_healed":0,"gold_gain":0,"player_choice":"Got Potions","damage_taken":0,"max_hp_gain":0,"max_hp_loss":0,"event_name":"Lab","floor":30,"gold_loss":0},{"damage_healed":0,"gold_gain":0,"player_choice":"Embrace Madness","damage_taken":11,"max_hp_gain":0,"max_hp_loss":0,"event_name":"Winding Halls","floor":39,"gold_loss":0,"cards_obtained":["Madness","Madness"]}],"is_beta":true,"boss_relics":[{"not_picked":["Runic Dome","Velvet Choker"],"picked":"Tiny House"},{"not_picked":["Snecko Eye","HoveringKite"],"picked":"Busted Crown"}],"items_purged_floors":[],"is_endless":false,"potions_floor_spawned":[1,3,7,18,24,28,35,38],"killed_by":"Giant Head","ascension_level":3}