{"gold_per_floor":[210,210,9,23,23,57,76,102,156,6,32,32,43,71,71,168,168,187,205,236,247,258,290,290,290,290,215,215,228,262,262,262,262],"floor_reached":33,"playtime":3370,"items_purged":["Strike_G"],"score":417,"play_id":"f9cdf91e-d7dc-47eb-87f6-b9a9330ae797","local_time":"20191013104048","is_ascension_mode":true,"campfire_choices":[{"data":"1","floor":15,"key":"LIFT"},{"data":"2","floor":24,"key":"LIFT"},{"floor":25,"key":"REST"},{"data":"3","floor":28,"key":"LIFT"},{"data":"Burst","floor":32,"key":"SMITH"}],"neow_cost":"NONE","seed_source_timestamp":104391553834800,"circlet_count":0,"master_deck":["Strike_G","Strike_G","Defend_G","Defend_G","Survivor","Neutralize","Quick Slash","Dash","Cloak And Dagger","Backstab","Noxious Fumes","Bane","PiercingWail","Burst+1","Night Terror","Slice+1","Expertise+1","Wraith Form v2+1","Escape Plan+1","Bouncing Flask","Corpse Explosion","Skewer+1","Quick Slash","Bouncing Flask","Dodge and Roll","Deflect"],"relics":["Ring of the Snake","Blue Candle","TheAbacus","Anchor","WingedGreaves","Bronze Scales","Calipers","CultistMask","Girya","Astrolabe","Red Mask","Ornamental Fan","Matryoshka","The Specimen"],"potions_floor_usage":[11,14,16,20,23,33,33],"damage_taken":[{"damage":0,"enemies":"2 Louse","floor":1,"turns":2},{"damage":0,"enemies":"Cultist","floor":4,"turns":4},{"damage":31,"enemies":"3 Sentries","floor":6,"turns":14},{"damage":4,"enemies":"Small Slimes","floor":7,"turns":3},{"damage":16,"enemies":"Gremlin Nob","floor":8,"turns":5},{"damage":1,"enemies":"3 Sentries","floor":11,"turns":8},{"damage":0,"enemies":"Gremlin Gang","floor":13,"turns":4},{"damage":6,"enemies":"Lagavulin","floor":14,"turns":9},{"damage":12,"enemies":"The Guardian","floor":16,"turns":13},{"damage":15,"enemies":"Shell Parasite","floor":18,"turns":6},{"damage":22,"enemies":"Spheric Guardian","floor":19,"turns":7},{"damage":8,"enemies":"Masked Bandits","floor":20,"turns":5},{"damage":13,"enemies":"Shelled Parasite and Fungi","floor":21,"turns":7},{"damage":2,"enemies":"Sentry and Sphere","floor":22,"turns":5},{"damage":5,"enemies":"Gremlin Leader","floor":23,"turns":8},{"damage":4,"enemies":"Snecko","floor":29,"turns":3},{"damage":0,"enemies":"Slavers","floor":30,"turns":2},{"damage":42,"enemies":"Champ","floor":33,"turns":6}],"seed_played":"-4786701725091500509","potions_obtained":[{"floor":4,"key":"FairyPotion"},{"floor":6,"key":"Energy Potion"},{"floor":7,"key":"SpeedPotion"},{"floor":11,"key":"Weak Potion"},{"floor":16,"key":"LiquidBronze"},{"floor":18,"key":"Dexterity Potion"},{"floor":19,"key":"SteroidPotion"},{"floor":23,"key":"Ancient Potion"},{"floor":29,"key":"SneckoOil"},{"floor":30,"key":"SkillPotion"}],"is_trial":false,"path_per_floor":["M","?","$","M","$","E","M","E","T","$","E","?","M","E","R","B",null,"M","M","?","M","M","E","R","R","T","?","R","M","E","?","R","B"],"character_chosen":"THE_SILENT","items_purchased":["TheAbacus","Noxious Fumes"],"campfire_rested":1,"item_purchase_floors":[3,10],"current_hp_per_floor":[70,70,70,70,70,39,35,19,19,19,18,18,18,12,12,7,70,55,33,25,12,10,5,5,26,26,26,26,22,22,22,22,0],"gold":262,"neow_bonus":"HUNDRED_GOLD","is_prod":false,"is_daily":false,"chose_seed":false,"campfire_upgraded":1,"win_rate":0,"timestamp":1570977648,"path_taken":["M","?","$","?","?","E","M","E","T","$","E","?","M","E","R","BOSS","M","?","?","M","M","E","R","R","T","?","R","M","E","?","R","BOSS"],"build_version":"2019-07-17","purchased_purges":1,"victory":false,"max_hp_per_floor":[70,70,70,70,70,70,70,70,70,70,70,70,70,70,70,70,70,70,70,70,70,70,70,70,70,70,70,70,70,70,70,70,70],"card_choices":[{"not_picked":["Acrobatics","Reflex"],"picked":"PiercingWail","floor":1},{"not_picked":["Flying Knee","Outmaneuver"],"picked":"Quick Slash","floor":4},{"not_picked":["Blade Dance","Malaise"],"picked":"Dash","floor":6},{"not_picked":["PiercingWail","Sucker Punch"],"picked":"Cloak And Dagger","floor":7},{"not_picked":["Deadly Poison","Finisher"],"picked":"Backstab","floor":8},{"not_picked":["Predator","Infinite Blades"],"picked":"Bane","floor":11},{"not_picked":["Caltrops","Eviscerate"],"picked":"PiercingWail","floor":13},{"not_picked":["Outmaneuver","Distraction"],"picked":"Burst","floor":14},{"not_picked":["Grand Finale","Tools of the Trade"],"picked":"Night Terror","floor":16},{"not_picked":["Bane+1","Dagger Spray"],"picked":"Escape Plan+1","floor":18},{"not_picked":["Dagger Throw","Slice+1"],"picked":"Bouncing Flask","floor":19},{"not_picked":["Dagger Throw","Dagger Spray"],"picked":"Corpse Explosion","floor":20},{"not_picked":["Cloak And Dagger","Slice"],"picked":"Skewer+1","floor":21},{"not_picked":["Dagger Throw+1","Cloak And Dagger"],"picked":"Quick Slash","floor":22},{"not_picked":["Cloak And Dagger+1","Bane"],"picked":"Bouncing Flask","floor":23},{"not_picked":["Adrenaline","Prepared"],"picked":"Dodge and Roll","floor":29},{"not_picked":["Dagger Throw+1","Heel Hook","Tactician"],"picked":"SKIP","floor":30}],"player_experience":207282,"relics_obtained":[{"floor":6,"key":"Anchor"},{"floor":8,"key":"WingedGreaves"},{"floor":9,"key":"Bronze Scales"},{"floor":11,"key":"Calipers"},{"floor":14,"key":"Girya"},{"floor":20,"key":"Red Mask"},{"floor":23,"key":"Ornamental Fan"},{"floor":26,"key":"Matryoshka"},{"floor":30,"key":"The Specimen"}],"event_choices":[{"cards_removed":["PiercingWail"],"damage_healed":0,"gold_gain":0,"player_choice":"Gave Card","damage_taken":0,"relics_obtained":["Blue Candle"],"max_hp_gain":0,"max_hp_loss":0,"event_name":"WeMeetAgain","floor":2,"gold_loss":0},{"damage_healed":0,"gold_gain":0,"player_choice":"Trade","damage_taken":0,"relics_obtained":["CultistMask"],"max_hp_gain":0,"max_hp_loss":0,"event_name":"FaceTrader","floor":12,"gold_loss":0},{"damage_healed":0,"gold_gain":0,"player_choice":"Fought Bandits","damage_taken":0,"max_hp_gain":0,"max_hp_loss":0,"event_name":"Masked Bandits","floor":20,"gold_loss":0},{"cards_removed":["Defend_G"],"damage_healed":0,"gold_gain":0,"player_choice":"Gave Gold","damage_taken":0,"max_hp_gain":0,"max_hp_loss":0,"event_name":"Beggar","floor":27,"gold_loss":75},{"damage_healed":0,"gold_gain":0,"cards_transformed":["Defend_G"],"player_choice":"Transformed","damage_taken":0,"max_hp_gain":0,"max_hp_loss":0,"event_name":"Transmorgrifier","floor":31,"gold_loss":0,"cards_obtained":["Deflect"]}],"is_beta":false,"boss_relics":[{"not_picked":["Runic Pyramid","Black Star"],"picked":"Astrolabe"}],"items_purged_floors":[10],"is_endless":false,"potions_floor_spawned":[4,6,7,11,16,18,19,23,29,30],"killed_by":"Champ","ascension_level":3}