{"gold_per_floor":[118,129,129,145,172,204,204,217,271,288,288,9,29,64,64,135,135,145,176,176,194,119,119,149,149,149,149,181,181,199,215,215,288,288,302,302,319,331,331,331,347,398,451,484,484,9,9,26,26,26,26],"floor_reached":52,"playtime":3215,"items_purged":["Strike_B"],"score":1860,"play_id":"5546a145-8d1d-44dd-9814-cdc695ad6cef","local_time":"20191013081801","is_ascension_mode":true,"campfire_choices":[{"data":"Defragment","floor":7.0,"key":"SMITH"},{"floor":11.0,"key":"REST"},{"data":"Chill","floor":15.0,"key":"SMITH"},{"floor":23.0,"key":"REST"},{"floor":25.0,"key":"REST"},{"data":"Seek","floor":27.0,"key":"SMITH"},{"data":"Consume","floor":32.0,"key":"SMITH"},{"data":"Buffer","floor":40.0,"key":"SMITH"},{"data":"Capacitor","floor":45.0,"key":"SMITH"},{"data":"Go for the Eyes","floor":49.0,"key":"SMITH"}],"neow_cost":"PERCENT_DAMAGE","seed_source_timestamp":1243994699989500,"circlet_count":0,"master_deck":["AscendersBane","Defend_B","Defend_B","Defend_B","Defend_B","Zap","Dualcast","Melter","Chill+1","Go for the Eyes+1","Streamline","Barrage","Defragment+1","Gash","Hologram","White Noise","Barrage+1","Seek+1","Loop","Cold Snap+1","Necronomicurse","Defragment+1","Barrage+1","Electrodynamics","Self Repair","Consume+1","Echo Form","Buffer+1","White Noise","Reinforced Body","Cold Snap+1","Loop","Gash+1","Capacitor+1","Apotheosis","Cold Snap+1"],"special_seed":0,"relics":["Cracked Core","Bag of Marbles","Blood Vial","Pen Nib","Molten Egg 2","Mummified Hand","Velvet Choker","Red Mask","Necronomicon","Vajra","Shuriken","Question Card","Snecko Eye","Bird Faced Urn","PreservedInsect","Centennial Puzzle","Bottled Lightning"],"potions_floor_usage":[51],"damage_taken":[{"damage":5.0,"enemies":"Jaw Worm","floor":1.0,"turns":4.0},{"damage":1.0,"enemies":"Cultist","floor":2.0,"turns":4.0},{"damage":3.0,"enemies":"Small Slimes","floor":4.0,"turns":2.0},{"damage":14.0,"enemies":"3 Sentries","floor":6.0,"turns":8.0},{"damage":3.0,"enemies":"Exordium Wildlife","floor":8.0,"turns":4.0},{"damage":2.0,"enemies":"Large Slime","floor":10.0,"turns":5.0},{"damage":0.0,"enemies":"Lots of Slimes","floor":13.0,"turns":4.0},{"damage":10.0,"enemies":"Lagavulin","floor":14.0,"turns":6.0},{"damage":35.0,"enemies":"Hexaghost","floor":16.0,"turns":8.0},{"damage":14.0,"enemies":"2 Thieves","floor":18.0,"turns":4.0},{"damage":13.0,"enemies":"Masked Bandits","floor":19.0,"turns":5.0},{"damage":0.0,"enemies":"3 Byrds","floor":21.0,"turns":5.0},{"damage":22.0,"enemies":"Gremlin Leader","floor":24.0,"turns":6.0},{"damage":5.0,"enemies":"Slavers","floor":28.0,"turns":4.0},{"damage":4.0,"enemies":"Cultist and Chosen","floor":30.0,"turns":3.0},{"damage":2.0,"enemies":"Centurion and Healer","floor":31.0,"turns":5.0},{"damage":7.0,"enemies":"Collector","floor":33.0,"turns":10.0},{"damage":0.0,"enemies":"3 Shapes","floor":35.0,"turns":4.0},{"damage":18.0,"enemies":"Orb Walker","floor":37.0,"turns":6.0},{"damage":9.0,"enemies":"Spire Growth","floor":38.0,"turns":5.0},{"damage":0.0,"enemies":"3 Darklings","floor":41.0,"turns":3.0},{"damage":11.0,"enemies":"2 Orb Walkers","floor":42.0,"turns":4.0},{"damage":0.0,"enemies":"Giant Head","floor":44.0,"turns":7.0},{"damage":0.0,"enemies":"Transient","floor":48.0,"turns":6.0},{"damage":33.0,"enemies":"Donu and Deca","floor":50.0,"turns":6.0},{"damage":36,"enemies":"Awakened One","floor":51,"turns":13}],"seed_played":"-5875951198254288956","potions_obtained":[{"floor":1.0,"key":"SpeedPotion"},{"floor":4.0,"key":"Fire Potion"},{"floor":8.0,"key":"Weak Potion"},{"floor":16.0,"key":"Explosive Potion"},{"floor":21.0,"key":"Weak Potion"},{"floor":24.0,"key":"Energy Potion"},{"floor":28.0,"key":"PowerPotion"},{"floor":38.0,"key":"Regen Potion"},{"floor":42.0,"key":"Weak Potion"},{"floor":44.0,"key":"Fire Potion"}],"is_trial":false,"path_per_floor":["M","M","?","M","T","E","R","M","T","M","R","$","M","E","R","B",null,"M","?","?","M","$","R","E","R","T","R","E","?","M","M","R","B",null,"M","$","M","M","?","R","M","?","T","E","R","$","?","M","R","B","B",null],"character_chosen":"DEFECT","items_purchased":["Molten Egg 2","Apotheosis","Bottled Lightning"],"campfire_rested":3,"item_purchase_floors":[12,46,46],"current_hp_per_floor":[41,40,45,42,42,28,28,27,27,27,49,49,51,43,43,10,60,48,37,16,18,18,40,20,42,42,42,39,39,37,44,44,46,69,71,71,69,69,69,69,72,68,68,72,72,72,72,72,72,72,52],"gold":26,"neow_bonus":"TRANSFORM_TWO_CARDS","is_prod":false,"is_daily":false,"chose_seed":false,"campfire_upgraded":7,"win_rate":0,"timestamp":1570947481,"path_taken":["M","M","?","M","?","E","R","M","T","M","R","?","?","E","R","BOSS","M","?","?","M","?","R","E","R","T","R","E","?","?","M","R","BOSS","M","$","M","M","?","R","M","?","T","E","R","$","?","?","R","BOSS","BOSS"],"build_version":"2019-07-17","purchased_purges":1,"victory":true,"max_hp_per_floor":[71,71,76,76,76,76,76,76,76,76,76,76,76,76,76,76,76,76,76,76,76,76,76,76,76,76,76,76,76,76,76,76,76,76,76,76,76,76,72,72,72,72,72,72,72,72,72,72,72,72,72],"card_choices":[{"not_picked":["Recycle","Heatsinks"],"picked":"Go for the Eyes","floor":1.0},{"not_picked":["Chill","Cold Snap"],"picked":"Streamline","floor":2.0},{"not_picked":["Force Field","Redo"],"picked":"Barrage","floor":4.0},{"not_picked":["Reprogram","Electrodynamics"],"picked":"Defragment","floor":6.0},{"not_picked":["Stack","Leap"],"picked":"Gash","floor":8.0},{"not_picked":["Reprogram","Scrape"],"picked":"Hologram","floor":10.0},{"not_picked":["Scrape+1","Redo"],"picked":"White Noise","floor":13.0},{"not_picked":["Recycle","Hyperbeam+1"],"picked":"Barrage+1","floor":14.0},{"not_picked":["Biased Cognition","Electrodynamics"],"picked":"Seek","floor":16.0},{"not_picked":["Rip and Tear+1","Sunder+1"],"picked":"Loop","floor":18.0},{"not_picked":["Tempest","Hologram"],"picked":"Cold Snap+1","floor":19.0},{"not_picked":["Steam","Leap"],"picked":"Defragment+1","floor":21.0},{"not_picked":["Sweeping Beam+1","Undo"],"picked":"Barrage+1","floor":24.0},{"not_picked":["Turbo","Hologram"],"picked":"Electrodynamics","floor":28.0},{"not_picked":["Rebound+1","Genetic Algorithm","Hologram"],"picked":"Consume","floor":30.0},{"not_picked":["Loop","Sweeping Beam+1","Conserve Battery+1"],"picked":"Echo Form","floor":31.0},{"not_picked":["Meteor Strike+1","Reboot","Amplify"],"picked":"Buffer","floor":33.0},{"not_picked":["Hologram+1","Sweeping Beam+1","Turbo"],"picked":"White Noise","floor":35.0},{"not_picked":["Rip and Tear+1","Ball Lightning+1","Chaos"],"picked":"Reinforced Body","floor":37.0},{"not_picked":["Genetic Algorithm","Sunder+1","Gash+1"],"picked":"Cold Snap+1","floor":38.0},{"not_picked":["Tempest","Biased Cognition","Ball Lightning+1"],"picked":"Loop","floor":41.0},{"not_picked":["Leap","Turbo+1","Undo+1"],"picked":"Gash+1","floor":42.0},{"not_picked":["Beam Cell+1","Loop","Turbo+1"],"picked":"Capacitor","floor":44.0},{"not_picked":["Barrage+1","Heatsinks+1","Hologram"],"picked":"Cold Snap+1","floor":48.0}],"player_experience":481721,"relics_obtained":[{"floor":5.0,"key":"Bag of Marbles"},{"floor":6.0,"key":"Blood Vial"},{"floor":9.0,"key":"Pen Nib"},{"floor":14.0,"key":"Mummified Hand"},{"floor":19.0,"key":"Red Mask"},{"floor":20.0,"key":"Necronomicon"},{"floor":24.0,"key":"Vajra"},{"floor":26.0,"key":"Shuriken"},{"floor":28.0,"key":"Question Card"},{"floor":42.0,"key":"Bird Faced Urn"},{"floor":43.0,"key":"PreservedInsect"},{"floor":44.0,"key":"Centennial Puzzle"}],"event_choices":[{"damage_healed":0.0,"max_hp_gain":5.0,"max_hp_loss":0.0,"gold_gain":0.0,"event_name":"Big Fish","player_choice":"Donut","floor":3.0,"gold_loss":0.0,"damage_taken":0.0},{"damage_healed":0.0,"max_hp_gain":0.0,"max_hp_loss":0.0,"gold_gain":0.0,"event_name":"Masked Bandits","player_choice":"Fought Bandits","floor":19.0,"gold_loss":0.0,"damage_taken":0.0},{"damage_healed":0.0,"max_hp_gain":0.0,"max_hp_loss":0.0,"gold_gain":0.0,"event_name":"Cursed Tome","player_choice":"Obtained Book","floor":20.0,"gold_loss":0.0,"damage_taken":21.0},{"damage_healed":0.0,"max_hp_gain":0.0,"max_hp_loss":0.0,"gold_gain":0.0,"cards_transformed":["Strike_B"],"event_name":"Transmorgrifier","player_choice":"Transformed","floor":29.0,"gold_loss":0.0,"damage_taken":0.0,"cards_obtained":["Self Repair"]},{"damage_healed":0.0,"max_hp_gain":0.0,"max_hp_loss":4.0,"gold_gain":0.0,"event_name":"Winding Halls","player_choice":"Max HP","floor":39.0,"gold_loss":0.0,"damage_taken":0.0},{"damage_healed":0.0,"max_hp_gain":0.0,"max_hp_loss":0.0,"gold_gain":0.0,"event_name":"Mysterious Sphere","player_choice":"Fight","floor":42.0,"gold_loss":0.0,"damage_taken":0.0},{"damage_healed":0.0,"max_hp_gain":0.0,"max_hp_loss":0.0,"gold_gain":0.0,"event_name":"SecretPortal","player_choice":"Ignored","floor":47.0,"gold_loss":0.0,"damage_taken":0.0}],"is_beta":false,"boss_relics":[{"not_picked":["Lizard Tail","Eternal Feather"],"picked":"Velvet Choker"},{"not_picked":["Busted Crown","Empty Cage"],"picked":"Snecko Eye"}],"items_purged_floors":[22],"is_endless":false,"potions_floor_spawned":[1,4,8,16,21,24,28,31,38,42,44],"ascension_level":20}