{"gold_per_floor":[117,48,48,48,48,79,79,92,115,115,129,139,165,232,232,232],"floor_reached":16,"playtime":962,"items_purged":[],"score":110,"play_id":"5c2eae79-18df-40e1-bedb-bb32cf0b0dd0","local_time":"20190919225020","is_ascension_mode":false,"campfire_choices":[{"data":"Scrape","floor":7,"key":"SMITH"},{"floor":10,"key":"REST"},{"floor":15,"key":"REST"}],"neow_cost":"NONE","seed_source_timestamp":13010314757420,"circlet_count":0,"master_deck":["Strike_B+1","Strike_B","Defend_B","Defend_B","Defend_B","Defend_B","Zap","Dualcast","Gash+1","Scrape+1","Consume","Beam Cell","Hologram","Fission","Beam Cell","FTL","Gash"],"relics":["Philosopher\u0027s Stone","SsserpentHead","Toy Ornithopter","Whetstone","Question Card"],"potions_floor_usage":[12,16],"damage_taken":[{"damage":2,"enemies":"Cultist","floor":1,"turns":4},{"damage":23,"enemies":"Lagavulin","floor":6,"turns":5},{"damage":6,"enemies":"Small Slimes","floor":8,"turns":3},{"damage":0,"enemies":"2 Louse","floor":11,"turns":3},{"damage":0,"enemies":"Lots of Slimes","floor":12,"turns":1},{"damage":20,"enemies":"Gremlin Nob","floor":13,"turns":4},{"damage":26,"enemies":"Gremlin Gang","floor":14,"turns":4},{"damage":47,"enemies":"Slime Boss","floor":16,"turns":7}],"seed_played":"2937925297434651256","potions_obtained":[{"floor":8,"key":"AttackPotion"},{"floor":12,"key":"EssenceOfSteel"}],"is_trial":false,"path_per_floor":["M","$","?","?","?","E","R","M","T","R","M","M","E","M","R","B"],"character_chosen":"DEFECT","items_purchased":["Scrape"],"campfire_rested":2,"item_purchase_floors":[2],"current_hp_per_floor":[73,73,66,66,66,43,43,37,37,59,59,64,44,18,40,0],"gold":232,"neow_bonus":"BOSS_RELIC","is_prod":false,"is_daily":false,"chose_seed":false,"campfire_upgraded":1,"win_rate":0,"timestamp":1568890220,"path_taken":["M","?","?","?","?","E","R","M","T","R","M","M","E","?","R","BOSS"],"build_version":"2019-09-18","purchased_purges":0,"victory":false,"max_hp_per_floor":[75,75,75,75,75,75,75,75,75,75,75,75,75,75,75,75],"card_choices":[{"not_picked":["Redo","Scrape"],"picked":"Gash","floor":1},{"not_picked":["Blizzard","BootSequence"],"picked":"Beam Cell","floor":6},{"not_picked":["Compile Driver","Redo"],"picked":"Hologram","floor":8},{"not_picked":["Scrape","Rebound"],"picked":"Fission","floor":11},{"not_picked":["Ball Lightning","Coolheaded"],"picked":"Beam Cell","floor":12},{"not_picked":["Fusion","Hologram"],"picked":"FTL","floor":13},{"not_picked":["Consume","Fusion","Cold Snap"],"picked":"Gash","floor":14}],"player_experience":72528,"relics_obtained":[{"floor":6,"key":"Toy Ornithopter"},{"floor":9,"key":"Whetstone"},{"floor":13,"key":"Question Card"}],"event_choices":[{"cards_removed":["Strike_B"],"damage_healed":0,"gold_gain":0,"player_choice":"Card Removal","damage_taken":7,"max_hp_gain":0,"max_hp_loss":0,"event_name":"Golden Wing","floor":3,"gold_loss":0},{"damage_healed":0,"gold_gain":0,"cards_transformed":["Strike_B"],"player_choice":"Change","damage_taken":0,"max_hp_gain":0,"max_hp_loss":0,"event_name":"Living Wall","floor":4,"gold_loss":0,"cards_obtained":["Consume"]},{"damage_healed":0,"gold_gain":0,"player_choice":"Trade","damage_taken":0,"relics_obtained":["SsserpentHead"],"max_hp_gain":0,"max_hp_loss":0,"event_name":"FaceTrader","floor":5,"gold_loss":0}],"is_beta":true,"boss_relics":[],"items_purged_floors":[],"is_endless":false,"potions_floor_spawned":[8,12],"killed_by":"Slime Boss","ascension_level":0}