{"gold_per_floor":[117,132,152,152,176,176,215,215,242,267,283,301,301,321,321,450,450,375,398,398,43,53,53,68,68,68,68,99,459,459,474,474,571,571,582,582,76,94,0,0,0,0,24,24,24,42,60,73,73,73],"floor_reached":51,"playtime":13477,"items_purged":["Strike_G","Strike_G"],"score":719,"play_id":"235ee28b-6d10-4046-a9e4-907e7f6b2f50","local_time":"20191010231135","is_ascension_mode":false,"campfire_choices":[{"data":"Neutralize","floor":6.0,"key":"SMITH"},{"floor":8.0,"key":"REST"},{"data":"Blur","floor":15.0,"key":"SMITH"},{"data":"Catalyst","floor":23.0,"key":"SMITH"},{"data":"Well Laid Plans","floor":25.0,"key":"SMITH"},{"data":"Backflip","floor":27.0,"key":"SMITH"},{"floor":30.0,"key":"REST"},{"data":"Acrobatics","floor":32.0,"key":"SMITH"},{"data":"Blur","floor":40,"key":"SMITH"},{"data":"Deflect","floor":42,"key":"SMITH"},{"data":"Deflect","floor":49,"key":"SMITH"}],"neow_cost":"NONE","seed_source_timestamp":0,"circlet_count":0,"master_deck":["Strike_G","Strike_G","Defend_G","Defend_G","Defend_G","Defend_G+1","Defend_G","Survivor","Neutralize+1","Catalyst+1","Backflip+1","Well Laid Plans+1","PiercingWail+1","Blur+1","Dodge and Roll","Footwork","Outmaneuver","Bouncing Flask","Corpse Explosion","Deflect+1","Backflip+1","Deadly Poison","Bane","Blur+1","Deadly Poison+1","Noxious Fumes","Finesse","Acrobatics+1","Corpse Explosion","Madness","Madness","Skewer","Deflect+1","Blur+1","Sadistic Nature","Footwork+1","PiercingWail+1"],"special_seed":0,"relics":["Ring of the Snake","Bloody Idol","Centennial Puzzle","Bag of Preparation","Smiling Mask","White Beast Statue","War Paint","Pear","PreservedInsect","Philosopher\u0027s Stone","Chemical X","Regal Pillow","Red Mask","Blood Vial"],"potions_floor_usage":[35,46,50,50,50],"damage_taken":[{"damage":0.0,"enemies":"2 Louse","floor":1.0,"turns":4.0},{"damage":4.0,"enemies":"Jaw Worm","floor":2.0,"turns":8.0},{"damage":0.0,"enemies":"Small Slimes","floor":3.0,"turns":5.0},{"damage":0.0,"enemies":"Looter","floor":5.0,"turns":5.0},{"damage":34.0,"enemies":"Gremlin Nob","floor":7.0,"turns":6.0},{"damage":10.0,"enemies":"Large Slime","floor":10.0,"turns":13.0},{"damage":7.0,"enemies":"3 Louse","floor":11.0,"turns":6.0},{"damage":2.0,"enemies":"Looter","floor":12.0,"turns":5.0},{"damage":0.0,"enemies":"2 Fungi Beasts","floor":14.0,"turns":6.0},{"damage":16.0,"enemies":"Hexaghost","floor":16.0,"turns":11.0},{"damage":7.0,"enemies":"2 Thieves","floor":18.0,"turns":5.0},{"damage":0.0,"enemies":"Chosen","floor":19.0,"turns":5.0},{"damage":4.0,"enemies":"Shelled Parasite and Fungi","floor":22.0,"turns":9.0},{"damage":0.0,"enemies":"Snake Plant","floor":24.0,"turns":5.0},{"damage":0.0,"enemies":"Slavers","floor":28.0,"turns":4.0},{"damage":5.0,"enemies":"Snecko","floor":31.0,"turns":4.0},{"damage":40.0,"enemies":"Champ","floor":33.0,"turns":14.0},{"damage":0,"enemies":"3 Shapes","floor":35,"turns":4},{"damage":15,"enemies":"Orb Walker","floor":38,"turns":5},{"damage":4,"enemies":"Writhing Mass","floor":46,"turns":5},{"damage":0,"enemies":"3 Darklings","floor":47,"turns":5},{"damage":7,"enemies":"Jaw Worm Horde","floor":48,"turns":4},{"damage":63,"enemies":"Awakened One","floor":50,"turns":28}],"seed_played":"2096274236620760225","potions_obtained":[{"floor":1.0,"key":"Block Potion"},{"floor":5.0,"key":"SkillPotion"},{"floor":7.0,"key":"GamblersBrew"},{"floor":10.0,"key":"GhostInAJar"},{"floor":12.0,"key":"EssenceOfSteel"},{"floor":14.0,"key":"AttackPotion"},{"floor":18.0,"key":"Swift Potion"},{"floor":19.0,"key":"EssenceOfSteel"},{"floor":22.0,"key":"SkillPotion"},{"floor":24.0,"key":"Dexterity Potion"},{"floor":28.0,"key":"Strength Potion"},{"floor":31.0,"key":"LiquidBronze"},{"floor":33.0,"key":"GhostInAJar"},{"floor":35,"key":"Swift Potion"},{"floor":38,"key":"PowerPotion"},{"floor":46,"key":"SpeedPotion"},{"floor":47,"key":"PowerPotion"}],"is_trial":false,"path_per_floor":["M","M","M","?","M","R","E","R","T","M","M","M","?","M","R","B",null,"M","M","?","$","M","R","M","R","T","R","E","?","R","M","R","B",null,"M","?","$","M","?","R","?","R","T","?","$","M","M","M","R","B",null],"character_chosen":"THE_SILENT","items_purchased":["Deadly Poison","War Paint","Bane","Dagger Spray","Skewer","Chemical X","Deflect","Regal Pillow"],"campfire_rested":2,"item_purchase_floors":[21,21,21,21,37,37,37,37],"current_hp_per_floor":[70,66,66,65,65,65,31,50,50,40,33,31,28,28,28,12,65,58,58,58,58,59,59,64,64,74,74,75,53,75,75,75,40,75,75,66,66,56,56,56,56,56,61,61,61,64,71,71,71,10],"gold":73,"neow_bonus":"REMOVE_CARD","is_prod":false,"is_daily":false,"chose_seed":false,"campfire_upgraded":9,"win_rate":0.0,"timestamp":1570745495,"path_taken":["M","M","M","?","M","R","E","R","T","M","M","M","?","M","R","BOSS","M","M","?","$","M","R","M","R","T","R","E","?","R","?","R","BOSS","M","?","$","M","?","R","?","R","T","?","$","M","M","M","R","BOSS"],"build_version":"2019-07-17","purchased_purges":2,"victory":true,"max_hp_per_floor":[70,70,70,65,65,65,65,65,65,65,65,65,65,65,65,65,65,65,65,65,65,65,65,65,65,75,75,75,75,75,75,75,75,75,75,75,75,75,75,75,75,75,75,75,75,75,75,75,75,75],"card_choices":[{"not_picked":["Underhanded Strike","Backflip"],"picked":"Catalyst","floor":1.0},{"not_picked":["All Out Attack","Dagger Spray"],"picked":"Backflip","floor":2.0},{"not_picked":["Reflex","Eviscerate"],"picked":"Well Laid Plans","floor":3.0},{"not_picked":["Slice","Blade Dance"],"picked":"PiercingWail","floor":5.0},{"not_picked":["Acrobatics","Malaise"],"picked":"Blur","floor":7.0},{"not_picked":["Backflip","Caltrops"],"picked":"Dodge and Roll","floor":10.0},{"not_picked":["Prepared","Flying Knee"],"picked":"Footwork","floor":11.0},{"not_picked":["Bane","Flying Knee"],"picked":"Outmaneuver","floor":12.0},{"not_picked":["PiercingWail","Leg Sweep"],"picked":"Bouncing Flask","floor":14.0},{"not_picked":["Phantasmal Killer","Die Die Die"],"picked":"Corpse Explosion","floor":16.0},{"not_picked":["All Out Attack","Blade Dance"],"picked":"Deflect","floor":18.0},{"not_picked":["Sucker Punch","Calculated Gamble"],"picked":"Backflip+1","floor":19.0},{"not_picked":["Poisoned Stab","Bane"],"picked":"Blur+1","floor":22.0},{"not_picked":["Doppelganger","Blade Dance"],"picked":"Deadly Poison+1","floor":24.0},{"not_picked":["Sucker Punch+1","Outmaneuver"],"picked":"Noxious Fumes","floor":28.0},{"not_picked":["Bane","Endless Agony"],"picked":"Acrobatics","floor":31.0},{"not_picked":["Venomology","A Thousand Cuts"],"picked":"Corpse Explosion","floor":33.0},{"not_picked":["Eviscerate+1","Underhanded Strike","Dagger Spray"],"picked":"SKIP","floor":35},{"not_picked":["Slice+1","Riddle With Holes+1"],"picked":"Blur","floor":38},{"not_picked":["Dark Shackles","Mind Blast"],"picked":"Sadistic Nature","floor":44},{"not_picked":["Underhanded Strike","Blade Dance+1"],"picked":"Footwork+1","floor":46},{"not_picked":["Prepared","Predator"],"picked":"PiercingWail+1","floor":47},{"not_picked":["Quick Slash+1","Sucker Punch","Heel Hook+1"],"picked":"SKIP","floor":48}],"player_experience":44468,"relics_obtained":[{"floor":7.0,"key":"Centennial Puzzle"},{"floor":9.0,"key":"Bag of Preparation"},{"floor":26.0,"key":"Pear"},{"floor":28.0,"key":"PreservedInsect"},{"floor":43,"key":"Blood Vial"}],"event_choices":[{"damage_healed":0.0,"max_hp_gain":0.0,"max_hp_loss":5.0,"gold_gain":0.0,"event_name":"Golden Idol","player_choice":"Lose Max HP","floor":4.0,"gold_loss":0.0,"damage_taken":0.0,"relics_obtained":["Golden Idol"]},{"damage_healed":0.0,"max_hp_gain":0.0,"max_hp_loss":0.0,"gold_gain":0.0,"event_name":"Scrap Ooze","player_choice":"Success","floor":13.0,"gold_loss":0.0,"damage_taken":3.0,"relics_obtained":["Smiling Mask"]},{"damage_healed":0.0,"max_hp_gain":0.0,"max_hp_loss":0.0,"gold_gain":0.0,"event_name":"Forgotten Altar","player_choice":"Gave Idol","floor":20.0,"relics_lost":["Golden Idol"],"gold_loss":0.0,"damage_taken":0.0,"relics_obtained":["Bloody Idol"]},{"damage_healed":0.0,"max_hp_gain":0.0,"max_hp_loss":0.0,"gold_gain":360.0,"event_name":"Knowing Skull","player_choice":"CARD GOLD GOLD GOLD GOLD ","floor":29.0,"potions_obtained":[],"gold_loss":0.0,"damage_taken":42.0,"cards_obtained":["Finesse"]},{"damage_healed":0,"gold_gain":0,"player_choice":"Embrace Madness","damage_taken":9,"max_hp_gain":0,"max_hp_loss":0,"event_name":"Winding Halls","floor":36,"gold_loss":0,"cards_obtained":["Madness","Madness"]},{"damage_healed":0,"gold_gain":0,"player_choice":"Paid","damage_taken":0,"relics_obtained":["Red Mask"],"max_hp_gain":0,"max_hp_loss":0,"event_name":"Tomb of Lord Red Mask","floor":39,"gold_loss":94},{"cards_removed":["Dagger Spray"],"damage_healed":0,"gold_gain":0,"player_choice":"Removed Attack","damage_taken":0,"max_hp_gain":0,"max_hp_loss":0,"event_name":"Falling","floor":41,"gold_loss":0},{"damage_healed":0,"gold_gain":0,"player_choice":"Memory 1","damage_taken":0,"max_hp_gain":0,"max_hp_loss":0,"event_name":"SensoryStone","floor":44,"gold_loss":0}],"is_beta":false,"boss_relics":[{"not_picked":["Black Star","Velvet Choker"],"picked":"White Beast Statue"},{"not_picked":["Snecko Eye","Busted Crown"],"picked":"Philosopher\u0027s Stone"}],"items_purged_floors":[21,37],"is_endless":false,"potions_floor_spawned":[1,5,7,10,12,14,18,19,22,24,28,31,33,35,38,46,47,48],"ascension_level":0}