{"gold_per_floor":[112,129,142,142,153,153,186,111,411,427,427,427,440,44,44,141,141],"floor_reached":17,"playtime":332,"items_purged":["Pain","Strike_B"],"score":157,"play_id":"a7d0d30c-6931-4eed-aac7-a4c5ccbfa9c7","local_time":"20191012100812","is_ascension_mode":false,"campfire_choices":[{"floor":6,"key":"REST"},{"data":"Defragment","floor":15,"key":"SMITH"}],"neow_cost":"NONE","seed_source_timestamp":1167619951717300,"circlet_count":0,"master_deck":["Strike_B","Strike_B","Strike_B","Defend_B","Defend_B","Defend_B","Defend_B","Zap","Dualcast","Defragment+1","Gash","Stack","Stack","Ball Lightning+1","White Noise","Parasite","Hyperbeam+1","White Noise","Scrape+1","Thunder Strike+1"],"relics":["Cracked Core","NeowsBlessing","WarpedTongs","Molten Egg 2","Old Coin","Pen Nib","Coffee Dripper"],"potions_floor_usage":[1,5,16],"damage_taken":[{"damage":0,"enemies":"Small Slimes","floor":1,"turns":1},{"damage":0,"enemies":"Cultist","floor":2,"turns":1},{"damage":0,"enemies":"2 Louse","floor":3,"turns":1},{"damage":18,"enemies":"Gremlin Gang","floor":5,"turns":3},{"damage":24,"enemies":"Lagavulin","floor":7,"turns":7},{"damage":8,"enemies":"2 Fungi Beasts","floor":10,"turns":3},{"damage":9,"enemies":"Blue Slaver","floor":13,"turns":4},{"damage":9,"enemies":"The Guardian","floor":16,"turns":7}],"seed_played":"-3182886175724000562","potions_obtained":[{"floor":1,"key":"Fruit Juice"},{"floor":3,"key":"AttackPotion"},{"floor":7,"key":"Explosive Potion"},{"floor":10,"key":"AttackPotion"}],"is_trial":false,"path_per_floor":["M","M","M","?","M","R","E","$","T","M","?","?","M","$","R","B",null],"character_chosen":"DEFECT","items_purchased":["White Noise","Scrape+1","Pen Nib"],"campfire_rested":1,"item_purchase_floors":[14,14,14],"current_hp_per_floor":[80,80,80,80,62,80,56,56,56,48,68,68,59,59,59,50,80],"gold":141,"neow_bonus":"THREE_ENEMY_KILL","is_prod":false,"is_daily":false,"chose_seed":false,"campfire_upgraded":1,"win_rate":0,"timestamp":1570867692,"path_taken":["M","M","M","?","M","R","E","$","T","?","?","?","?","$","R","BOSS"],"build_version":"2019-07-17","purchased_purges":2,"victory":false,"max_hp_per_floor":[80,80,80,80,80,80,80,80,80,80,80,80,80,80,80,80,80],"card_choices":[{"not_picked":["Doom and Gloom","Rebound"],"picked":"Defragment","floor":1},{"not_picked":["Ball Lightning","Go for the Eyes"],"picked":"Gash","floor":2},{"not_picked":["Redo","Turbo"],"picked":"Stack","floor":3},{"not_picked":["Undo","Blizzard"],"picked":"Stack","floor":5},{"not_picked":["Fusion","Barrage"],"picked":"Ball Lightning","floor":7},{"not_picked":["Rip and Tear+1","Self Repair"],"picked":"White Noise","floor":10},{"not_picked":["BootSequence","Leap"],"picked":"Hyperbeam+1","floor":13},{"not_picked":["Biased Cognition","Rainbow"],"picked":"Thunder Strike+1","floor":16}],"player_experience":467278,"relics_obtained":[{"floor":7,"key":"Molten Egg 2"},{"floor":9,"key":"Old Coin"}],"event_choices":[{"damage_healed":0,"gold_gain":0,"player_choice":"Rummage","damage_taken":0,"relics_obtained":["WarpedTongs"],"max_hp_gain":0,"max_hp_loss":0,"event_name":"Accursed Blacksmith","floor":4,"gold_loss":0,"cards_obtained":["Pain"]},{"damage_healed":20,"gold_gain":0,"player_choice":"Healed and dodged fight","damage_taken":0,"max_hp_gain":0,"max_hp_loss":0,"event_name":"Mushrooms","floor":11,"gold_loss":0,"cards_obtained":["Parasite"]},{"damage_healed":0,"gold_gain":0,"player_choice":"Bought 0 Potions","damage_taken":0,"max_hp_gain":0,"max_hp_loss":0,"event_name":"The Woman in Blue","floor":12,"gold_loss":0}],"is_beta":false,"boss_relics":[{"not_picked":["Lizard Tail","Eternal Feather"],"picked":"Coffee Dripper"}],"items_purged_floors":[8,14],"is_endless":false,"potions_floor_spawned":[1,3,7,10],"ascension_level":0}