{"gold_per_floor":[419,419,432,432,443,471,471,489,543,568,568,129,154,164,164,240,240,260,260,260,278,278,278],"floor_reached":23,"playtime":993,"items_purged":["Strike_B"],"score":468,"play_id":"4129175c-b6c9-4087-a325-b059a259a340","local_time":"20191011194155","is_ascension_mode":true,"campfire_choices":[{"data":"Streamline","floor":7,"key":"SMITH"},{"floor":11,"key":"REST"},{"floor":15,"key":"REST"}],"neow_cost":"CURSE","seed_source_timestamp":1114980969251500,"circlet_count":0,"master_deck":["AscendersBane","Strike_B","Strike_B","Strike_B","Defend_B","Defend_B","Defend_B","Defend_B","Zap","Dualcast","Consume+1","Coolheaded","FTL","Streamline+1","Biased Cognition","Force Field","Defragment","Heatsinks","Stack","Electrodynamics","Coolheaded","Writhe","Capacitor"],"relics":["Cracked Core","Old Coin","Pantograph","Pen Nib","Juzu Bracelet","Question Card","Anchor","Sozu","Toxic Egg 2","Nilry\u0027s Codex"],"potions_floor_usage":[3,10,10,16],"damage_taken":[{"damage":2,"enemies":"Small Slimes","floor":1,"turns":2},{"damage":8,"enemies":"2 Louse","floor":3,"turns":3},{"damage":2,"enemies":"Cultist","floor":5,"turns":4},{"damage":20,"enemies":"Lagavulin","floor":6,"turns":6},{"damage":11,"enemies":"Blue Slaver","floor":8,"turns":3},{"damage":0,"enemies":"Gremlin Nob","floor":10,"turns":3},{"damage":23,"enemies":"Lagavulin","floor":13,"turns":7},{"damage":0,"enemies":"2 Fungi Beasts","floor":14,"turns":3},{"damage":5,"enemies":"The Guardian","floor":16,"turns":11},{"damage":21,"enemies":"Shell Parasite","floor":18,"turns":5},{"damage":0,"enemies":"3 Byrds","floor":21,"turns":2},{"damage":29,"enemies":"Book of Stabbing","floor":23,"turns":3}],"seed_played":"-1244443969699108716","potions_obtained":[{"floor":1,"key":"Energy Potion"},{"floor":5,"key":"Fire Potion"},{"floor":8,"key":"Swift Potion"},{"floor":14,"key":"Explosive Potion"}],"is_trial":false,"path_per_floor":["M","?","M","?","M","E","R","M","T","E","R","$","E","M","R","B",null,"M","?","?","M","?","E"],"character_chosen":"DEFECT","items_purchased":["Defragment","Question Card"],"campfire_rested":2,"item_purchase_floors":[12,12],"current_hp_per_floor":[62,62,54,54,52,32,32,21,21,21,42,42,19,19,40,60,68,47,47,47,47,26,0],"gold":278,"neow_bonus":"ONE_RARE_RELIC","is_prod":false,"is_daily":false,"chose_seed":false,"campfire_upgraded":1,"win_rate":0,"timestamp":1570815715,"path_taken":["M","?","M","?","M","E","R","?","T","E","R","$","E","M","R","BOSS","M","?","?","M","?","E"],"build_version":"2019-07-17","purchased_purges":1,"victory":false,"max_hp_per_floor":[71,71,71,71,71,71,71,71,71,71,71,71,71,71,71,71,71,71,71,71,71,71,71],"card_choices":[{"not_picked":["Ball Lightning","Barrage"],"picked":"Consume","floor":1},{"not_picked":["Chill","FTL"],"picked":"Coolheaded","floor":3},{"not_picked":["Double Energy","Turbo"],"picked":"FTL","floor":5},{"not_picked":["Turbo","Reprogram"],"picked":"Streamline","floor":6},{"not_picked":["Hello World","Steam"],"picked":"Biased Cognition","floor":8},{"not_picked":["Reprogram","Steam Power"],"picked":"Force Field","floor":10},{"not_picked":["Steam","Skim","Scrape"],"picked":"Heatsinks","floor":13},{"not_picked":["Compile Driver","Streamline","Turbo"],"picked":"Stack","floor":14},{"not_picked":["Thunder Strike","Biased Cognition","Core Surge"],"picked":"Electrodynamics","floor":16},{"not_picked":["Rip and Tear","Loop","Ball Lightning"],"picked":"Coolheaded","floor":18},{"not_picked":["Beam Cell","Ball Lightning","Melter"],"picked":"Capacitor","floor":21}],"player_experience":459883,"relics_obtained":[{"floor":6,"key":"Pantograph"},{"floor":9,"key":"Pen Nib"},{"floor":10,"key":"Juzu Bracelet"},{"floor":13,"key":"Anchor"},{"floor":22,"key":"Nilry\u0027s Codex"}],"event_choices":[{"cards_removed":["Pain"],"damage_healed":0,"gold_gain":0,"player_choice":"Forget","damage_taken":0,"max_hp_gain":0,"max_hp_loss":0,"event_name":"Living Wall","floor":2,"gold_loss":0},{"damage_healed":0,"gold_gain":0,"player_choice":"Forge","damage_taken":0,"max_hp_gain":0,"max_hp_loss":0,"event_name":"Accursed Blacksmith","floor":4,"gold_loss":0,"cards_upgraded":["Consume"]},{"damage_healed":0,"gold_gain":0,"player_choice":"Ignored","damage_taken":0,"max_hp_gain":0,"max_hp_loss":0,"event_name":"Vampires","floor":19,"gold_loss":0},{"damage_healed":0,"gold_gain":0,"player_choice":"Opened","damage_taken":0,"relics_obtained":["Toxic Egg 2"],"max_hp_gain":0,"max_hp_loss":0,"event_name":"The Mausoleum","floor":20,"gold_loss":0,"cards_obtained":["Writhe"]},{"damage_healed":0,"gold_gain":0,"player_choice":"Obtained Book","damage_taken":21,"max_hp_gain":0,"max_hp_loss":0,"event_name":"Cursed Tome","floor":22,"gold_loss":0}],"is_beta":false,"boss_relics":[{"not_picked":["Fusion Hammer","Nuclear Battery"],"picked":"Sozu"}],"items_purged_floors":[12],"is_endless":false,"potions_floor_spawned":[1,5,8,14,21],"killed_by":"Book of Stabbing","ascension_level":20}