{"gold_per_floor":[15,15,29,29,46,77,77,105,130,145,173,173,173,23,23,120,120,132,47,47,62,62,92,108,143,188,42,42,69,86,86,86,183,183,196,196,296,312,29,64,79,109,109,34,48,48,82,93,93,93,93,93,93,122,122],"floor_reached":56,"playtime":7845,"items_purged":["Strike_G"],"score":1570,"play_id":"d24d5ce3-24db-496c-acf6-98e963078aba","local_time":"20191013151629","is_ascension_mode":true,"campfire_choices":[{"data":"Leg Sweep","floor":7,"key":"SMITH"},{"floor":12,"key":"REST"},{"data":"Leg Sweep","floor":15,"key":"SMITH"},{"data":"Adrenaline","floor":28,"key":"SMITH"},{"data":"RitualDagger","floor":32,"key":"SMITH"},{"floor":46,"key":"RECALL"},{"data":"Deadly Poison","floor":49,"key":"SMITH"},{"data":"Blur","floor":52,"key":"SMITH"}],"neow_cost":"NO_GOLD","seed_source_timestamp":116405029222700,"circlet_count":0,"master_deck":["Strike_G","Strike_G","Strike_G","Strike_G","Defend_G","Defend_G","Defend_G","Defend_G","Survivor","Neutralize","Well Laid Plans","Escape Plan+1","Leg Sweep+1","Acrobatics","Leg Sweep+1","Backstab","Escape Plan","Poisoned Stab","PiercingWail+1","Bouncing Flask","Adrenaline+1","Infinite Blades","Flechettes","RitualDagger+1","Deflect","Outmaneuver","Expertise","PiercingWail","Doppelganger","Deadly Poison+1","Sadistic Nature","Acrobatics","Deflect+1","Escape Plan","Blur+1","PiercingWail+1","Acrobatics+1","Dodge and Roll","Deflect+1"],"relics":["Ring of the Snake","Bird Faced Urn","Bronze Scales","Centennial Puzzle","Pen Nib","Snake Skull","NlothsMask","Black Star","Ornamental Fan","Enchiridion","Paper Crane","War Paint","Meat on the Bone","Mango","Oddly Smooth Stone","Omamori","Blue Candle","Pear","Sozu","Thread and Needle","Mercury Hourglass","Mummified Hand","Art of War","Ancient Tea Set","Juzu Bracelet","Molten Egg 2","Orichalcum","Torii","Anchor"],"potions_floor_usage":[6,8,11,16,23,25,55],"damage_taken":[{"damage":4,"enemies":"2 Louse","floor":1,"turns":3},{"damage":0,"enemies":"Cultist","floor":3,"turns":4},{"damage":1,"enemies":"Jaw Worm","floor":5,"turns":4},{"damage":32,"enemies":"3 Sentries","floor":6,"turns":16},{"damage":23,"enemies":"Gremlin Nob","floor":8,"turns":6},{"damage":0,"enemies":"Exordium Wildlife","floor":10,"turns":4},{"damage":6,"enemies":"Lagavulin","floor":11,"turns":9},{"damage":29,"enemies":"Slime Boss","floor":16,"turns":16},{"damage":0,"enemies":"Shell Parasite","floor":18,"turns":5},{"damage":0,"enemies":"Chosen","floor":21,"turns":4},{"damage":17,"enemies":"Slavers","floor":23,"turns":7},{"damage":1,"enemies":"Shelled Parasite and Fungi","floor":24,"turns":6},{"damage":0,"enemies":"Book of Stabbing","floor":25,"turns":4},{"damage":3,"enemies":"Gremlin Leader","floor":29,"turns":6},{"damage":1,"enemies":"Centurion and Healer","floor":30,"turns":4},{"damage":17,"enemies":"Automaton","floor":33,"turns":11},{"damage":6,"enemies":"3 Shapes","floor":35,"turns":3},{"damage":0,"enemies":"Mind Bloom Boss Battle","floor":37,"turns":7},{"damage":5,"enemies":"3 Darklings","floor":38,"turns":5},{"damage":0,"enemies":"Reptomancer","floor":40,"turns":6},{"damage":0,"enemies":"Jaw Worm Horde","floor":41,"turns":3},{"damage":11,"enemies":"Giant Head","floor":42,"turns":9},{"damage":0,"enemies":"Spire Growth","floor":45,"turns":5},{"damage":9,"enemies":"Nemesis","floor":47,"turns":5},{"damage":0,"enemies":"3 Darklings","floor":48,"turns":5},{"damage":34,"enemies":"Donu and Deca","floor":50,"turns":11},{"damage":36,"enemies":"Shield and Spear","floor":54,"turns":9},{"damage":28,"enemies":"The Heart","floor":55,"turns":9}],"seed_played":"780259331908654960","potions_obtained":[{"floor":1,"key":"Energy Potion"},{"floor":6,"key":"Swift Potion"},{"floor":10,"key":"Swift Potion"},{"floor":11,"key":"Strength Potion"},{"floor":18,"key":"Block Potion"},{"floor":24,"key":"Swift Potion"},{"floor":30,"key":"Strength Potion"}],"is_trial":false,"path_per_floor":["M","?","M","$","M","E","R","E","T","M","E","R","?","$","R","B",null,"M","?","?","M","?","E","M","E","T","$","R","E","M","T","R","B",null,"M","?","?","M","$","E","M","E","T","$","M","R","E","M","R","B",null,"R","$","E","B",null],"character_chosen":"THE_SILENT","items_purchased":["Poisoned Stab","PiercingWail","Bouncing Flask","Oddly Smooth Stone","Mercury Hourglass","Escape Plan"],"campfire_rested":1,"item_purchase_floors":[14,14,14,27,39,39],"current_hp_per_floor":[66,66,68,68,69,39,39,18,18,20,16,37,37,37,37,10,70,70,70,54,60,54,43,48,68,68,68,68,71,76,86,86,75,94,92,92,94,91,91,94,94,83,83,83,91,91,87,94,94,64,94,94,94,58,50],"gold":122,"neow_bonus":"ONE_RARE_RELIC","is_prod":false,"is_daily":false,"chose_seed":false,"campfire_upgraded":6,"win_rate":0,"timestamp":1570994189,"path_taken":["M","?","M","?","M","E","R","E","T","?","E","R","?","?","R","BOSS","M","?","?","M","?","E","M","E","T","$","R","E","M","?","R","BOSS","M","?","?","M","?","E","M","E","T","$","M","R","E","M","R","BOSS","R","$","E","BOSS"],"build_version":"2019-07-17","purchased_purges":1,"victory":true,"max_hp_per_floor":[70,70,70,70,70,70,70,70,70,70,70,70,70,70,70,70,70,70,70,70,70,70,70,70,84,84,84,84,84,84,94,94,94,94,94,94,94,94,94,94,94,94,94,94,94,94,94,94,94,94,94,94,94,94,94],"card_choices":[{"not_picked":["Accuracy","Prepared"],"picked":"Well Laid Plans","floor":1},{"not_picked":["Underhanded Strike","Eviscerate"],"picked":"Escape Plan","floor":3},{"not_picked":["Deadly Poison","Prepared"],"picked":"Leg Sweep","floor":5},{"not_picked":["Flying Knee","Reflex"],"picked":"Acrobatics","floor":6},{"not_picked":["Dagger Throw","Distraction"],"picked":"Leg Sweep","floor":8},{"not_picked":["Acrobatics","Sucker Punch"],"picked":"Backstab","floor":10},{"not_picked":["Slice","Outmaneuver"],"picked":"Escape Plan","floor":11},{"not_picked":["Storm of Steel","Phantasmal Killer"],"picked":"Adrenaline","floor":16},{"not_picked":["Setup","Dagger Spray"],"picked":"Infinite Blades","floor":18},{"not_picked":["Bouncing Flask","Masterful Stab"],"picked":"Flechettes","floor":21},{"not_picked":["Bane+1","Prepared"],"picked":"Deflect","floor":23},{"not_picked":["Sucker Punch+1","PiercingWail+1"],"picked":"Outmaneuver","floor":24},{"not_picked":["Unload","PiercingWail"],"picked":"Expertise","floor":25},{"not_picked":["Poisoned Stab","Sucker Punch"],"picked":"PiercingWail","floor":29},{"not_picked":["Cloak And Dagger","Tools of the Trade","Prepared"],"picked":"SKIP","floor":30},{"not_picked":["Venomology","Wraith Form v2"],"picked":"Doppelganger","floor":33},{"not_picked":["Distraction","Crippling Poison"],"picked":"Deadly Poison","floor":35},{"not_picked":["Finesse","The Bomb"],"picked":"Sadistic Nature","floor":36},{"not_picked":["Cloak And Dagger","Heel Hook"],"picked":"Acrobatics","floor":37},{"not_picked":["All Out Attack","Outmaneuver+1"],"picked":"Deflect+1","floor":38},{"not_picked":["Setup","Backstab+1"],"picked":"Blur","floor":40},{"not_picked":["Flechettes+1","Caltrops+1"],"picked":"PiercingWail+1","floor":41},{"not_picked":["Prepared+1","Accuracy"],"picked":"Acrobatics+1","floor":42},{"not_picked":["PiercingWail","Leg Sweep+1"],"picked":"Dodge and Roll","floor":45},{"not_picked":["All Out Attack+1","Eviscerate","Terror+1"],"picked":"SKIP","floor":47},{"not_picked":["Sucker Punch+1","Caltrops"],"picked":"Deflect+1","floor":48},{"not_picked":["Cloak And Dagger+1","Outmaneuver+1","Underhanded Strike+1"],"picked":"SKIP","floor":54}],"player_experience":210652,"relics_obtained":[{"floor":6,"key":"Bronze Scales"},{"floor":8,"key":"Centennial Puzzle"},{"floor":9,"key":"Pen Nib"},{"floor":11,"key":"Snake Skull"},{"floor":20,"key":"Enchiridion"},{"floor":23,"key":"Paper Crane"},{"floor":23,"key":"War Paint"},{"floor":25,"key":"Meat on the Bone"},{"floor":25,"key":"Mango"},{"floor":29,"key":"Omamori"},{"floor":29,"key":"Blue Candle"},{"floor":31,"key":"Pear"},{"floor":37,"key":"Thread and Needle"},{"floor":40,"key":"Mummified Hand"},{"floor":40,"key":"Art of War"},{"floor":42,"key":"Ancient Tea Set"},{"floor":42,"key":"Juzu Bracelet"},{"floor":47,"key":"Molten Egg 2"},{"floor":47,"key":"Orichalcum"},{"floor":54,"key":"Torii"},{"floor":54,"key":"Anchor"}],"event_choices":[{"cards_removed":["Defend_G"],"damage_healed":0,"gold_gain":0,"player_choice":"Offered Basic","damage_taken":0,"max_hp_gain":0,"max_hp_loss":0,"event_name":"Bonfire Elementals","floor":2,"gold_loss":0},{"damage_healed":0,"gold_gain":0,"player_choice":"Trade","damage_taken":0,"relics_obtained":["NlothsMask"],"max_hp_gain":0,"max_hp_loss":0,"event_name":"FaceTrader","floor":13,"gold_loss":0},{"damage_healed":0,"gold_gain":0,"player_choice":"Obtained Relic","damage_taken":0,"relics_obtained":["Ornamental Fan"],"max_hp_gain":0,"max_hp_loss":0,"event_name":"Addict","floor":19,"gold_loss":85},{"damage_healed":0,"gold_gain":0,"player_choice":"Obtained Book","damage_taken":16,"max_hp_gain":0,"max_hp_loss":0,"event_name":"Cursed Tome","floor":20,"gold_loss":0},{"damage_healed":0,"gold_gain":0,"player_choice":"Joined the Cult","damage_taken":6,"max_hp_gain":0,"max_hp_loss":0,"event_name":"Nest","floor":22,"gold_loss":0,"cards_obtained":["RitualDagger"]},{"damage_healed":0,"gold_gain":0,"player_choice":"Memory 1","damage_taken":0,"max_hp_gain":0,"max_hp_loss":0,"event_name":"SensoryStone","floor":36,"gold_loss":0},{"damage_healed":0,"gold_gain":0,"player_choice":"Fight","damage_taken":0,"max_hp_gain":0,"max_hp_loss":0,"event_name":"MindBloom","floor":37,"gold_loss":0}],"is_beta":false,"boss_relics":[{"not_picked":["Orrery","Lizard Tail"],"picked":"Black Star"},{"not_picked":["Ring of the Serpent","Runic Dome"],"picked":"Sozu"}],"items_purged_floors":[44],"is_endless":false,"potions_floor_spawned":[1,6,10,11,18,24,30,38,42,47,48,54],"ascension_level":3}