{"gold_per_floor":[117,133,133,149,164,197,197,211,283,283,297,322,41,68,68,141,141,151,164,181,181,192,192,192],"floor_reached":24,"playtime":1563,"items_purged":["Strike_B"],"score":420,"play_id":"725fd894-49c2-4e39-8cc0-f12ba609c89b","local_time":"20191012104816","is_ascension_mode":true,"campfire_choices":[{"data":"Hologram","floor":7.0,"key":"SMITH"},{"data":"Self Repair","floor":10.0,"key":"SMITH"},{"floor":15.0,"key":"REST"},{"floor":23.0,"key":"REST"}],"neow_cost":"TEN_PERCENT_HP_LOSS","seed_source_timestamp":1168595070518700,"circlet_count":0,"master_deck":["AscendersBane","Strike_B+1","Defend_B+1","Defend_B+1","Defend_B+1","Defend_B+1","Zap","Dualcast","Hello World","Reprogram","Ball Lightning","Gash","Hologram+1","Self Repair+1","Cold Snap","Leap","Chaos","Electrodynamics","Gash","Conserve Battery","Echo Form","Coolheaded","Go for the Eyes","Lockon+1","BootSequence"],"special_seed":0,"relics":["Cracked Core","NlothsMask","Thread and Needle","StoneCalendar","Membership Card","Odd Mushroom","Nuclear Battery"],"potions_floor_usage":[24,24],"damage_taken":[{"damage":3.0,"enemies":"2 Louse","floor":1.0,"turns":3.0},{"damage":1.0,"enemies":"Cultist","floor":2.0,"turns":3.0},{"damage":0.0,"enemies":"Small Slimes","floor":4.0,"turns":2.0},{"damage":6.0,"enemies":"2 Fungi Beasts","floor":5.0,"turns":4.0},{"damage":35.0,"enemies":"3 Sentries","floor":6.0,"turns":7.0},{"damage":2.0,"enemies":"3 Louse","floor":8.0,"turns":3.0},{"damage":0.0,"enemies":"Looter","floor":11.0,"turns":4.0},{"damage":48.0,"enemies":"Gremlin Nob","floor":12.0,"turns":5.0},{"damage":12.0,"enemies":"The Mushroom Lair","floor":14.0,"turns":4.0},{"damage":19.0,"enemies":"Hexaghost","floor":16.0,"turns":10.0},{"damage":17.0,"enemies":"2 Thieves","floor":18.0,"turns":4.0},{"damage":35.0,"enemies":"3 Byrds","floor":19.0,"turns":6.0},{"damage":26.0,"enemies":"Snake Plant","floor":20.0,"turns":7.0},{"damage":17.0,"enemies":"Shelled Parasite and Fungi","floor":22.0,"turns":5.0},{"damage":58,"enemies":"Gremlin Leader","floor":24,"turns":6}],"seed_played":"-4003816861007133665","potions_obtained":[{"floor":1.0,"key":"Poison Potion"},{"floor":8.0,"key":"SkillPotion"},{"floor":11.0,"key":"Regen Potion"},{"floor":14.0,"key":"EssenceOfSteel"},{"floor":16.0,"key":"FearPotion"},{"floor":22.0,"key":"Strength Potion"}],"is_trial":false,"path_per_floor":["M","M","?","M","M","E","R","M","T","R","M","E","$","?","R","B",null,"M","M","M","?","M","R","E"],"character_chosen":"DEFECT","items_purchased":["Membership Card","Gash"],"campfire_rested":2,"item_purchase_floors":[13,13],"current_hp_per_floor":[61,60,60,60,54,26,26,31,31,31,41,17,17,15,34,25,54,47,32,26,26,29,48,0],"gold":192,"neow_bonus":"TRANSFORM_TWO_CARDS","is_prod":false,"is_daily":false,"chose_seed":false,"campfire_upgraded":2,"win_rate":0,"timestamp":1570870096,"path_taken":["M","M","?","M","M","E","R","?","T","R","M","E","$","?","R","BOSS","M","M","M","?","M","R","E"],"build_version":"2019-07-17","purchased_purges":1,"victory":false,"max_hp_per_floor":[64,64,64,64,64,64,64,64,64,64,64,64,64,64,64,64,64,64,64,64,64,64,64,64],"card_choices":[{"not_picked":["Heatsinks","Steam"],"picked":"Ball Lightning","floor":1.0},{"not_picked":["Redo","Sweeping Beam"],"picked":"Gash","floor":2.0},{"not_picked":["Scrape","Go for the Eyes"],"picked":"Hologram","floor":4.0},{"not_picked":["Loop","Turbo"],"picked":"Self Repair","floor":5.0},{"not_picked":["Tempest","Hello World"],"picked":"Cold Snap","floor":6.0},{"not_picked":["Go for the Eyes","Undo"],"picked":"Leap","floor":8.0},{"not_picked":["Rip and Tear","Rebound"],"picked":"Chaos","floor":11.0},{"not_picked":["Compile Driver","Conserve Battery"],"picked":"Electrodynamics","floor":12.0},{"not_picked":["Recycle","Redo"],"picked":"Conserve Battery","floor":14.0},{"not_picked":["All For One","Multi-Cast"],"picked":"Echo Form","floor":16.0},{"not_picked":["Barrage","Redo"],"picked":"Coolheaded","floor":18.0},{"not_picked":["Compile Driver","Barrage"],"picked":"Go for the Eyes","floor":19.0},{"not_picked":["Scrape","Streamline"],"picked":"Lockon+1","floor":20.0},{"not_picked":["Conserve Battery","Auto Shields"],"picked":"BootSequence","floor":22.0}],"player_experience":467610,"relics_obtained":[{"floor":6.0,"key":"Thread and Needle"},{"floor":12.0,"key":"StoneCalendar"},{"floor":14.0,"key":"Odd Mushroom"}],"event_choices":[{"damage_healed":0.0,"max_hp_gain":0.0,"max_hp_loss":0.0,"gold_gain":0.0,"event_name":"FaceTrader","player_choice":"Trade","floor":3.0,"gold_loss":0.0,"damage_taken":0.0,"relics_obtained":["NlothsMask"]},{"damage_healed":0.0,"max_hp_gain":0.0,"max_hp_loss":0.0,"gold_gain":0.0,"event_name":"Mushrooms","player_choice":"Fought Mushrooms","floor":14.0,"gold_loss":0.0,"damage_taken":0.0},{"damage_healed":0.0,"max_hp_gain":0.0,"max_hp_loss":0.0,"gold_gain":0.0,"event_name":"Back to Basics","player_choice":"Simplicity","floor":21.0,"gold_loss":0.0,"damage_taken":0.0,"cards_upgraded":["Strike_B","Defend_B","Defend_B","Defend_B","Defend_B"]}],"is_beta":false,"boss_relics":[{"not_picked":["Runic Pyramid","Tiny House"],"picked":"Nuclear Battery"}],"items_purged_floors":[13],"is_endless":false,"potions_floor_spawned":[1,8,11,14,16,22],"killed_by":"Gremlin Leader","ascension_level":20}