{"gold_per_floor":[118,68,68,82,96,96,130,144,171,171,233,18,18,30,30,128,128,143,158,171,371,371],"floor_reached":22,"playtime":1249,"items_purged":["Pain"],"score":225,"play_id":"f8175bbc-f71e-48a8-8b17-78efa9c7112e","local_time":"20190929213354","is_ascension_mode":true,"campfire_choices":[{"floor":6,"key":"RECALL"},{"data":"Glass Knife","floor":10,"key":"SMITH"},{"floor":13,"key":"REST"},{"data":"Well Laid Plans","floor":15,"key":"SMITH"}],"neow_cost":"NONE","seed_source_timestamp":34522716244410,"circlet_count":0,"master_deck":["Strike_G","Strike_G","Strike_G","Strike_G","Strike_G","Defend_G","Defend_G","Defend_G","Defend_G","Survivor","Neutralize","Glass Knife+1","Well Laid Plans+1","Finisher","Leg Sweep","Night Terror","Slice","Accuracy","Escape Plan","Setup","Envenom","Blade Dance","Blade Dance+1","Quick Slash+1"],"relics":["Ring of the Serpent","WarpedTongs","Vajra","Tiny Chest"],"potions_floor_usage":[7,16,16,22],"damage_taken":[{"damage":0,"enemies":"Jaw Worm","floor":1,"turns":3},{"damage":1,"enemies":"2 Louse","floor":4,"turns":2},{"damage":5,"enemies":"Cultist","floor":5,"turns":3},{"damage":20,"enemies":"Gremlin Nob","floor":7,"turns":5},{"damage":3,"enemies":"2 Fungi Beasts","floor":8,"turns":3},{"damage":15,"enemies":"3 Sentries","floor":11,"turns":6},{"damage":0,"enemies":"Exordium Thugs","floor":14,"turns":4},{"damage":26,"enemies":"Slime Boss","floor":16,"turns":9},{"damage":16,"enemies":"Shell Parasite","floor":18,"turns":7},{"damage":8,"enemies":"Chosen","floor":19,"turns":3},{"damage":27,"enemies":"Shelled Parasite and Fungi","floor":20,"turns":6},{"damage":22,"enemies":"Snake Plant","floor":22,"turns":4}],"seed_played":"-6750046605523910637","potions_obtained":[{"floor":1,"key":"Explosive Potion"},{"floor":4,"key":"SteroidPotion"},{"floor":8,"key":"Strength Potion"},{"floor":16,"key":"Swift Potion"}],"is_trial":false,"path_per_floor":["M","?","?","M","M","R","E","M","T","R","E","$","R","M","R","B",null,"M","M","M","?","M"],"character_chosen":"THE_SILENT","items_purchased":["Accuracy","Escape Plan"],"campfire_rested":1,"item_purchase_floors":[12,12],"current_hp_per_floor":[70,70,70,69,64,64,44,41,41,41,26,26,47,47,47,21,70,54,46,19,19,0],"gold":371,"neow_bonus":"ONE_RANDOM_RARE_CARD","is_prod":false,"is_daily":false,"chose_seed":false,"campfire_upgraded":2,"win_rate":0,"timestamp":1569746034,"path_taken":["M","?","?","M","M","R","E","?","T","R","E","$","R","M","R","BOSS","M","M","M","?","M"],"build_version":"2019-09-27","purchased_purges":1,"victory":false,"max_hp_per_floor":[70,70,70,70,70,70,70,70,70,70,70,70,70,70,70,70,70,70,70,70,70,70],"card_choices":[{"not_picked":["Underhanded Strike","Deadly Poison"],"picked":"Well Laid Plans","floor":1},{"not_picked":["Deflect","Escape Plan"],"picked":"Finisher","floor":4},{"not_picked":["Prepared","Underhanded Strike"],"picked":"Leg Sweep","floor":5},{"not_picked":["Flechettes","Acrobatics"],"picked":"Night Terror","floor":7},{"not_picked":["Crippling Poison","Underhanded Strike","Sucker Punch"],"picked":"SKIP","floor":8},{"not_picked":["Catalyst","Flying Knee"],"picked":"Slice","floor":11},{"not_picked":["Deadly Poison","Predator"],"picked":"Setup","floor":14},{"not_picked":["Corpse Explosion","Night Terror"],"picked":"Envenom","floor":16},{"not_picked":["Slice+1","Reflex+1"],"picked":"Blade Dance","floor":18},{"not_picked":["Underhanded Strike","Poisoned Stab"],"picked":"Blade Dance+1","floor":19},{"not_picked":["Backflip+1","Blade Dance"],"picked":"Quick Slash+1","floor":20}],"player_experience":125857,"relics_obtained":[{"floor":7,"key":"Vajra"},{"floor":11,"key":"Tiny Chest"}],"event_choices":[{"cards_removed":["Defend_G"],"damage_healed":0,"gold_gain":0,"player_choice":"Card Removal","damage_taken":0,"max_hp_gain":0,"max_hp_loss":0,"event_name":"The Cleric","floor":2,"gold_loss":50},{"damage_healed":0,"gold_gain":0,"player_choice":"Rummage","damage_taken":0,"relics_obtained":["WarpedTongs"],"max_hp_gain":0,"max_hp_loss":0,"event_name":"Accursed Blacksmith","floor":3,"gold_loss":0,"cards_obtained":["Pain"]},{"damage_healed":0,"gold_gain":250,"player_choice":"Bet on Owner","damage_taken":0,"max_hp_gain":0,"max_hp_loss":0,"event_name":"The Joust","floor":21,"gold_loss":50}],"is_beta":true,"boss_relics":[{"not_picked":["Cursed Key","Calling Bell"],"picked":"Ring of the Serpent"}],"items_purged_floors":[12],"is_endless":false,"potions_floor_spawned":[1,4,8,16],"killed_by":"Snake Plant","ascension_level":3}