{"gold_per_floor":[118,132,142,67,217,217,247,247,301,311,311,311,81,98,98,174,174,189,189,205,34,34,34],"floor_reached":23,"playtime":776,"items_purged":["Doubt"],"score":378,"play_id":"2f7650d0-6e4a-417d-9db8-20cab3868146","local_time":"20191012091828","is_ascension_mode":true,"campfire_choices":[{"data":"Zap","floor":6.0,"key":"SMITH"},{"data":"Conserve Battery","floor":8.0,"key":"SMITH"},{"floor":12.0,"key":"REST"},{"data":"Defragment","floor":15.0,"key":"SMITH"}],"neow_cost":"NONE","seed_source_timestamp":1164055705499400,"circlet_count":0,"master_deck":["AscendersBane","Zap+1","Dualcast","Steam","Conserve Battery","Steam","Conserve Battery+1","Consume","Reboot","Defragment+1","Doom and Gloom","Self Repair","Chaos","FTL","Chaos","Redo","Doom and Gloom","Skim","Redo","Defragment+1","Shame"],"special_seed":0,"relics":["Busted Crown","Potion Belt","Vajra","Pandora\u0027s Box","Dream Catcher","Pear"],"potions_floor_usage":[16,16],"damage_taken":[{"damage":1.0,"enemies":"Cultist","floor":1.0,"turns":3.0},{"damage":0.0,"enemies":"2 Louse","floor":2.0,"turns":2.0},{"damage":4.0,"enemies":"Small Slimes","floor":3.0,"turns":4.0},{"damage":27.0,"enemies":"Lagavulin","floor":7.0,"turns":11.0},{"damage":18.0,"enemies":"Exordium Thugs","floor":10.0,"turns":7.0},{"damage":0.0,"enemies":"Blue Slaver","floor":14.0,"turns":4.0},{"damage":21,"enemies":"The Guardian","floor":16,"turns":10},{"damage":8,"enemies":"Spheric Guardian","floor":18,"turns":4},{"damage":22,"enemies":"2 Thieves","floor":20,"turns":3},{"damage":57,"enemies":"Gremlin Leader","floor":23,"turns":2}],"seed_played":"6774499344150650478","potions_obtained":[{"floor":3.0,"key":"Dexterity Potion"},{"floor":7.0,"key":"SpeedPotion"},{"floor":14.0,"key":"FearPotion"},{"floor":18,"key":"Dexterity Potion"}],"is_trial":false,"path_per_floor":["M","M","M","?","?","R","E","R","T","M","?","R","$","M","R","B",null,"M","?","M","$","?","E"],"character_chosen":"DEFECT","items_purchased":["Defragment","Doom and Gloom","Dream Catcher"],"campfire_rested":1,"item_purchase_floors":[13,13,21],"current_hp_per_floor":[63,63,59,59,59,59,32,32,32,14,14,35,35,35,35,21,59,58,58,43,43,53,0],"gold":34,"neow_bonus":"BOSS_RELIC","is_prod":false,"is_daily":false,"chose_seed":false,"campfire_upgraded":3,"win_rate":0,"timestamp":1570864708,"path_taken":["M","M","M","?","?","R","E","R","T","M","?","R","$","M","R","BOSS","M","?","M","?","?","E"],"build_version":"2019-07-17","purchased_purges":1,"victory":false,"max_hp_per_floor":[71,71,71,71,71,71,71,71,71,71,71,71,71,71,71,71,71,71,71,71,71,81,81],"card_choices":[{"not_picked":[],"picked":"Steam","floor":1.0},{"not_picked":[],"picked":"Conserve Battery","floor":2.0},{"not_picked":[],"picked":"Steam","floor":3.0},{"not_picked":[],"picked":"Conserve Battery","floor":7.0},{"not_picked":[],"picked":"Consume","floor":10.0},{"not_picked":[],"picked":"Self Repair","floor":14.0},{"not_picked":[],"picked":"Redo","floor":18},{"not_picked":["Consume"],"picked":"SKIP","floor":20}],"player_experience":464275,"relics_obtained":[{"floor":7.0,"key":"Potion Belt"},{"floor":9.0,"key":"Vajra"}],"event_choices":[{"cards_removed":["Strike_B"],"damage_healed":0.0,"max_hp_gain":0.0,"max_hp_loss":0.0,"gold_gain":0.0,"event_name":"The Cleric","player_choice":"Card Removal","floor":4.0,"gold_loss":75.0,"damage_taken":0.0},{"damage_healed":0.0,"max_hp_gain":0.0,"max_hp_loss":0.0,"gold_gain":150.0,"event_name":"Liars Game","player_choice":"AGREE","floor":5.0,"gold_loss":0.0,"damage_taken":0.0,"cards_obtained":["Doubt"]},{"damage_healed":0.0,"max_hp_gain":0.0,"max_hp_loss":0.0,"gold_gain":0.0,"cards_transformed":["Strike_B"],"event_name":"Transmorgrifier","player_choice":"Transformed","floor":11.0,"gold_loss":0.0,"damage_taken":0.0,"cards_obtained":["Reboot"]},{"damage_healed":0,"gold_gain":0,"player_choice":"Copied","damage_taken":0,"max_hp_gain":0,"max_hp_loss":0,"event_name":"Duplicator","floor":19,"gold_loss":0,"cards_obtained":["Defragment"]},{"damage_healed":0,"gold_gain":0,"player_choice":"Stole Relic","damage_taken":0,"relics_obtained":["Pear"],"max_hp_gain":0,"max_hp_loss":0,"event_name":"Addict","floor":22,"gold_loss":0,"cards_obtained":["Shame"]}],"is_beta":false,"boss_relics":[{"not_picked":["Snecko Eye","Lizard Tail"],"picked":"Pandora\u0027s Box"}],"items_purged_floors":[13],"is_endless":false,"potions_floor_spawned":[3,7,14,18],"killed_by":"Gremlin Leader","ascension_level":20}