{"gold_per_floor":[113,131,151,167,180,214,227,242,242,242,242],"floor_reached":11,"playtime":822,"items_purged":[],"score":91,"play_id":"7a255e21-235e-4a26-bab0-8e83ac3e5ecd","local_time":"20190930124157","is_ascension_mode":true,"campfire_choices":[{"data":"Apotheosis","floor":10,"key":"SMITH"}],"neow_cost":"TEN_PERCENT_HP_LOSS","seed_source_timestamp":3158278708761,"circlet_count":0,"master_deck":["Strike_G","Strike_G","Strike_G","Strike_G","Strike_G","Defend_G","Defend_G","Defend_G","Defend_G","Defend_G","Survivor","Neutralize","Apotheosis+1","Deflect","Poisoned Stab","Distraction","Blur","PiercingWail","Heel Hook","Outmaneuver","Masterful Stab"],"relics":["Ring of the Snake","Potion Belt","Turnip"],"potions_floor_usage":[6,6],"damage_taken":[{"damage":0,"enemies":"Cultist","floor":1,"turns":5},{"damage":2,"enemies":"Small Slimes","floor":2,"turns":4},{"damage":0,"enemies":"Jaw Worm","floor":3,"turns":4},{"damage":9,"enemies":"Exordium Wildlife","floor":4,"turns":4},{"damage":11,"enemies":"Lots of Slimes","floor":5,"turns":6},{"damage":6,"enemies":"Lagavulin","floor":6,"turns":9},{"damage":0,"enemies":"Large Slime","floor":7,"turns":6},{"damage":7,"enemies":"Exordium Thugs","floor":8,"turns":8},{"damage":63,"enemies":"Gremlin Nob","floor":11,"turns":4}],"seed_played":"-3677496410039197258","potions_obtained":[{"floor":1,"key":"Dexterity Potion"},{"floor":3,"key":"Dexterity Potion"}],"is_trial":false,"path_per_floor":["M","M","M","M","M","E","M","M","T","R","E"],"character_chosen":"THE_SILENT","items_purchased":[],"campfire_rested":0,"item_purchase_floors":[],"current_hp_per_floor":[63,61,61,52,41,35,35,28,28,28,0],"gold":242,"neow_bonus":"RANDOM_COLORLESS_2","is_prod":false,"is_daily":false,"chose_seed":false,"campfire_upgraded":1,"win_rate":0,"timestamp":1569800517,"path_taken":["M","M","?","M","M","E","M","M","T","R","E"],"build_version":"2019-09-27","purchased_purges":0,"victory":false,"max_hp_per_floor":[63,63,63,63,63,63,63,63,63,63,63],"card_choices":[{"not_picked":["Sadistic Nature","Panache"],"picked":"Apotheosis","floor":0},{"not_picked":["Underhanded Strike","Riddle With Holes"],"picked":"Deflect","floor":1},{"not_picked":["Slice","Dagger Spray"],"picked":"Poisoned Stab","floor":2},{"not_picked":["Slice","Quick Slash"],"picked":"Distraction","floor":3},{"not_picked":["Deadly Poison","Outmaneuver"],"picked":"Blur","floor":4},{"not_picked":["Deflect","Heel Hook"],"picked":"PiercingWail","floor":5},{"not_picked":["PiercingWail","Accuracy"],"picked":"Heel Hook","floor":6},{"not_picked":["Dagger Spray","Skewer"],"picked":"Outmaneuver","floor":7},{"not_picked":["Terror","Finisher"],"picked":"Masterful Stab","floor":8}],"player_experience":127106,"relics_obtained":[{"floor":6,"key":"Potion Belt"},{"floor":9,"key":"Turnip"}],"event_choices":[],"is_beta":true,"boss_relics":[],"items_purged_floors":[],"is_endless":false,"potions_floor_spawned":[1,3],"killed_by":"Gremlin Nob","ascension_level":3}