{"gold_per_floor":[109,125,125,137,156,182,182,208,235,81,231,249,249],"floor_reached":13,"playtime":436,"items_purged":["Shame"],"score":170,"play_id":"fd066a79-b313-49ed-ab4a-d2b46ab2ed75","local_time":"20191012214229","is_ascension_mode":true,"campfire_choices":[{"floor":7.0,"key":"REST"}],"neow_cost":"CURSE","seed_source_timestamp":1209110160331600,"circlet_count":0,"master_deck":["AscendersBane","Strike_B","Strike_B","Defend_B","Defend_B","Defend_B","Defend_B","Zap","Dualcast","Amplify","Leap","Chaos+1","Sweeping Beam+1","Streamline","Hello World","Coolheaded","Ball Lightning","Defragment","Doubt","Steam"],"special_seed":0,"relics":["Cracked Core","DataDisk","Odd Mushroom","Lantern"],"potions_floor_usage":[8,12],"damage_taken":[{"damage":7.0,"enemies":"2 Louse","floor":1.0,"turns":2.0},{"damage":8.0,"enemies":"Small Slimes","floor":2.0,"turns":4.0},{"damage":0.0,"enemies":"Jaw Worm","floor":4.0,"turns":3.0},{"damage":15.0,"enemies":"Exordium Wildlife","floor":5.0,"turns":4.0},{"damage":8.0,"enemies":"Gremlin Nob","floor":6.0,"turns":3.0},{"damage":11,"enemies":"The Mushroom Lair","floor":8,"turns":4},{"damage":13,"enemies":"Exordium Thugs","floor":12,"turns":4},{"damage":5,"enemies":"3 Sentries","floor":13,"turns":2}],"seed_played":"-5405032835792969800","potions_obtained":[{"floor":2.0,"key":"SpeedPotion"},{"floor":4.0,"key":"GamblersBrew"}],"is_trial":false,"path_per_floor":["M","M","?","M","M","E","R","?","T","$","?","M","E"],"character_chosen":"DEFECT","items_purchased":["Defragment"],"campfire_rested":1,"item_purchase_floors":[10],"current_hp_per_floor":[57,49,28,28,13,5,26,15,15,15,15,2,0],"gold":249,"neow_bonus":"TRANSFORM_TWO_CARDS","is_prod":false,"is_daily":false,"chose_seed":false,"campfire_upgraded":0,"win_rate":0,"timestamp":1570909349,"path_taken":["M","M","?","M","M","E","R","?","T","$","?","M","E"],"build_version":"2019-07-17","purchased_purges":1,"victory":false,"max_hp_per_floor":[71,71,71,71,71,71,71,71,71,71,71,71,71],"card_choices":[{"not_picked":["Auto Shields","Stack"],"picked":"Chaos","floor":1.0},{"not_picked":["Leap","BootSequence"],"picked":"Sweeping Beam","floor":2.0},{"not_picked":["Barrage","Go for the Eyes"],"picked":"Streamline","floor":4.0},{"not_picked":["Barrage","Conserve Battery"],"picked":"Hello World","floor":5.0},{"not_picked":["Skim","Compile Driver"],"picked":"Coolheaded","floor":6.0},{"not_picked":["Steam Power","Turbo"],"picked":"Ball Lightning","floor":8},{"not_picked":["Barrage","Redo"],"picked":"Steam","floor":12}],"player_experience":480810,"relics_obtained":[{"floor":6.0,"key":"DataDisk"},{"floor":8,"key":"Odd Mushroom"},{"floor":9,"key":"Lantern"}],"event_choices":[{"damage_healed":0.0,"max_hp_gain":0.0,"max_hp_loss":0.0,"gold_gain":0.0,"event_name":"Shining Light","player_choice":"Entered Light","floor":3.0,"gold_loss":0.0,"damage_taken":21.0,"cards_upgraded":["Sweeping Beam","Chaos"]},{"damage_healed":0,"gold_gain":0,"player_choice":"Fought Mushrooms","damage_taken":0,"max_hp_gain":0,"max_hp_loss":0,"event_name":"Mushrooms","floor":8,"gold_loss":0},{"damage_healed":0,"gold_gain":150,"player_choice":"AGREE","damage_taken":0,"max_hp_gain":0,"max_hp_loss":0,"event_name":"Liars Game","floor":11,"gold_loss":0,"cards_obtained":["Doubt"]}],"is_beta":false,"boss_relics":[],"items_purged_floors":[10],"is_endless":false,"potions_floor_spawned":[2,4,5],"killed_by":"3 Sentries","ascension_level":20}