{"gold_per_floor":[112,128,78,97,97,129,157,169],"floor_reached":8,"playtime":1037,"items_purged":[],"score":58,"play_id":"6ce33995-f0d0-4f6a-9922-aa1f113513a7","local_time":"20190916222056","is_ascension_mode":false,"campfire_choices":[],"neow_cost":"TEN_PERCENT_HP_LOSS","seed_source_timestamp":13021807250172,"circlet_count":0,"master_deck":["Strike_G","Strike_G","Strike_G","Strike_G","Defend_G","Defend_G","Defend_G","Defend_G","Defend_G","Survivor","Neutralize","Night Terror","Infinite Blades","Dodge and Roll","Choke","Doppelganger","PiercingWail"],"relics":["Ring of the Snake","MawBank"],"potions_floor_usage":[6,7],"damage_taken":[{"damage":3,"enemies":"Small Slimes","floor":1,"turns":5},{"damage":0,"enemies":"2 Louse","floor":2,"turns":5},{"damage":0,"enemies":"Jaw Worm","floor":4,"turns":6},{"damage":27,"enemies":"3 Sentries","floor":6,"turns":10},{"damage":12,"enemies":"Exordium Wildlife","floor":7,"turns":8},{"damage":29,"enemies":"Lagavulin","floor":8,"turns":11}],"seed_played":"-5269319822638591887","potions_obtained":[{"floor":2,"key":"Swift Potion"},{"floor":4,"key":"FearPotion"}],"is_trial":false,"path_per_floor":["M","M","?","M","?","E","M","E"],"character_chosen":"THE_SILENT","items_purchased":[],"campfire_rested":0,"item_purchase_floors":[],"current_hp_per_floor":[60,60,60,60,65,38,26,0],"gold":169,"neow_bonus":"THREE_RARE_CARDS","is_prod":false,"is_daily":false,"chose_seed":false,"campfire_upgraded":0,"win_rate":0,"timestamp":1568629256,"path_taken":["M","M","?","M","?","E","M","E"],"build_version":"2019-09-12","purchased_purges":0,"victory":false,"max_hp_per_floor":[63,63,63,63,68,68,68,68],"card_choices":[{"not_picked":["Glass Knife","Die Die Die"],"picked":"Night Terror","floor":0},{"not_picked":["Deflect","Escape Plan"],"picked":"Infinite Blades","floor":1},{"not_picked":["Sucker Punch","Poisoned Stab"],"picked":"Dodge and Roll","floor":2},{"not_picked":["Riddle With Holes","Deflect"],"picked":"Choke","floor":4},{"not_picked":["Well Laid Plans","PiercingWail"],"picked":"Doppelganger","floor":6},{"not_picked":["Dodge and Roll","Heel Hook"],"picked":"PiercingWail","floor":7}],"player_experience":60191,"relics_obtained":[{"floor":6,"key":"MawBank"}],"event_choices":[{"cards_removed":["Strike_G"],"damage_healed":0,"gold_gain":0,"player_choice":"Card Removal","damage_taken":0,"max_hp_gain":0,"max_hp_loss":0,"event_name":"The Cleric","floor":3,"gold_loss":50},{"damage_healed":0,"gold_gain":0,"player_choice":"Donut","damage_taken":0,"max_hp_gain":5,"max_hp_loss":0,"event_name":"Big Fish","floor":5,"gold_loss":0}],"is_beta":true,"boss_relics":[],"items_purged_floors":[],"is_endless":false,"potions_floor_spawned":[2,4],"killed_by":"Lagavulin","ascension_level":0}