{"gold_per_floor":[114,132,147,147,158,169,188,203,276,295,295,321,336,367,367,462,462,478,0,14,14,32,32,59,59,128,128,145,95,95,127,127,127],"floor_reached":33,"playtime":3520,"items_purged":[],"score":341,"play_id":"efd42a3d-1a28-40ab-8380-399a5856a8da","local_time":"20190904005623","is_ascension_mode":false,"campfire_choices":[{"floor":11,"key":"REST"},{"data":"After Image","floor":15,"key":"SMITH"},{"data":"Mind Blast","floor":23,"key":"SMITH"},{"floor":25,"key":"REST"},{"data":"Deadly Poison","floor":27,"key":"SMITH"},{"data":"A Thousand Cuts","floor":30,"key":"SMITH"},{"data":"Blur","floor":32,"key":"SMITH"}],"neow_cost":"NONE","seed_source_timestamp":25081225706038,"circlet_count":0,"master_deck":["Strike_G","Strike_G","Strike_G","Strike_G","Defend_G","Defend_G","Defend_G","Defend_G","Defend_G","Survivor","Neutralize","Poisoned Stab","Backflip","Blade Dance","PiercingWail","Predator","Backstab","Sucker Punch","A Thousand Cuts+1","Poisoned Stab","After Image+1","Die Die Die","Dagger Throw","Flechettes","Mind Blast+1","Violence","PiercingWail+1","Blade Dance","Deadly Poison+1","Backflip+1","Blur+1"],"relics":["Ring of the Snake","Matryoshka","Ancient Tea Set","Bag of Marbles","Bird Faced Urn","Runic Pyramid","Anchor","FossilizedHelix","Juzu Bracelet","Blood Vial","Pear","Mummified Hand"],"potions_floor_usage":[],"damage_taken":[{"damage":0,"enemies":"Jaw Worm","floor":1,"turns":6},{"damage":0,"enemies":"Cultist","floor":2,"turns":3},{"damage":5,"enemies":"Small Slimes","floor":3,"turns":3},{"damage":0,"enemies":"Blue Slaver","floor":5,"turns":4},{"damage":3,"enemies":"Red Slaver","floor":6,"turns":5},{"damage":5,"enemies":"Lots of Slimes","floor":7,"turns":4},{"damage":0,"enemies":"Blue Slaver","floor":8,"turns":4},{"damage":8,"enemies":"Large Slime","floor":10,"turns":7},{"damage":0,"enemies":"3 Louse","floor":13,"turns":2},{"damage":18,"enemies":"Gremlin Nob","floor":14,"turns":5},{"damage":47,"enemies":"Hexaghost","floor":16,"turns":15},{"damage":8,"enemies":"Chosen","floor":18,"turns":4},{"damage":16,"enemies":"Spheric Guardian","floor":20,"turns":5},{"damage":0,"enemies":"Snecko","floor":22,"turns":4},{"damage":19,"enemies":"Gremlin Leader","floor":24,"turns":5},{"damage":12,"enemies":"Centurion and Healer","floor":28,"turns":6},{"damage":0,"enemies":"Book of Stabbing","floor":31,"turns":5},{"damage":94,"enemies":"Champ","floor":33,"turns":14}],"seed_played":"-4902367011830193513","potions_obtained":[{"floor":2,"key":"Energy Potion"},{"floor":3,"key":"FearPotion"},{"floor":6,"key":"Weak Potion"},{"floor":7,"key":"GamblersBrew"},{"floor":13,"key":"Swift Potion"}],"is_trial":false,"path_per_floor":["M","M","M","?","M","M","M","M","T","M","R","T","M","E","R","B",null,"M","$","M","?","M","R","E","R","T","R","M","?","R","E","R","B"],"character_chosen":"THE_SILENT","items_purchased":["Anchor","Flechettes","Mind Blast","Violence"],"campfire_rested":2,"item_purchase_floors":[19,19,19,19],"current_hp_per_floor":[77,77,72,72,72,69,64,64,64,56,77,77,77,59,59,16,77,69,69,55,55,59,59,44,67,77,77,69,69,69,73,73,0],"gold":127,"neow_bonus":"TEN_PERCENT_HP_BONUS","is_prod":false,"is_daily":false,"chose_seed":false,"campfire_upgraded":5,"win_rate":0.0,"timestamp":1567515383,"path_taken":["M","M","M","?","M","M","M","?","T","M","R","?","M","E","R","BOSS","M","$","M","?","M","R","E","R","T","R","M","?","R","E","R","BOSS"],"build_version":"2019-07-17","purchased_purges":0,"victory":false,"max_hp_per_floor":[77,77,77,77,77,77,77,77,77,77,77,77,77,77,77,77,77,77,77,77,77,77,77,77,77,87,87,87,87,87,87,87,87],"card_choices":[{"not_picked":["Dodge and Roll","Finisher"],"picked":"Poisoned Stab","floor":1},{"not_picked":["Reflex","All Out Attack"],"picked":"Backflip","floor":2},{"not_picked":["Slice","Prepared"],"picked":"Blade Dance","floor":3},{"not_picked":["Blade Dance","Sucker Punch"],"picked":"PiercingWail","floor":5},{"not_picked":["Heel Hook","Slice"],"picked":"Predator","floor":6},{"not_picked":["Choke","Heel Hook"],"picked":"Backstab","floor":7},{"not_picked":["Backflip","Flechettes"],"picked":"Sucker Punch","floor":8},{"not_picked":["Quick Slash","Flying Knee"],"picked":"A Thousand Cuts","floor":10},{"not_picked":["Prepared","Escape Plan"],"picked":"Poisoned Stab","floor":13},{"not_picked":["Blade Dance","Dodge and Roll"],"picked":"After Image","floor":14},{"not_picked":["Unload","Phantasmal Killer"],"picked":"Die Die Die","floor":16},{"not_picked":["Escape Plan","Endless Agony"],"picked":"Dagger Throw","floor":18},{"not_picked":["Dodge and Roll","Well Laid Plans"],"picked":"PiercingWail+1","floor":20},{"not_picked":["Eviscerate","Backflip"],"picked":"Blade Dance","floor":22},{"not_picked":["All Out Attack","Outmaneuver"],"picked":"Deadly Poison","floor":24},{"not_picked":["Underhanded Strike","Quick Slash"],"picked":"Backflip+1","floor":28},{"not_picked":["All Out Attack","Deflect"],"picked":"Blur","floor":31}],"player_experience":2653,"relics_obtained":[{"floor":9,"key":"Matryoshka"},{"floor":12,"key":"Ancient Tea Set"},{"floor":12,"key":"Bag of Marbles"},{"floor":14,"key":"Bird Faced Urn"},{"floor":24,"key":"Juzu Bracelet"},{"floor":26,"key":"Blood Vial"},{"floor":26,"key":"Pear"},{"floor":31,"key":"Mummified Hand"}],"event_choices":[{"cards_removed":["Strike_G"],"damage_healed":0,"gold_gain":0,"player_choice":"Offered Basic","damage_taken":0,"max_hp_gain":0,"max_hp_loss":0,"event_name":"Bonfire Elementals","floor":4,"gold_loss":0},{"damage_healed":0,"gold_gain":0,"player_choice":"Opened","damage_taken":0,"relics_obtained":["FossilizedHelix"],"max_hp_gain":0,"max_hp_loss":0,"event_name":"The Mausoleum","floor":21,"gold_loss":0},{"damage_healed":0,"gold_gain":0,"player_choice":"Bet on Murderer","damage_taken":0,"max_hp_gain":0,"max_hp_loss":0,"event_name":"The Joust","floor":29,"gold_loss":50}],"is_beta":false,"boss_relics":[{"not_picked":["Fusion Hammer","Runic Dome"],"picked":"Runic Pyramid"}],"items_purged_floors":[],"is_endless":false,"potions_floor_spawned":[2,3,6,7,13,20,28],"killed_by":"Champ","ascension_level":0}