{"gold_per_floor":[116,116,134,147,166,166,199,199,225,250,250,270,270,37,37,134,184,203,216,216,154,171,205,205,237,237,237,252,268,268,268,268,370,370,387,401,401,419,432,432,432],"floor_reached":41,"playtime":2376,"items_purged":["Strike_R"],"score":508,"play_id":"4a5123db-c8f0-4eaf-8588-c0fe79873f7a","local_time":"20190928005055","is_ascension_mode":false,"campfire_choices":[{"data":"Heavy Blade","floor":6,"key":"SMITH"},{"data":"Spot Weakness","floor":8,"key":"SMITH"},{"data":"Berserk","floor":11,"key":"SMITH"},{"floor":13,"key":"RECALL"},{"data":"Rage","floor":15,"key":"SMITH"},{"data":"Demon Form","floor":24,"key":"SMITH"},{"data":"Seeing Red","floor":27,"key":"SMITH"},{"floor":32,"key":"REST"},{"floor":40,"key":"REST"}],"neow_cost":"NONE","seed_source_timestamp":22071128039072,"circlet_count":0,"master_deck":["Strike_R+1","Strike_R+1","Defend_R+1","Defend_R+1","Bash","Reckless Charge","Pommel Strike","Heavy Blade+1","Spot Weakness+1","Flex","Berserk+1","Pummel+1","Rage+1","Discovery","Demon Form+1","Thunderclap","True Grit+1","Seeing Red+1","Infernal Blade","Impervious","Flex+1","Ghostly","Ghostly","Ghostly","Ghostly","Ghostly","Barricade","Flex+1","Impervious+1","Disarm+1","Clash+1","Dual Wield","Demon Form+1","Intimidate","Battle Trance+1"],"relics":["Burning Blood","Art of War","Pen Nib","Odd Mushroom","Tiny House","Strawberry","Pantograph","Happy Flower","Astrolabe"],"potions_floor_usage":[5,7,22,23,23,25,29,41,41],"damage_taken":[{"damage":1,"enemies":"Cultist","floor":1,"turns":3},{"damage":5,"enemies":"Jaw Worm","floor":3,"turns":4},{"damage":4,"enemies":"Small Slimes","floor":4,"turns":4},{"damage":10,"enemies":"Exordium Wildlife","floor":5,"turns":5},{"damage":22,"enemies":"3 Sentries","floor":7,"turns":5},{"damage":25,"enemies":"The Mushroom Lair","floor":10,"turns":5},{"damage":3,"enemies":"Red Slaver","floor":12,"turns":2},{"damage":13,"enemies":"Slime Boss","floor":16,"turns":11},{"damage":24,"enemies":"Shell Parasite","floor":18,"turns":5},{"damage":11,"enemies":"Spheric Guardian","floor":19,"turns":4},{"damage":11,"enemies":"Cultist and Chosen","floor":22,"turns":7},{"damage":67,"enemies":"Gremlin Leader","floor":23,"turns":7},{"damage":2,"enemies":"Book of Stabbing","floor":25,"turns":3},{"damage":11,"enemies":"Shelled Parasite and Fungi","floor":28,"turns":4},{"damage":26,"enemies":"Snake Plant","floor":29,"turns":5},{"damage":15,"enemies":"Champ","floor":33,"turns":11},{"damage":9,"enemies":"3 Shapes","floor":35,"turns":6},{"damage":15,"enemies":"Orb Walker","floor":36,"turns":4},{"damage":25,"enemies":"3 Darklings","floor":38,"turns":10},{"damage":2,"enemies":"Jaw Worm Horde","floor":39,"turns":4},{"damage":44,"enemies":"Reptomancer","floor":41,"turns":2}],"seed_played":"829139082201568457","potions_obtained":[{"floor":1,"key":"Explosive Potion"},{"floor":3,"key":"DuplicationPotion"},{"floor":10,"key":"BloodPotion"},{"floor":17,"key":"SteroidPotion"},{"floor":19,"key":"Swift Potion"},{"floor":22,"key":"Regen Potion"},{"floor":28,"key":"EssenceOfSteel"},{"floor":38,"key":"Regen Potion"},{"floor":39,"key":"Regen Potion"}],"is_trial":false,"path_per_floor":["M","?","M","M","M","R","E","R","T","?","R","M","R","$","R","B",null,"M","M","?","?","M","E","R","E","T","R","M","M","?","?","R","B",null,"M","M","?","M","M","R","E"],"character_chosen":"IRONCLAD","items_purchased":["Rage","Discovery"],"campfire_rested":2,"item_purchase_floors":[14,14],"current_hp_per_floor":[80,80,80,80,76,76,60,60,60,41,41,44,44,44,44,37,85,67,62,62,69,64,35,35,39,39,39,34,14,14,14,27,37,46,43,34,34,15,19,32,0],"gold":432,"neow_bonus":"REMOVE_CARD","is_prod":false,"is_daily":false,"chose_seed":false,"campfire_upgraded":6,"win_rate":0,"timestamp":1569588655,"path_taken":["M","?","M","?","M","R","E","R","T","?","R","M","R","?","R","BOSS","M","M","?","?","M","E","R","E","T","R","?","M","?","?","R","BOSS","M","M","?","M","?","R","E"],"build_version":"2019-09-26","purchased_purges":1,"victory":false,"max_hp_per_floor":[80,80,80,80,80,80,80,80,80,80,80,80,80,80,80,80,85,85,85,85,92,92,92,92,92,92,92,92,92,46,46,46,46,46,46,46,46,46,46,46,46],"card_choices":[{"not_picked":["Fire Breathing","Warcry"],"picked":"Reckless Charge","floor":1},{"not_picked":["Thunderclap","Dropkick"],"picked":"Pommel Strike","floor":3},{"not_picked":["Ghostly Armor","Sword Boomerang"],"picked":"Heavy Blade","floor":4},{"not_picked":["Wild Strike","Reckless Charge"],"picked":"Spot Weakness","floor":5},{"not_picked":["Armaments","Clash"],"picked":"Flex","floor":7},{"not_picked":["Wild Strike","Spot Weakness"],"picked":"Berserk","floor":10},{"not_picked":["Clothesline","Bloodletting"],"picked":"Pummel","floor":12},{"not_picked":["Feed","Barricade"],"picked":"Demon Form","floor":16},{"not_picked":["Twin Strike","Sword Boomerang"],"picked":"Thunderclap","floor":17},{"not_picked":["Blood for Blood+1","Shockwave"],"picked":"True Grit+1","floor":18},{"not_picked":["Burning Pact","Twin Strike+1"],"picked":"Seeing Red","floor":19},{"not_picked":["Perfected Strike","True Grit+1","Havoc"],"picked":"SKIP","floor":22},{"not_picked":["Burning Pact+1","Perfected Strike+1"],"picked":"Infernal Blade","floor":23},{"not_picked":["Blood for Blood","Havoc"],"picked":"Impervious","floor":25},{"not_picked":["Thunderclap","Heavy Blade","Perfected Strike"],"picked":"SKIP","floor":28},{"not_picked":["Twin Strike","Wild Strike+1"],"picked":"Flex+1","floor":29},{"not_picked":["Impervious","Exhume"],"picked":"Barricade","floor":33},{"not_picked":["Heavy Blade+1","Rupture"],"picked":"Clash+1","floor":35},{"not_picked":["Twin Strike+1","Cleave"],"picked":"Dual Wield","floor":36},{"not_picked":["Sword Boomerang","True Grit"],"picked":"Intimidate","floor":38},{"not_picked":["Warcry+1","Body Slam+1"],"picked":"Battle Trance+1","floor":39}],"player_experience":113677,"relics_obtained":[{"floor":7,"key":"Art of War"},{"floor":9,"key":"Pen Nib"},{"floor":10,"key":"Odd Mushroom"},{"floor":23,"key":"Pantograph"},{"floor":25,"key":"Happy Flower"}],"event_choices":[{"cards_removed":["Strike_R"],"damage_healed":0,"gold_gain":0,"player_choice":"Took Card","damage_taken":0,"max_hp_gain":0,"max_hp_loss":0,"event_name":"NoteForYourself","floor":2,"gold_loss":0,"cards_obtained":["Strike_R"]},{"damage_healed":0,"gold_gain":0,"player_choice":"Fought Mushrooms","damage_taken":0,"max_hp_gain":0,"max_hp_loss":0,"event_name":"Mushrooms","floor":10,"gold_loss":0},{"damage_healed":0,"gold_gain":0,"player_choice":"Simplicity","damage_taken":0,"max_hp_gain":0,"max_hp_loss":0,"event_name":"Back to Basics","floor":20,"gold_loss":0,"cards_upgraded":["Strike_R","Strike_R","Strike_R","Defend_R","Defend_R","Defend_R","Defend_R"]},{"damage_healed":0,"gold_gain":0,"player_choice":"Paid Gold","damage_taken":0,"relics_obtained":["Strawberry"],"max_hp_gain":0,"max_hp_loss":0,"event_name":"WeMeetAgain","floor":21,"gold_loss":62},{"damage_healed":0,"gold_gain":0,"player_choice":"Became a Ghost","damage_taken":0,"max_hp_gain":0,"max_hp_loss":46,"event_name":"Ghosts","floor":30,"gold_loss":0,"cards_obtained":["Ghostly","Ghostly","Ghostly","Ghostly","Ghostly"]},{"damage_healed":0,"gold_gain":0,"player_choice":"Ignored","damage_taken":0,"max_hp_gain":0,"max_hp_loss":0,"event_name":"Cursed Tome","floor":31,"gold_loss":0},{"damage_healed":0,"gold_gain":0,"player_choice":"Copied","damage_taken":0,"max_hp_gain":0,"max_hp_loss":0,"event_name":"Duplicator","floor":37,"gold_loss":0,"cards_obtained":["Demon Form"]}],"is_beta":true,"boss_relics":[{"not_picked":["Runic Pyramid","Fusion Hammer"],"picked":"Tiny House"},{"not_picked":["Snecko Eye","Coffee Dripper"],"picked":"Astrolabe"}],"items_purged_floors":[14],"is_endless":false,"potions_floor_spawned":[1,3,10,19,22,28,38,39],"killed_by":"Reptomancer","ascension_level":0}