{"gold_per_floor":[119,119,131,144,156,156,156,191,259,292,292,311,337,352,352,457,457,468,468,452,61,72,101,101,117,143,174,184,211,227,253,253,357,357,373,428,443,454,473,473,501,520,520,520,520,94,94,112,112,112],"floor_reached":51,"playtime":5266,"items_purged":[],"score":831,"play_id":"82a4b5cf-3663-4388-a28b-cfe5dd804573","local_time":"20190916001147","is_ascension_mode":false,"campfire_choices":[{"floor":7,"key":"REST"},{"data":"Double Energy","floor":11,"key":"SMITH"},{"floor":15,"key":"REST"},{"data":"Consume","floor":24,"key":"SMITH"},{"data":"Zap","floor":32,"key":"SMITH"},{"data":"Amplify","floor":40,"key":"SMITH"},{"data":"Lockon","floor":44,"key":"SMITH"},{"data":"Fission","floor":49,"key":"SMITH"}],"neow_cost":"NONE","seed_source_timestamp":36311419183909,"circlet_count":0,"master_deck":["Zap+1","Dualcast","Doom and Gloom","Static Discharge","Beam Cell+1","All For One","Heatsinks","Capacitor","Consume+1","Double Energy+1","Coolheaded","Cold Snap","Steam+1","Beam Cell","BootSequence","Skim","Machine Learning+1","Cold Snap","Redo+1","Thunder Strike","Conserve Battery+1","Storm+1","Defragment+1","Consume+1","Rainbow","Force Field","Static Discharge+1","Ball Lightning","Defragment+1","Redo+1","Lockon+1","Amplify+1","Fusion+1","White Noise+1","Double Energy+1","Capacitor+1","Skim+1","Reprogram+1","Loop+1","Fission+1"],"relics":["Pandora\u0027s Box","Gambling Chip","Frozen Egg 2","Blood Vial","Anchor","Inserter","Enchiridion","Bottled Lightning","Juzu Bracelet","Strawberry","White Beast Statue","Pear","Torii","Coffee Dripper","Unceasing Top","HornCleat","War Paint","Smiling Mask","Bag of Preparation"],"potions_floor_usage":[3,13,16,22,22,27,29,30,33,41,42,50,50],"damage_taken":[{"damage":18,"enemies":"Jaw Worm","floor":1,"turns":3},{"damage":1,"enemies":"Cultist","floor":3,"turns":3},{"damage":6,"enemies":"Small Slimes","floor":4,"turns":4},{"damage":0,"enemies":"3 Louse","floor":5,"turns":3},{"damage":28,"enemies":"Gremlin Nob","floor":8,"turns":5},{"damage":0,"enemies":"Lagavulin","floor":10,"turns":5},{"damage":7,"enemies":"Blue Slaver","floor":12,"turns":4},{"damage":9,"enemies":"Gremlin Nob","floor":13,"turns":4},{"damage":0,"enemies":"Exordium Wildlife","floor":14,"turns":3},{"damage":1,"enemies":"Slime Boss","floor":16,"turns":7},{"damage":0,"enemies":"Chosen","floor":18,"turns":5},{"damage":2,"enemies":"2 Thieves","floor":20,"turns":4},{"damage":3,"enemies":"Snecko","floor":22,"turns":5},{"damage":4,"enemies":"Book of Stabbing","floor":23,"turns":5},{"damage":0,"enemies":"Centurion and Healer","floor":25,"turns":6},{"damage":7,"enemies":"Gremlin Leader","floor":27,"turns":7},{"damage":0,"enemies":"Cultist and Chosen","floor":28,"turns":4},{"damage":8,"enemies":"Book of Stabbing","floor":29,"turns":4},{"damage":12,"enemies":"Snake Plant","floor":30,"turns":3},{"damage":12,"enemies":"Slavers","floor":31,"turns":2},{"damage":10,"enemies":"Champ","floor":33,"turns":6},{"damage":0,"enemies":"Orb Walker","floor":35,"turns":2},{"damage":10,"enemies":"2 Orb Walkers","floor":36,"turns":3},{"damage":5,"enemies":"3 Shapes","floor":37,"turns":2},{"damage":11,"enemies":"Spire Growth","floor":38,"turns":3},{"damage":0,"enemies":"Transient","floor":39,"turns":5},{"damage":1,"enemies":"Giant Head","floor":41,"turns":4},{"damage":0,"enemies":"Maw","floor":42,"turns":3},{"damage":0,"enemies":"Spire Growth","floor":48,"turns":2},{"damage":9,"enemies":"Donu and Deca","floor":50,"turns":4}],"seed_played":"-3519069982092928807","potions_obtained":[{"floor":1,"key":"PowerPotion"},{"floor":8,"key":"SkillPotion"},{"floor":12,"key":"SmokeBomb"},{"floor":13,"key":"Weak Potion"},{"floor":16,"key":"Block Potion"},{"floor":22,"key":"Energy Potion"},{"floor":25,"key":"Explosive Potion"},{"floor":28,"key":"DuplicationPotion"},{"floor":29,"key":"EssenceOfSteel"},{"floor":30,"key":"SteroidPotion"},{"floor":33,"key":"Swift Potion"},{"floor":35,"key":"Dexterity Potion"},{"floor":36,"key":"PowerPotion"},{"floor":41,"key":"SteroidPotion"},{"floor":42,"key":"Strength Potion"}],"is_trial":false,"path_per_floor":["M","?","M","M","M","?","R","E","T","E","R","M","E","M","R","B",null,"M","?","M","$","M","E","R","M","T","E","M","E","M","E","R","B",null,"M","?","M","M","M","R","E","M","T","R","T","$","?","M","R","B",null],"character_chosen":"DEFECT","items_purchased":["Defragment+1","Bottled Lightning","Regen Potion","Bag of Preparation","Regen Potion","Regen Potion","Loop+1","Fire Potion"],"campfire_rested":2,"item_purchase_floors":[21,21,21,46,46,46,46,46],"current_hp_per_floor":[57,57,56,50,50,35,57,29,29,29,29,24,17,19,41,42,75,75,59,59,59,70,68,68,70,77,72,74,78,68,58,58,50,92,92,82,79,70,72,72,73,75,75,75,75,75,75,77,77,89],"gold":112,"neow_bonus":"BOSS_RELIC","is_prod":false,"is_daily":false,"chose_seed":false,"campfire_upgraded":6,"win_rate":0.0,"timestamp":1568549507,"path_taken":["M","?","M","M","?","?","R","E","T","E","R","M","E","M","R","BOSS","M","?","M","$","M","E","R","M","T","E","M","E","M","E","R","BOSS","M","?","M","M","M","R","E","M","T","R","?","$","?","M","R","BOSS"],"build_version":"2019-09-12","purchased_purges":0,"victory":true,"max_hp_per_floor":[75,75,75,75,75,75,75,75,75,75,75,75,75,75,75,75,75,75,75,75,75,75,75,75,75,82,82,82,92,92,92,92,92,92,92,92,92,92,92,92,92,92,92,92,92,92,92,92,92,92],"card_choices":[{"not_picked":["Gash","Barrage"],"picked":"Coolheaded","floor":1},{"not_picked":["Sweeping Beam","Leap"],"picked":"Cold Snap","floor":3},{"not_picked":["Sweeping Beam","Compile Driver"],"picked":"Steam","floor":4},{"not_picked":["Hello World","Cold Snap"],"picked":"Beam Cell","floor":5},{"not_picked":["Hologram","Skim"],"picked":"BootSequence","floor":8},{"not_picked":["Scrape","Leap"],"picked":"Skim","floor":10},{"not_picked":["Leap","Rebound"],"picked":"Machine Learning+1","floor":12},{"not_picked":["Rip and Tear","Coolheaded"],"picked":"Cold Snap","floor":13},{"not_picked":["Leap","Streamline"],"picked":"Redo","floor":14},{"not_picked":["Fission","All For One"],"picked":"Thunder Strike","floor":16},{"not_picked":["Hologram+1","Skim+1"],"picked":"Conserve Battery+1","floor":18},{"not_picked":["Sweeping Beam","Chill"],"picked":"Storm+1","floor":20},{"not_picked":["Hologram","Heatsinks+1"],"picked":"Consume","floor":22},{"not_picked":["Beam Cell","Coolheaded"],"picked":"Rainbow","floor":23},{"not_picked":["Reinforced Body","FTL"],"picked":"Force Field","floor":25},{"not_picked":["Steam","Genetic Algorithm"],"picked":"Static Discharge+1","floor":27},{"not_picked":["Compile Driver","Force Field"],"picked":"Ball Lightning","floor":28},{"not_picked":["Gash","Glacier"],"picked":"Defragment+1","floor":29},{"not_picked":["Leap","Streamline"],"picked":"Redo+1","floor":30},{"not_picked":["Heatsinks+1","Streamline"],"picked":"Lockon","floor":31},{"not_picked":["Multi-Cast","Biased Cognition+1"],"picked":"Amplify","floor":33},{"not_picked":["Chill","Barrage"],"picked":"Fusion+1","floor":35},{"not_picked":["Reinforced Body+1","Barrage+1"],"picked":"White Noise+1","floor":36},{"not_picked":["Steam+1","Rebound","Sweeping Beam"],"picked":"SKIP","floor":37},{"not_picked":["Conserve Battery+1","Rebound+1"],"picked":"Double Energy+1","floor":38},{"not_picked":["Stack+1","Hologram"],"picked":"Capacitor+1","floor":39},{"not_picked":["Self Repair+1","Streamline"],"picked":"Skim+1","floor":41},{"not_picked":["Double Energy","Doom and Gloom+1"],"picked":"Reprogram","floor":42},{"not_picked":["Steam Power","Barrage"],"picked":"Fission","floor":48}],"player_experience":54925,"relics_obtained":[{"floor":8,"key":"Gambling Chip"},{"floor":9,"key":"Frozen Egg 2"},{"floor":10,"key":"Blood Vial"},{"floor":13,"key":"Anchor"},{"floor":19,"key":"Enchiridion"},{"floor":23,"key":"Juzu Bracelet"},{"floor":26,"key":"Strawberry"},{"floor":27,"key":"White Beast Statue"},{"floor":29,"key":"Pear"},{"floor":31,"key":"Torii"},{"floor":36,"key":"Unceasing Top"},{"floor":41,"key":"HornCleat"},{"floor":43,"key":"War Paint"},{"floor":45,"key":"Smiling Mask"}],"event_choices":[{"damage_healed":0,"gold_gain":0,"player_choice":"Forge","damage_taken":0,"max_hp_gain":0,"max_hp_loss":0,"event_name":"Accursed Blacksmith","floor":2,"gold_loss":0,"cards_upgraded":["Consume"]},{"damage_healed":0,"gold_gain":0,"player_choice":"Entered Light","damage_taken":15,"max_hp_gain":0,"max_hp_loss":0,"event_name":"Shining Light","floor":6,"gold_loss":0,"cards_upgraded":["Beam Cell","Steam"]},{"damage_healed":0,"gold_gain":0,"player_choice":"Obtained Book","damage_taken":16,"max_hp_gain":0,"max_hp_loss":0,"event_name":"Cursed Tome","floor":19,"gold_loss":0},{"damage_healed":0,"gold_gain":0,"player_choice":"Fight","damage_taken":0,"max_hp_gain":0,"max_hp_loss":0,"event_name":"Mysterious Sphere","floor":36,"gold_loss":0},{"damage_healed":0,"gold_gain":0,"player_choice":"Ignored","damage_taken":0,"max_hp_gain":0,"max_hp_loss":0,"event_name":"NoteForYourself","floor":47,"gold_loss":0}],"is_beta":true,"boss_relics":[{"not_picked":["Black Star","Velvet Choker"],"picked":"Inserter"},{"not_picked":["Philosopher\u0027s Stone","Empty Cage"],"picked":"Coffee Dripper"}],"items_purged_floors":[],"is_endless":false,"potions_floor_spawned":[1,8,12,13,16,22,25,28,29,30,31,33,35,36,37,38,39,41,42,48],"ascension_level":0}