{"gold_per_floor":[13,29,42,59,71,106,122,122,191,191,191,171,203,216,216,312,312,332,332,332,431,3,31,31,57,57,74,90,124,124,137,137,241,291,303,403,422,472,472,498,63,63,63,91,107,126,126,126,126,126,126,126,1,33,33],"floor_reached":56,"playtime":4081,"items_purged":["Bash"],"score":1350,"play_id":"10df5f3f-f527-4f75-8822-8fcfb510f762","local_time":"20190928150711","is_ascension_mode":false,"campfire_choices":[{"data":"Juggernaut","floor":8,"key":"SMITH"},{"data":"Juggernaut","floor":11,"key":"SMITH"},{"data":"Metallicize","floor":15,"key":"SMITH"},{"data":"Barricade","floor":24,"key":"SMITH"},{"data":"Intimidate","floor":30,"key":"SMITH"},{"data":"Berserk","floor":32,"key":"SMITH"},{"data":"Second Wind","floor":42,"key":"SMITH"},{"floor":47,"key":"RECALL"},{"data":"Madness","floor":49,"key":"SMITH"},{"data":"Body Slam","floor":52,"key":"SMITH"}],"neow_cost":"NO_GOLD","seed_source_timestamp":8455742712160,"circlet_count":0,"master_deck":["Strike_R+1","Strike_R+1","Strike_R+1","Defend_R+1","Defend_R+1","Defend_R+1","Defend_R+1","Juggernaut+1","Second Wind+1","Ghostly Armor","Juggernaut+1","Metallicize+1","Berserk+1","Feel No Pain","Metallicize","Armaments+1","Barricade+1","Iron Wave","Armaments+1","Seeing Red","Intimidate+1","Feel No Pain+1","Fiend Fire","True Grit","Rage+1","Anger+1","Power Through+1","Fire Breathing","Reckless Charge+1","Burning Pact","Metallicize","Discovery","True Grit+1","Body Slam+1","Madness+1","Madness","Feel No Pain","Metallicize"],"relics":["Burning Blood","Pantograph","Bottled Tornado","Meat on the Bone","Coffee Dripper","Oddly Smooth Stone","WingedGreaves","Toy Ornithopter","Pear","Tiny House","Mango","Bronze Scales","Art of War","Letter Opener","Whetstone","Strawberry"],"potions_floor_usage":[6,13,13,16,23,23,23,29,29,31,33,38,40,40,40,45,54,55,55],"damage_taken":[{"damage":5,"enemies":"Cultist","floor":1,"turns":4},{"damage":7,"enemies":"Small Slimes","floor":2,"turns":4},{"damage":4,"enemies":"2 Louse","floor":3,"turns":3},{"damage":22,"enemies":"Lots of Slimes","floor":4,"turns":6},{"damage":15,"enemies":"Large Slime","floor":5,"turns":7},{"damage":40,"enemies":"Lagavulin","floor":6,"turns":8},{"damage":9,"enemies":"Blue Slaver","floor":7,"turns":4},{"damage":9,"enemies":"Gremlin Nob","floor":13,"turns":5},{"damage":10,"enemies":"Looter","floor":14,"turns":3},{"damage":28,"enemies":"Slime Boss","floor":16,"turns":7},{"damage":19,"enemies":"2 Thieves","floor":18,"turns":4},{"damage":59,"enemies":"Slavers","floor":23,"turns":5},{"damage":25,"enemies":"Gremlin Leader","floor":25,"turns":8},{"damage":0,"enemies":"Chosen","floor":27,"turns":4},{"damage":5,"enemies":"Snake Plant","floor":28,"turns":4},{"damage":23,"enemies":"Slavers","floor":29,"turns":3},{"damage":11,"enemies":"Sentry and Sphere","floor":31,"turns":5},{"damage":8,"enemies":"Champ","floor":33,"turns":10},{"damage":1,"enemies":"Orb Walker","floor":35,"turns":4},{"damage":3,"enemies":"3 Shapes","floor":37,"turns":4},{"damage":54,"enemies":"2 Orb Walkers","floor":38,"turns":6},{"damage":16,"enemies":"Nemesis","floor":40,"turns":7},{"damage":4,"enemies":"Giant Head","floor":44,"turns":12},{"damage":8,"enemies":"Maw","floor":45,"turns":7},{"damage":6,"enemies":"3 Darklings","floor":46,"turns":4},{"damage":25,"enemies":"Time Eater","floor":50,"turns":8},{"damage":84,"enemies":"Shield and Spear","floor":54,"turns":8},{"damage":67,"enemies":"The Heart","floor":55,"turns":10}],"seed_played":"-7369676355533048957","potions_obtained":[{"floor":3,"key":"SkillPotion"},{"floor":6,"key":"SpeedPotion"},{"floor":7,"key":"Swift Potion"},{"floor":12,"key":"GamblersBrew"},{"floor":13,"key":"Explosive Potion"},{"floor":16,"key":"BloodPotion"},{"floor":27,"key":"EssenceOfSteel"},{"floor":28,"key":"AttackPotion"},{"floor":29,"key":"SkillPotion"},{"floor":31,"key":"PowerPotion"},{"floor":33,"key":"Swift Potion"},{"floor":34,"key":"EntropicBrew"},{"floor":35,"key":"Ancient Potion"},{"floor":40,"key":"Energy Potion"},{"floor":45,"key":"Fruit Juice"}],"is_trial":false,"path_per_floor":["M","M","M","M","M","E","M","R","T","?","R","?","E","M","R","B",null,"M","?","?","?","$","E","R","E","T","M","M","E","R","M","R","B",null,"M","?","M","?","?","E","$","R","T","E","M","M","R","?","R","B",null,"R","$","E","B",null],"character_chosen":"IRONCLAD","items_purchased":["Metallicize","Oddly Smooth Stone","Armaments","LiquidBronze","Art of War","Reckless Charge","Burning Pact","Metallicize","Discovery","Feel No Pain","PowerPotion"],"campfire_rested":0,"item_purchase_floors":[22,22,22,22,41,41,41,41,41,53,53],"current_hp_per_floor":[80,79,80,64,55,21,18,18,18,18,18,18,15,23,23,38,80,67,52,52,52,52,28,28,21,21,39,52,67,67,67,67,95,100,100,100,100,71,71,76,76,76,76,78,86,86,86,71,71,77,119,119,119,65,51],"gold":33,"neow_bonus":"THREE_RARE_CARDS","is_prod":false,"is_daily":false,"chose_seed":false,"campfire_upgraded":9,"win_rate":0,"timestamp":1569640031,"path_taken":["M","M","M","M","?","E","M","R","T","?","R","?","E","?","R","BOSS","M","?","?","?","$","E","R","E","T","?","M","E","R","M","R","BOSS","M","?","?","?","?","E","?","R","T","E","?","M","R","?","R","BOSS","R","$","E","BOSS"],"build_version":"2019-09-27","purchased_purges":1,"victory":true,"max_hp_per_floor":[80,80,80,80,80,80,80,80,80,80,80,80,80,80,80,80,80,80,85,85,85,85,85,85,85,85,85,85,95,95,95,95,95,100,100,100,100,114,114,114,114,114,114,114,119,119,119,119,119,119,119,119,119,126,126],"card_choices":[{"not_picked":["Dark Embrace","Brutality"],"picked":"Juggernaut","floor":0},{"not_picked":["Pommel Strike","Wild Strike"],"picked":"Second Wind","floor":1},{"not_picked":["Wild Strike","Clothesline","Spot Weakness"],"picked":"SKIP","floor":2},{"not_picked":["Warcry","Fiend Fire","Dropkick"],"picked":"SKIP","floor":3},{"not_picked":["Thunderclap","Sword Boomerang","Heavy Blade"],"picked":"SKIP","floor":4},{"not_picked":["Warcry","Thunderclap","Heavy Blade"],"picked":"SKIP","floor":5},{"not_picked":["Bloodletting","Corruption","Headbutt"],"picked":"SKIP","floor":6},{"not_picked":["Hemokinesis","Bludgeon"],"picked":"Ghostly Armor","floor":7},{"not_picked":["Havoc","Hemokinesis","Heavy Blade"],"picked":"SKIP","floor":13},{"not_picked":["Flame Barrier","Blood for Blood"],"picked":"Metallicize","floor":14},{"not_picked":["Feed","Reaper"],"picked":"Berserk","floor":16},{"not_picked":["Warcry","Burning Pact"],"picked":"Feel No Pain","floor":18},{"not_picked":["Wild Strike","Seeing Red"],"picked":"Barricade","floor":23},{"not_picked":["Perfected Strike+1","Barricade"],"picked":"Iron Wave","floor":25},{"not_picked":["Twin Strike","Evolve"],"picked":"Armaments+1","floor":27},{"not_picked":["Iron Wave","Cleave+1"],"picked":"Seeing Red","floor":28},{"not_picked":["Bloodletting+1","Dark Embrace"],"picked":"Intimidate","floor":29},{"not_picked":["Cleave+1","Rampage"],"picked":"Feel No Pain+1","floor":31},{"not_picked":["Double Tap","Barricade"],"picked":"Fiend Fire","floor":33},{"not_picked":["Havoc","Spot Weakness"],"picked":"True Grit","floor":34},{"not_picked":["Wild Strike+1","Anger+1"],"picked":"Rage+1","floor":35},{"not_picked":["Heavy Blade","Searing Blow+1"],"picked":"Anger","floor":37},{"not_picked":["Shrug It Off","Wild Strike+1"],"picked":"Power Through+1","floor":38},{"not_picked":["Sentinel","Perfected Strike+1"],"picked":"Fire Breathing","floor":40},{"not_picked":["Sword Boomerang","True Grit","Burning Pact"],"picked":"SKIP","floor":44},{"not_picked":["Sword Boomerang","True Grit","Burning Pact"],"picked":"SKIP","floor":44},{"not_picked":["Exhume","Flex+1"],"picked":"True Grit+1","floor":45},{"not_picked":["Sever Soul","Anger"],"picked":"Body Slam","floor":46},{"not_picked":["Corruption+1","Thunderclap+1"],"picked":"Metallicize","floor":54}],"player_experience":117707,"relics_obtained":[{"floor":6,"key":"Pantograph"},{"floor":9,"key":"Bottled Tornado"},{"floor":13,"key":"Meat on the Bone"},{"floor":23,"key":"WingedGreaves"},{"floor":25,"key":"Toy Ornithopter"},{"floor":29,"key":"Pear"},{"floor":38,"key":"Mango"},{"floor":40,"key":"Bronze Scales"},{"floor":43,"key":"Letter Opener"},{"floor":44,"key":"Whetstone"},{"floor":54,"key":"Strawberry"}],"event_choices":[{"damage_healed":0,"gold_gain":0,"cards_transformed":["Strike_R"],"player_choice":"Change","damage_taken":0,"max_hp_gain":0,"max_hp_loss":0,"event_name":"Living Wall","floor":10,"gold_loss":0,"cards_obtained":["Juggernaut"]},{"damage_healed":0,"gold_gain":0,"player_choice":"Bought 1 Potion","damage_taken":0,"max_hp_gain":0,"max_hp_loss":0,"event_name":"The Woman in Blue","floor":12,"gold_loss":0},{"damage_healed":0,"gold_gain":0,"player_choice":"Shed Blood","damage_taken":20,"max_hp_gain":5,"max_hp_loss":0,"event_name":"Forgotten Altar","floor":19,"gold_loss":0},{"damage_healed":0,"gold_gain":0,"player_choice":"Simplicity","damage_taken":0,"max_hp_gain":0,"max_hp_loss":0,"event_name":"Back to Basics","floor":20,"gold_loss":0,"cards_upgraded":["Strike_R","Strike_R","Strike_R","Strike_R","Defend_R","Defend_R","Defend_R","Defend_R"]},{"damage_healed":0,"gold_gain":99,"player_choice":"Stole From Cult","damage_taken":0,"max_hp_gain":0,"max_hp_loss":0,"event_name":"Nest","floor":21,"gold_loss":0},{"damage_healed":0,"gold_gain":100,"player_choice":"Pray","damage_taken":0,"max_hp_gain":0,"max_hp_loss":0,"event_name":"Golden Shrine","floor":36,"gold_loss":0},{"damage_healed":0,"gold_gain":0,"player_choice":"Fight","damage_taken":0,"max_hp_gain":0,"max_hp_loss":0,"event_name":"Mysterious Sphere","floor":38,"gold_loss":0},{"cards_removed":["Strike_R"],"damage_healed":0,"gold_gain":0,"player_choice":"Removed Attack","damage_taken":0,"max_hp_gain":0,"max_hp_loss":0,"event_name":"Falling","floor":39,"gold_loss":0},{"damage_healed":0,"gold_gain":0,"player_choice":"Embrace Madness","damage_taken":15,"max_hp_gain":0,"max_hp_loss":0,"event_name":"Winding Halls","floor":48,"gold_loss":0,"cards_obtained":["Madness","Madness"]}],"is_beta":true,"boss_relics":[{"not_picked":["SlaversCollar","Runic Dome"],"picked":"Coffee Dripper"},{"not_picked":["Philosopher\u0027s Stone","Pandora\u0027s Box"],"picked":"Tiny House"}],"items_purged_floors":[22],"is_endless":false,"potions_floor_spawned":[3,6,7,13,16,27,28,29,31,33,35,40,45],"ascension_level":0}