{"gold_per_floor":[113,131,131,18,33,53,88,88,88,99,76,26,38,48,48,148,148],"floor_reached":17,"playtime":338,"items_purged":["Strike_B"],"score":159,"play_id":"470bcd64-3c37-49a3-8a6a-4e8a7e1614f9","local_time":"20191012095359","is_ascension_mode":false,"campfire_choices":[{"data":"Streamline","floor":15,"key":"SMITH"}],"neow_cost":"NONE","seed_source_timestamp":1166760255335700,"circlet_count":0,"master_deck":["Strike_B","Strike_B","Defend_B","Defend_B","Defend_B","Defend_B","Zap","Dualcast","Streamline+1","Glacier","Sunder","Loop","Barrage","Coolheaded","Loop","Gash","Multi-Cast","Biased Cognition","Sweeping Beam","Static Discharge","Melter","Streamline","Scrape"],"relics":["Cracked Core","NeowsBlessing","Mercury Hourglass","Thread and Needle","Torii","Orrery"],"potions_floor_usage":[16,16],"damage_taken":[{"damage":0,"enemies":"2 Louse","floor":1,"turns":1},{"damage":0,"enemies":"Jaw Worm","floor":2,"turns":1},{"damage":0,"enemies":"Small Slimes","floor":5,"turns":1},{"damage":12,"enemies":"3 Louse","floor":6,"turns":3},{"damage":20,"enemies":"Gremlin Nob","floor":7,"turns":5},{"damage":1,"enemies":"Red Slaver","floor":10,"turns":3},{"damage":0,"enemies":"Blue Slaver","floor":13,"turns":3},{"damage":2,"enemies":"Gremlin Gang","floor":14,"turns":3},{"damage":24,"enemies":"Slime Boss","floor":16,"turns":8}],"seed_played":"-726060728161100321","potions_obtained":[{"floor":2,"key":"Ancient Potion"},{"floor":5,"key":"FearPotion"},{"floor":14,"key":"Strength Potion"},{"floor":16,"key":"SkillPotion"}],"is_trial":false,"path_per_floor":["M","M","?","$","M","M","E","?","T","M","?","?","M","M","R","B",null],"character_chosen":"DEFECT","items_purchased":["Sunder"],"campfire_rested":0,"item_purchase_floors":[4],"current_hp_per_floor":[75,75,75,75,75,63,43,31,31,30,30,30,30,28,28,4,75],"gold":148,"neow_bonus":"THREE_ENEMY_KILL","is_prod":false,"is_daily":false,"chose_seed":false,"campfire_upgraded":1,"win_rate":0,"timestamp":1570866839,"path_taken":["M","M","?","$","M","M","E","?","T","M","?","?","M","M","R","BOSS"],"build_version":"2019-07-17","purchased_purges":1,"victory":false,"max_hp_per_floor":[75,75,75,75,75,75,75,75,75,75,75,75,75,75,75,75,75],"card_choices":[{"not_picked":["Go for the Eyes","Loop"],"picked":"Streamline","floor":1},{"not_picked":["Gash","Go for the Eyes"],"picked":"Glacier","floor":2},{"not_picked":["Beam Cell","Gash"],"picked":"Loop","floor":5},{"not_picked":["Steam","Blizzard"],"picked":"Barrage","floor":6},{"not_picked":["Streamline","Steam"],"picked":"Coolheaded","floor":7},{"not_picked":["Leap","Conserve Battery"],"picked":"Loop","floor":10},{"not_picked":["Capacitor","Sunder"],"picked":"Gash","floor":13},{"not_picked":["Redo","Cold Snap"],"picked":"Multi-Cast","floor":14},{"not_picked":["Meteor Strike","Core Surge"],"picked":"Biased Cognition","floor":16},{"not_picked":["Leap","Coolheaded"],"picked":"Sweeping Beam","floor":17},{"not_picked":["Compile Driver","Conserve Battery"],"picked":"Static Discharge","floor":17},{"not_picked":["Undo","Auto Shields"],"picked":"Melter","floor":17},{"not_picked":["Sweeping Beam","Turbo"],"picked":"Streamline","floor":17},{"not_picked":["Gash","Tempest"],"picked":"Scrape","floor":17}],"player_experience":466504,"relics_obtained":[{"floor":7,"key":"Mercury Hourglass"},{"floor":9,"key":"Torii"}],"event_choices":[{"damage_healed":0,"gold_gain":0,"player_choice":"Ignored","damage_taken":0,"max_hp_gain":0,"max_hp_loss":0,"event_name":"Liars Game","floor":3,"gold_loss":0},{"damage_healed":0,"gold_gain":0,"player_choice":"Success","damage_taken":12,"relics_obtained":["Thread and Needle"],"max_hp_gain":0,"max_hp_loss":0,"event_name":"Scrap Ooze","floor":8,"gold_loss":0},{"damage_healed":0,"gold_gain":0,"player_choice":"Left Gold","damage_taken":0,"max_hp_gain":0,"max_hp_loss":0,"event_name":"World of Goop","floor":11,"gold_loss":23},{"cards_removed":["Strike_B"],"damage_healed":0,"gold_gain":0,"player_choice":"Card Removal","damage_taken":0,"max_hp_gain":0,"max_hp_loss":0,"event_name":"The Cleric","floor":12,"gold_loss":50}],"is_beta":false,"boss_relics":[{"not_picked":["Eternal Feather","White Beast Statue"],"picked":"Orrery"}],"items_purged_floors":[4],"is_endless":false,"potions_floor_spawned":[2,5,14,16],"ascension_level":0}