{"gold_per_floor":[112,122,132,57,68,95,95,112,139,139,139,155,155],"floor_reached":13,"playtime":451,"items_purged":["Strike_B"],"score":174,"play_id":"94fe9dda-549b-4b69-8e60-2615adb046f9","local_time":"20191012085738","is_ascension_mode":true,"campfire_choices":[{"floor":7.0,"key":"REST"}],"neow_cost":"NONE","seed_source_timestamp":1163224497456500,"circlet_count":0,"master_deck":["AscendersBane","Strike_B","Strike_B","Strike_B","Defend_B","Defend_B","Defend_B","Defend_B","Zap","Dualcast","Self Repair","Capacitor","Loop","Stack","Steam","BootSequence","Hologram"],"special_seed":0,"relics":["Philosopher\u0027s Stone","Sundial","Pen Nib","Pear"],"potions_floor_usage":[8,12],"damage_taken":[{"damage":7.0,"enemies":"2 Louse","floor":1.0,"turns":3.0},{"damage":3.0,"enemies":"Jaw Worm","floor":2.0,"turns":3.0},{"damage":4.0,"enemies":"Small Slimes","floor":3.0,"turns":3.0},{"damage":6.0,"enemies":"Exordium Wildlife","floor":5.0,"turns":3.0},{"damage":38.0,"enemies":"Lagavulin","floor":6.0,"turns":8.0},{"damage":12,"enemies":"2 Fungi Beasts","floor":8,"turns":3},{"damage":27,"enemies":"Gremlin Gang","floor":12,"turns":5},{"damage":75,"enemies":"Gremlin Nob","floor":13,"turns":4}],"seed_played":"1914307447547313807","potions_obtained":[{"floor":1.0,"key":"Poison Potion"},{"floor":2.0,"key":"AttackPotion"},{"floor":6.0,"key":"Fire Potion"},{"floor":8,"key":"Explosive Potion"}],"is_trial":false,"path_per_floor":["M","M","M","$","M","E","R","M","T","?","T","M","E"],"character_chosen":"DEFECT","items_purchased":[],"campfire_rested":1,"item_purchase_floors":[],"current_hp_per_floor":[57,61,64,64,65,34,55,50,50,55,65,45,0],"gold":155,"neow_bonus":"BOSS_RELIC","is_prod":false,"is_daily":false,"chose_seed":false,"campfire_upgraded":0,"win_rate":0,"timestamp":1570863458,"path_taken":["M","M","M","$","M","E","R","M","T","?","?","M","E"],"build_version":"2019-07-17","purchased_purges":1,"victory":false,"max_hp_per_floor":[71,71,71,71,71,71,71,71,71,76,86,86,86],"card_choices":[{"not_picked":["Turbo","Stack"],"picked":"Self Repair","floor":1.0},{"not_picked":["Genetic Algorithm","Hologram"],"picked":"Capacitor","floor":2.0},{"not_picked":["Hologram","Redo"],"picked":"Loop","floor":3.0},{"not_picked":["Go for the Eyes","Redo"],"picked":"Stack","floor":5.0},{"not_picked":["Rip and Tear","Compile Driver"],"picked":"Steam","floor":6.0},{"not_picked":["Redo","Beam Cell"],"picked":"BootSequence","floor":8},{"not_picked":["Double Energy","Multi-Cast"],"picked":"Hologram","floor":12}],"player_experience":463509,"relics_obtained":[{"floor":6.0,"key":"Sundial"},{"floor":9,"key":"Pen Nib"},{"floor":11,"key":"Pear"}],"event_choices":[{"damage_healed":0,"gold_gain":0,"player_choice":"Donut","damage_taken":0,"max_hp_gain":5,"max_hp_loss":0,"event_name":"Big Fish","floor":10,"gold_loss":0}],"is_beta":false,"boss_relics":[],"items_purged_floors":[4],"is_endless":false,"potions_floor_spawned":[1,2,6,8],"killed_by":"Gremlin Nob","ascension_level":20}