{"gold_per_floor":[115,115,131,155,178,211,224,263,286,311,311,327,327,366,366,487,487,511,534,559,35,73,109,109,153,153,197,197,221,252,252,252,377,377,400,414,414,414,450,485,508,27,27,152,152,152,165,46,46,46,46,46,46,115,115],"floor_reached":56,"playtime":5309,"items_purged":["Strike_G","Strike_G"],"score":1326,"play_id":"f15f0ee1-19fc-426f-923c-c07aadc18714","local_time":"20190921162525","is_ascension_mode":true,"campfire_choices":[{"data":"A Thousand Cuts","floor":15,"key":"SMITH"},{"data":"Bullet Time","floor":24,"key":"SMITH"},{"data":"Blade Dance","floor":28,"key":"SMITH"},{"data":"Cloak And Dagger","floor":32,"key":"SMITH"},{"data":"Infinite Blades","floor":46,"key":"SMITH"},{"floor":49,"key":"RECALL"},{"data":"Transmutation","floor":52,"key":"SMITH"}],"neow_cost":"NONE","seed_source_timestamp":11755296977224,"circlet_count":0,"master_deck":["Strike_G","Strike_G","Strike_G+1","Defend_G","Defend_G","Defend_G","Survivor","Neutralize+1","Quick Slash+1","Slice","Dash","Slice","Blade Dance+1","Masterful Stab","Die Die Die","Slice","Well Laid Plans","Distraction","A Thousand Cuts+1","Bullet Time+1","CurseOfTheBell","Footwork+1","PiercingWail+1","Cloak And Dagger+1","Finesse","Blade Dance+1","Acrobatics","Die Die Die","Cloak And Dagger+1","Acrobatics+1","Adrenaline","Well Laid Plans","Blade Dance+1","Dramatic Entrance","Transmutation+1","Mayhem+1","Outmaneuver+1","Prepared","Dramatic Entrance","Infinite Blades+1","Infinite Blades","Endless Agony"],"relics":["Ring of the Snake","Golden Idol","Smiling Mask","Toy Ornithopter","Potion Belt","Centennial Puzzle","Calling Bell","Happy Flower","Kunai","Bird Faced Urn","Anchor","Pen Nib","HandDrill","Red Mask","Vajra","Whetstone","Bronze Scales","Tough Bandages","HoveringKite","Juzu Bracelet","Shuriken","Bottled Tornado","CaptainsWheel","Oddly Smooth Stone"],"potions_floor_usage":[6,6,8,14,16,20,27,35,42,55,55,55,55,55],"damage_taken":[{"damage":1,"enemies":"2 Louse","floor":1,"turns":5},{"damage":0,"enemies":"Jaw Worm","floor":3,"turns":3},{"damage":4,"enemies":"Cultist","floor":4,"turns":4},{"damage":0,"enemies":"Blue Slaver","floor":5,"turns":3},{"damage":9,"enemies":"Lagavulin","floor":6,"turns":9},{"damage":0,"enemies":"Exordium Thugs","floor":7,"turns":4},{"damage":22,"enemies":"Gremlin Nob","floor":8,"turns":4},{"damage":0,"enemies":"2 Fungi Beasts","floor":10,"turns":1},{"damage":0,"enemies":"Lots of Slimes","floor":12,"turns":2},{"damage":1,"enemies":"3 Sentries","floor":14,"turns":5},{"damage":20,"enemies":"Hexaghost","floor":16,"turns":9},{"damage":0,"enemies":"Spheric Guardian","floor":18,"turns":3},{"damage":15,"enemies":"2 Thieves","floor":19,"turns":3},{"damage":20,"enemies":"Sentry and Sphere","floor":20,"turns":4},{"damage":0,"enemies":"Masked Bandits","floor":22,"turns":2},{"damage":12,"enemies":"Gremlin Leader","floor":23,"turns":6},{"damage":5,"enemies":"Book of Stabbing","floor":25,"turns":6},{"damage":10,"enemies":"Gremlin Leader","floor":27,"turns":5},{"damage":0,"enemies":"Centurion and Healer","floor":29,"turns":2},{"damage":13,"enemies":"Book of Stabbing","floor":30,"turns":4},{"damage":3,"enemies":"Champ","floor":33,"turns":9},{"damage":0,"enemies":"3 Darklings","floor":35,"turns":3},{"damage":0,"enemies":"Orb Walker","floor":36,"turns":3},{"damage":15,"enemies":"Maw","floor":39,"turns":7},{"damage":8,"enemies":"Giant Head","floor":40,"turns":7},{"damage":1,"enemies":"Transient","floor":41,"turns":5},{"damage":3,"enemies":"Mind Bloom Boss Battle","floor":44,"turns":5},{"damage":11,"enemies":"4 Shapes","floor":47,"turns":2},{"damage":10,"enemies":"Donu and Deca","floor":50,"turns":4},{"damage":13,"enemies":"Shield and Spear","floor":54,"turns":3},{"damage":50,"enemies":"The Heart","floor":55,"turns":8}],"seed_played":"5039936948914197798","potions_obtained":[{"floor":3,"key":"SteroidPotion"},{"floor":5,"key":"SkillPotion"},{"floor":6,"key":"Energy Potion"},{"floor":10,"key":"Block Potion"},{"floor":14,"key":"Fire Potion"},{"floor":18,"key":"PowerPotion"},{"floor":23,"key":"Block Potion"},{"floor":29,"key":"SpeedPotion"},{"floor":30,"key":"Regen Potion"},{"floor":35,"key":"AttackPotion"},{"floor":36,"key":"PowerPotion"},{"floor":39,"key":"FearPotion"},{"floor":44,"key":"FearPotion"}],"is_trial":false,"path_per_floor":["M","?","M","M","M","E","M","E","T","M","?","M","?","E","R","B",null,"M","M","M","$","?","E","R","E","T","E","R","M","E","?","R","B",null,"M","M","?","?","M","E","M","$","T","?","?","R","M","$","R","B",null,"R","$","E","B",null],"character_chosen":"THE_SILENT","items_purchased":["Finesse","Anchor","Pen Nib","HandDrill","Shuriken","Dramatic Entrance","Fruit Juice","Endless Agony"],"campfire_rested":0,"item_purchase_floors":[21,21,21,21,42,42,42,48],"current_hp_per_floor":[69,65,65,61,61,52,52,30,30,30,17,17,17,21,21,6,65,65,50,41,41,41,35,35,34,34,35,35,39,32,65,65,64,65,65,65,55,55,52,54,63,70,70,70,70,70,59,59,59,61,70,70,70,57,56],"gold":115,"neow_bonus":"THREE_CARDS","is_prod":false,"is_daily":false,"chose_seed":false,"campfire_upgraded":6,"win_rate":0,"timestamp":1569039925,"path_taken":["M","?","M","M","M","E","M","E","T","M","?","?","?","E","R","BOSS","M","M","?","$","?","E","R","E","T","E","R","M","E","?","R","BOSS","M","M","?","?","M","E","M","$","T","?","?","R","M","?","R","BOSS","R","$","E","BOSS"],"build_version":"2019-09-20","purchased_purges":2,"victory":true,"max_hp_per_floor":[70,65,65,65,65,65,65,65,65,65,65,65,65,65,65,65,65,65,65,65,65,65,65,65,65,65,65,65,65,65,65,65,65,65,65,65,65,65,65,65,65,70,70,70,70,70,70,70,70,70,70,70,70,70,70],"card_choices":[{"not_picked":["Quick Slash","Masterful Stab"],"picked":"Heel Hook","floor":0},{"not_picked":["Poisoned Stab","Underhanded Strike"],"picked":"Quick Slash","floor":1},{"not_picked":["Sucker Punch","Dagger Throw"],"picked":"Slice","floor":3},{"not_picked":["Outmaneuver","Riddle With Holes"],"picked":"Dash","floor":4},{"not_picked":["Acrobatics","Noxious Fumes"],"picked":"Slice","floor":5},{"not_picked":["Footwork","Outmaneuver"],"picked":"Blade Dance","floor":6},{"not_picked":["Blur","Crippling Poison"],"picked":"Masterful Stab","floor":7},{"not_picked":["Malaise","Distraction"],"picked":"Die Die Die","floor":8},{"not_picked":["Flying Knee","Deadly Poison"],"picked":"Slice","floor":10},{"not_picked":["Catalyst","Terror"],"picked":"Well Laid Plans","floor":12},{"not_picked":["Glass Knife","Eviscerate"],"picked":"A Thousand Cuts","floor":14},{"not_picked":["Die Die Die","Burst"],"picked":"Bullet Time","floor":16},{"not_picked":["Dagger Throw","Catalyst"],"picked":"Footwork+1","floor":18},{"not_picked":["Eviscerate","Dagger Spray"],"picked":"PiercingWail+1","floor":19},{"not_picked":["PiercingWail","Eviscerate"],"picked":"Cloak And Dagger","floor":20},{"not_picked":["Bane","Deflect+1"],"picked":"Blade Dance+1","floor":22},{"not_picked":["Sucker Punch","Calculated Gamble"],"picked":"Acrobatics","floor":23},{"not_picked":["Poisoned Stab","Slice+1"],"picked":"Die Die Die","floor":25},{"not_picked":["Acrobatics+1","Deadly Poison"],"picked":"Cloak And Dagger+1","floor":27},{"not_picked":["Flying Knee","Poisoned Stab+1"],"picked":"Acrobatics+1","floor":29},{"not_picked":["Underhanded Strike","Poisoned Stab","Heel Hook"],"picked":"SKIP","floor":30},{"not_picked":["Venomology","Malaise"],"picked":"Adrenaline","floor":33},{"not_picked":["Bouncing Flask","Slice+1"],"picked":"Well Laid Plans","floor":35},{"not_picked":["Deflect+1","Poisoned Stab"],"picked":"Blade Dance+1","floor":36},{"not_picked":["Discovery","Panacea"],"picked":"Dramatic Entrance","floor":37},{"not_picked":["Flash of Steel","Mind Blast"],"picked":"Transmutation","floor":37},{"not_picked":["Blind","PanicButton"],"picked":"Mayhem","floor":37},{"not_picked":["Skewer","Underhanded Strike","Outmaneuver"],"picked":"SKIP","floor":39},{"not_picked":["Quick Slash","PiercingWail"],"picked":"Outmaneuver+1","floor":40},{"not_picked":["PiercingWail","Outmaneuver+1"],"picked":"Prepared","floor":41},{"not_picked":["Dagger Spray+1","Corpse Explosion"],"picked":"Infinite Blades","floor":44},{"not_picked":["Quick Slash+1","Cloak And Dagger+1"],"picked":"Infinite Blades","floor":47},{"not_picked":["Catalyst+1","Calculated Gamble","Crippling Poison"],"picked":"SKIP","floor":54}],"player_experience":80571,"relics_obtained":[{"floor":6,"key":"Smiling Mask"},{"floor":8,"key":"Toy Ornithopter"},{"floor":9,"key":"Potion Belt"},{"floor":14,"key":"Centennial Puzzle"},{"floor":17,"key":"Happy Flower"},{"floor":17,"key":"Kunai"},{"floor":17,"key":"Bird Faced Urn"},{"floor":22,"key":"Red Mask"},{"floor":23,"key":"Vajra"},{"floor":25,"key":"Whetstone"},{"floor":27,"key":"Bronze Scales"},{"floor":30,"key":"Tough Bandages"},{"floor":40,"key":"Juzu Bracelet"},{"floor":43,"key":"Bottled Tornado"},{"floor":44,"key":"CaptainsWheel"},{"floor":54,"key":"Oddly Smooth Stone"}],"event_choices":[{"damage_healed":0,"gold_gain":0,"player_choice":"Lose Max HP","damage_taken":0,"relics_obtained":["Golden Idol"],"max_hp_gain":0,"max_hp_loss":5,"event_name":"Golden Idol","floor":2,"gold_loss":0},{"damage_healed":0,"gold_gain":0,"player_choice":"Entered Light","damage_taken":13,"max_hp_gain":0,"max_hp_loss":0,"event_name":"Shining Light","floor":11,"gold_loss":0,"cards_upgraded":["Strike_G","Quick Slash"]},{"damage_healed":0,"gold_gain":0,"cards_transformed":["Defend_G"],"player_choice":"Transformed","damage_taken":0,"max_hp_gain":0,"max_hp_loss":0,"event_name":"Transmorgrifier","floor":13,"gold_loss":0,"cards_obtained":["Distraction"]},{"damage_healed":0,"gold_gain":0,"player_choice":"Fought Bandits","damage_taken":0,"max_hp_gain":0,"max_hp_loss":0,"event_name":"Masked Bandits","floor":22,"gold_loss":0},{"cards_removed":["Heel Hook"],"damage_healed":33,"gold_gain":0,"player_choice":"Offered Uncommon","damage_taken":0,"max_hp_gain":0,"max_hp_loss":0,"event_name":"Bonfire Elementals","floor":31,"gold_loss":0},{"damage_healed":0,"gold_gain":0,"player_choice":"Memory 3","damage_taken":10,"max_hp_gain":0,"max_hp_loss":0,"event_name":"SensoryStone","floor":37,"gold_loss":0},{"damage_healed":0,"gold_gain":0,"player_choice":"Upgraded","damage_taken":0,"max_hp_gain":0,"max_hp_loss":0,"event_name":"Upgrade Shrine","floor":38,"gold_loss":0,"cards_upgraded":["Mayhem"]},{"damage_healed":0,"gold_gain":0,"player_choice":"Fight","damage_taken":0,"max_hp_gain":0,"max_hp_loss":0,"event_name":"MindBloom","floor":44,"gold_loss":0},{"cards_removed":["Defend_G"],"damage_healed":0,"gold_gain":0,"player_choice":"Removed Skill","damage_taken":0,"max_hp_gain":0,"max_hp_loss":0,"event_name":"Falling","floor":45,"gold_loss":0}],"is_beta":true,"boss_relics":[{"not_picked":["Snecko Eye","Busted Crown"],"picked":"Calling Bell"},{"not_picked":["SacredBark","Sozu"],"picked":"HoveringKite"}],"items_purged_floors":[42,48],"is_endless":false,"potions_floor_spawned":[3,5,6,10,14,18,23,29,30,35,36,39,44],"ascension_level":1}