{"gold_per_floor":[111,128,146,421,1,26,50,72,84,113,125,162,192,239,251,361,373,403,428,440,462,487,499,538,565,577,616,34,51,51,82,82,186,186,206,206,220,230,78,113,113,143,143,0,0,0,28,42,42,42],"floor_reached":51,"playtime":5793,"items_purged":["Regret"],"score":1033,"play_id":"b23c5440-ee15-4e62-82a3-8c905ad610a6","local_time":"20191012222724","is_ascension_mode":true,"campfire_choices":[{"data":"Acrobatics","floor":11,"key":"SMITH"},{"data":"Adrenaline","floor":15,"key":"SMITH"},{"data":"Blur","floor":23,"key":"SMITH"},{"data":"Backflip","floor":30,"key":"SMITH"},{"data":"Catalyst","floor":32,"key":"SMITH"},{"data":"1","floor":41,"key":"LIFT"},{"data":"2","floor":45,"key":"LIFT"},{"data":"3","floor":49,"key":"LIFT"}],"neow_cost":"NONE","seed_source_timestamp":57949091901400,"circlet_count":0,"master_deck":["Strike_G","Strike_G","Strike_G","Strike_G","Defend_G","Defend_G","Defend_G","Defend_G","Survivor","Neutralize","Dash","Dash","Footwork","Poisoned Stab","Noxious Fumes","Well Laid Plans","Acrobatics+1","Dagger Spray","Adrenaline+1","Blur+1","Bane","Venomology","Crippling Poison","Dash+1","Bouncing Flask","Deflect","Dodge and Roll","Backflip+1","PiercingWail+1","Catalyst+1","Footwork","Leg Sweep+1","Envenom","Backflip","Acrobatics+1","Caltrops","Bane","Mind Blast","Backflip+1","Flechettes+1"],"relics":["Lizard Tail","Nunchaku","MawBank","Shuriken","Sundial","Art of War","Coffee Dripper","Oddly Smooth Stone","Centennial Puzzle","Pantograph","Sling","Potion Belt","Dodecahedron","Pen Nib","Girya","Lantern","Vajra","Red Mask","Dream Catcher"],"potions_floor_usage":[12,12,14,19,21,25,27,27,27,27,29,31,33,33,40,40,40,42,42,48,48,48,50],"damage_taken":[{"damage":1,"enemies":"Small Slimes","floor":1,"turns":4},{"damage":0,"enemies":"Cultist","floor":2,"turns":5},{"damage":0,"enemies":"2 Louse","floor":3,"turns":2},{"damage":13,"enemies":"Lagavulin","floor":6,"turns":9},{"damage":6,"enemies":"Lots of Slimes","floor":7,"turns":5},{"damage":1,"enemies":"Red Slaver","floor":8,"turns":4},{"damage":8,"enemies":"3 Louse","floor":10,"turns":5},{"damage":0,"enemies":"Gremlin Nob","floor":12,"turns":4},{"damage":5,"enemies":"2 Fungi Beasts","floor":13,"turns":3},{"damage":0,"enemies":"Lagavulin","floor":14,"turns":8},{"damage":7,"enemies":"Hexaghost","floor":16,"turns":10},{"damage":2,"enemies":"Chosen","floor":18,"turns":5},{"damage":5,"enemies":"3 Byrds","floor":19,"turns":5},{"damage":7,"enemies":"Shelled Parasite and Fungi","floor":21,"turns":6},{"damage":14,"enemies":"Snake Plant","floor":22,"turns":5},{"damage":12,"enemies":"Book of Stabbing","floor":24,"turns":6},{"damage":0,"enemies":"Centurion and Healer","floor":25,"turns":6},{"damage":0,"enemies":"Gremlin Leader","floor":27,"turns":8},{"damage":10,"enemies":"Sentry and Sphere","floor":29,"turns":7},{"damage":0,"enemies":"Book of Stabbing","floor":31,"turns":7},{"damage":5,"enemies":"Champ","floor":33,"turns":11},{"damage":27,"enemies":"3 Darklings","floor":35,"turns":6},{"damage":0,"enemies":"3 Shapes","floor":37,"turns":6},{"damage":6,"enemies":"Spire Growth","floor":38,"turns":4},{"damage":25,"enemies":"Reptomancer","floor":40,"turns":9},{"damage":3,"enemies":"Giant Head","floor":42,"turns":8},{"damage":25,"enemies":"Reptomancer","floor":47,"turns":7},{"damage":9,"enemies":"Transient","floor":48,"turns":5},{"damage":28,"enemies":"Time Eater","floor":50,"turns":12}],"seed_played":"-2920622181211198978","potions_obtained":[{"floor":3,"key":"SteroidPotion"},{"floor":6,"key":"Strength Potion"},{"floor":7,"key":"FearPotion"},{"floor":8,"key":"EssenceOfSteel"},{"floor":12,"key":"SpeedPotion"},{"floor":18,"key":"Poison Potion"},{"floor":29,"key":"Strength Potion"},{"floor":33,"key":"EssenceOfSteel"},{"floor":40,"key":"FearPotion"},{"floor":47,"key":"Dexterity Potion"}],"is_trial":false,"path_per_floor":["M","M","M","?","$","E","M","M","T","M","R","E","M","E","R","B",null,"M","M","?","M","M","R","E","M","T","E","$","M","R","E","R","B",null,"M","?","M","M","$","E","R","E","T","?","R","?","E","M","R","B",null],"character_chosen":"THE_SILENT","items_purchased":["Nunchaku","Poisoned Stab","Pantograph","Sling","Potion Belt","Pen Nib"],"campfire_rested":0,"item_purchase_floors":[5,5,28,28,28,39],"current_hp_per_floor":[69,69,69,69,69,56,50,49,49,41,41,41,36,36,36,29,70,68,63,63,56,42,42,30,30,30,30,30,20,20,20,20,40,70,43,43,43,37,37,12,12,9,9,9,9,9,23,14,14,11],"gold":42,"neow_bonus":"BOSS_RELIC","is_prod":false,"is_daily":false,"chose_seed":false,"campfire_upgraded":5,"win_rate":0,"timestamp":1570933644,"path_taken":["M","M","M","?","$","E","?","M","T","M","R","E","M","E","R","BOSS","M","M","?","?","M","R","E","M","T","E","$","?","R","E","R","BOSS","M","?","M","?","$","E","R","E","T","?","R","?","E","M","R","BOSS"],"build_version":"2019-07-17","purchased_purges":1,"victory":true,"max_hp_per_floor":[70,70,70,70,70,70,70,70,70,70,70,70,70,70,70,70,70,70,70,70,70,70,70,70,70,70,70,70,70,70,70,70,70,70,70,70,70,70,70,70,70,70,70,70,70,70,70,70,70,70],"card_choices":[{"not_picked":["Blade Dance","Dagger Throw"],"picked":"Dash","floor":1},{"not_picked":["Infinite Blades","Flying Knee"],"picked":"Dash","floor":2},{"not_picked":["Calculated Gamble","Poisoned Stab"],"picked":"Footwork","floor":3},{"not_picked":["All Out Attack","Deflect"],"picked":"Noxious Fumes","floor":6},{"not_picked":["Terror","Finisher"],"picked":"Well Laid Plans","floor":7},{"not_picked":["Blade Dance","Deadly Poison"],"picked":"Acrobatics","floor":8},{"not_picked":["Prepared","Dagger Throw"],"picked":"Dagger Spray","floor":10},{"not_picked":["Sucker Punch","Deadly Poison"],"picked":"Adrenaline","floor":12},{"not_picked":["Eviscerate","Dagger Throw"],"picked":"Blur","floor":13},{"not_picked":["Blade Dance","Accuracy"],"picked":"Bane","floor":14},{"not_picked":["Die Die Die","Malaise"],"picked":"Venomology","floor":16},{"not_picked":["Accuracy","Backstab"],"picked":"Crippling Poison","floor":18},{"not_picked":["Endless Agony","Cloak And Dagger"],"picked":"Dash+1","floor":19},{"not_picked":["Eviscerate","Slice+1"],"picked":"Deflect","floor":21},{"not_picked":["Prepared+1","Concentrate+1"],"picked":"Dodge and Roll","floor":22},{"not_picked":["Endless Agony","Cloak And Dagger"],"picked":"Backflip","floor":24},{"not_picked":["Flying Knee+1","Blur+1"],"picked":"PiercingWail+1","floor":25},{"not_picked":["Bane","All Out Attack"],"picked":"Catalyst","floor":27},{"not_picked":["Masterful Stab+1","Finisher+1"],"picked":"Footwork","floor":29},{"not_picked":["Eviscerate","Envenom"],"picked":"Leg Sweep+1","floor":31},{"not_picked":["Wraith Form v2","Tools of the Trade"],"picked":"Envenom","floor":33},{"not_picked":["Flying Knee","Outmaneuver+1"],"picked":"Backflip","floor":35},{"not_picked":["Quick Slash","Cloak And Dagger"],"picked":"Acrobatics+1","floor":37},{"not_picked":["Flying Knee","Infinite Blades"],"picked":"Caltrops","floor":38},{"not_picked":["Accuracy","Dagger Throw","Dagger Spray"],"picked":"SKIP","floor":40},{"not_picked":["Slice+1","Distraction+1"],"picked":"Bane","floor":42},{"not_picked":["Violence","Swift Strike"],"picked":"Mind Blast","floor":46},{"not_picked":["Backstab+1","Poisoned Stab+1"],"picked":"Backflip+1","floor":47},{"not_picked":["Poisoned Stab","Quick Slash+1"],"picked":"Flechettes+1","floor":48}],"player_experience":199197,"relics_obtained":[{"floor":6,"key":"MawBank"},{"floor":9,"key":"Shuriken"},{"floor":12,"key":"Sundial"},{"floor":14,"key":"Art of War"},{"floor":24,"key":"Oddly Smooth Stone"},{"floor":27,"key":"Centennial Puzzle"},{"floor":31,"key":"Dodecahedron"},{"floor":40,"key":"Girya"},{"floor":42,"key":"Lantern"},{"floor":43,"key":"Vajra"},{"floor":47,"key":"Dream Catcher"}],"event_choices":[{"damage_healed":0,"gold_gain":275,"player_choice":"Desecrate","damage_taken":0,"max_hp_gain":0,"max_hp_loss":0,"event_name":"Golden Shrine","floor":4,"gold_loss":0,"cards_obtained":["Regret"]},{"damage_healed":0,"gold_gain":0,"cards_transformed":["Strike_G"],"player_choice":"Transformed","damage_taken":0,"max_hp_gain":0,"max_hp_loss":0,"event_name":"Transmorgrifier","floor":20,"gold_loss":0,"cards_obtained":["Bouncing Flask"]},{"cards_removed":["Defend_G"],"damage_healed":0,"gold_gain":0,"player_choice":"Purged","damage_taken":0,"max_hp_gain":0,"max_hp_loss":0,"event_name":"Purifier","floor":36,"gold_loss":0},{"damage_healed":0,"gold_gain":0,"player_choice":"Paid","damage_taken":0,"relics_obtained":["Red Mask"],"max_hp_gain":0,"max_hp_loss":0,"event_name":"Tomb of Lord Red Mask","floor":44,"gold_loss":143},{"damage_healed":0,"gold_gain":0,"player_choice":"Memory 1","damage_taken":0,"max_hp_gain":0,"max_hp_loss":0,"event_name":"SensoryStone","floor":46,"gold_loss":0}],"is_beta":false,"boss_relics":[{"not_picked":["HoveringKite","Sozu"],"picked":"Coffee Dripper"},{"not_picked":["Velvet Choker","Orrery","Runic Pyramid"]}],"items_purged_floors":[5],"is_endless":false,"potions_floor_spawned":[3,6,7,8,12,18,21,22,29,33,40,47],"ascension_level":2}