{"gold_per_floor":[110,130,141,158,171,197,197,197,197,228,248,248,280,298,298,394,394,412,23,37,55,66,66],"floor_reached":23,"playtime":1634,"items_purged":[],"score":250,"play_id":"49a05d7d-f098-470d-8c26-ad3284a60590","local_time":"20191002222331","is_ascension_mode":true,"campfire_choices":[{"data":"Die Die Die","floor":8,"key":"SMITH"},{"data":"Noxious Fumes","floor":12,"key":"SMITH"},{"data":"Setup","floor":15,"key":"SMITH"}],"neow_cost":"TEN_PERCENT_HP_LOSS","seed_source_timestamp":37162711680533,"circlet_count":0,"master_deck":["Strike_G","Strike_G","Strike_G","Strike_G","Defend_G","Defend_G","Defend_G","Defend_G","Defend_G","Survivor","Neutralize","Die Die Die+1","Noxious Fumes+1","Setup+1","Blur","Prepared","Leg Sweep","Expertise","PiercingWail","Backflip","Acrobatics","Envenom","Noxious Fumes","Night Terror","Infinite Blades","Deadly Poison","Concentrate","Bane","Wraith Form v2"],"relics":["Ring of the Snake","Strawberry","Incense Burner","Darkstone Periapt","Lizard Tail","Coffee Dripper","Snake Skull"],"potions_floor_usage":[6,6,10,13,16,23],"damage_taken":[{"damage":0,"enemies":"Cultist","floor":1,"turns":3},{"damage":0,"enemies":"2 Louse","floor":2,"turns":3},{"damage":0,"enemies":"Small Slimes","floor":3,"turns":2},{"damage":3,"enemies":"Blue Slaver","floor":4,"turns":5},{"damage":4,"enemies":"2 Fungi Beasts","floor":5,"turns":4},{"damage":7,"enemies":"3 Sentries","floor":6,"turns":8},{"damage":14,"enemies":"Lagavulin","floor":10,"turns":13},{"damage":5,"enemies":"3 Louse","floor":11,"turns":2},{"damage":6,"enemies":"Gremlin Nob","floor":13,"turns":6},{"damage":1,"enemies":"Blue Slaver","floor":14,"turns":6},{"damage":3,"enemies":"Hexaghost","floor":16,"turns":15},{"damage":4,"enemies":"Shell Parasite","floor":18,"turns":8},{"damage":6,"enemies":"Spheric Guardian","floor":20,"turns":5},{"damage":21,"enemies":"Snake Plant","floor":21,"turns":4},{"damage":4,"enemies":"Centurion and Healer","floor":22,"turns":5},{"damage":79,"enemies":"Book of Stabbing","floor":23,"turns":7}],"seed_played":"5390224669624134759","potions_obtained":[{"floor":1,"key":"Block Potion"},{"floor":4,"key":"Block Potion"},{"floor":5,"key":"Ancient Potion"},{"floor":10,"key":"PowerPotion"},{"floor":14,"key":"Dexterity Potion"},{"floor":16,"key":"Energy Potion"}],"is_trial":false,"path_per_floor":["M","M","M","M","M","E","?","R","T","E","M","R","E","M","R","B",null,"M","$","M","M","M","E"],"character_chosen":"THE_SILENT","items_purchased":["Snake Skull","Night Terror","Infinite Blades","Deadly Poison"],"campfire_rested":0,"item_purchase_floors":[19,19,19,19],"current_hp_per_floor":[63,63,63,60,56,56,56,56,56,42,37,37,31,30,30,27,70,66,66,60,39,35,0],"gold":66,"neow_bonus":"THREE_RARE_CARDS","is_prod":false,"is_daily":false,"chose_seed":false,"campfire_upgraded":3,"win_rate":0,"timestamp":1570008211,"path_taken":["M","?","M","M","M","E","?","R","T","E","?","R","E","M","R","BOSS","M","$","M","?","M","E"],"build_version":"2019-10-01","purchased_purges":0,"victory":false,"max_hp_per_floor":[63,63,63,63,63,70,70,70,70,70,70,70,70,70,70,70,70,70,70,70,70,70,70],"card_choices":[{"not_picked":["Tools of the Trade","Adrenaline"],"picked":"Die Die Die","floor":0},{"not_picked":["Predator","Deadly Poison"],"picked":"Noxious Fumes","floor":1},{"not_picked":["Outmaneuver","Slice"],"picked":"Setup","floor":2},{"not_picked":["Flying Knee","Cloak And Dagger"],"picked":"Blur","floor":3},{"not_picked":["Dodge and Roll","Bane"],"picked":"Prepared","floor":4},{"not_picked":["Underhanded Strike","Outmaneuver","Skewer"],"picked":"SKIP","floor":5},{"not_picked":["Deflect","Bane"],"picked":"Leg Sweep","floor":6},{"not_picked":["A Thousand Cuts","Endless Agony"],"picked":"Expertise","floor":10},{"not_picked":["Sucker Punch","Riddle With Holes"],"picked":"PiercingWail","floor":11},{"not_picked":["PiercingWail","Cloak And Dagger"],"picked":"Backflip","floor":13},{"not_picked":["Dagger Throw","PiercingWail"],"picked":"Acrobatics","floor":14},{"not_picked":["Glass Knife","Storm of Steel"],"picked":"Envenom","floor":16},{"not_picked":["Backflip","Blade Dance"],"picked":"Noxious Fumes","floor":18},{"not_picked":["Dagger Spray","Quick Slash"],"picked":"Concentrate","floor":20},{"not_picked":["Blur+1","Calculated Gamble"],"picked":"Bane","floor":21},{"not_picked":["Slice","Bouncing Flask"],"picked":"Wraith Form v2","floor":22}],"player_experience":135835,"relics_obtained":[{"floor":6,"key":"Strawberry"},{"floor":9,"key":"Incense Burner"},{"floor":10,"key":"Darkstone Periapt"},{"floor":13,"key":"Lizard Tail"}],"event_choices":[{"cards_removed":["Strike_G"],"damage_healed":0,"gold_gain":0,"player_choice":"Purged","damage_taken":0,"max_hp_gain":0,"max_hp_loss":0,"event_name":"Purifier","floor":7,"gold_loss":0}],"is_beta":true,"boss_relics":[{"not_picked":["Fusion Hammer","Velvet Choker"],"picked":"Coffee Dripper"}],"items_purged_floors":[],"is_endless":false,"potions_floor_spawned":[1,4,5,10,14,16],"killed_by":"Book of Stabbing","ascension_level":3}