{"gold_per_floor":[112,262,280,280,61,92,112,112,139,139,139,153,181,199,199,273,273,286,302,302],"floor_reached":20,"playtime":1014,"items_purged":[],"score":368,"play_id":"e95ab06f-4b00-4bab-ae11-49f5c8e22dca","local_time":"20191012084000","is_ascension_mode":true,"campfire_choices":[{"data":"Genetic Algorithm","floor":8.0,"key":"SMITH"},{"floor":10.0,"key":"REST"},{"data":"Loop","floor":15.0,"key":"SMITH"}],"neow_cost":"PERCENT_DAMAGE","seed_source_timestamp":1161540759348800,"circlet_count":0,"master_deck":["AscendersBane","Strike_B","Strike_B+1","Strike_B","Strike_B+1","Defend_B","Defend_B","Defend_B","Defend_B","Zap","Dualcast","Hello World","Coolheaded","Glacier","Genetic Algorithm+1","Loop+1","Hyperbeam","Ball Lightning","Rainbow","Darkness","Loop"],"special_seed":0,"relics":["Cracked Core","Calipers","Lee\u0027s Waffle","Whetstone","Pen Nib","PreservedInsect","Runic Dome"],"potions_floor_usage":[19],"damage_taken":[{"damage":7.0,"enemies":"Jaw Worm","floor":1.0,"turns":4.0},{"damage":13.0,"enemies":"Small Slimes","floor":3.0,"turns":4.0},{"damage":51.0,"enemies":"Gremlin Nob","floor":6.0,"turns":6.0},{"damage":0.0,"enemies":"Cultist","floor":7.0,"turns":4.0},{"damage":1.0,"enemies":"2 Fungi Beasts","floor":12.0,"turns":4.0},{"damage":13.0,"enemies":"3 Sentries","floor":13.0,"turns":8.0},{"damage":4.0,"enemies":"Exordium Wildlife","floor":14.0,"turns":7.0},{"damage":25.0,"enemies":"The Guardian","floor":16.0,"turns":13.0},{"damage":27,"enemies":"3 Byrds","floor":18,"turns":6},{"damage":23,"enemies":"2 Thieves","floor":19,"turns":3},{"damage":17,"enemies":"Snake Plant","floor":20,"turns":1}],"seed_played":"3165016608661297464","potions_obtained":[{"floor":3.0,"key":"SpeedPotion"},{"floor":11.0,"key":"GamblersBrew"},{"floor":11.0,"key":"Block Potion"},{"floor":14.0,"key":"PowerPotion"},{"floor":16.0,"key":"Ancient Potion"},{"floor":18,"key":"Weak Potion"}],"is_trial":false,"path_per_floor":["M","?","M","?","$","E","M","R","T","R","?","M","E","M","R","B",null,"M","M","M"],"character_chosen":"DEFECT","items_purchased":["Lee\u0027s Waffle"],"campfire_rested":1,"item_purchase_floors":[5],"current_hp_per_floor":[39,39,26,26,78,27,27,27,27,50,50,49,36,32,32,7,60,33,10,0],"gold":302,"neow_bonus":"ONE_RARE_RELIC","is_prod":false,"is_daily":false,"chose_seed":false,"campfire_upgraded":2,"win_rate":0,"timestamp":1570862400,"path_taken":["M","?","M","?","$","E","M","R","T","R","?","M","E","M","R","BOSS","M","M","?"],"build_version":"2019-07-17","purchased_purges":0,"victory":false,"max_hp_per_floor":[71,71,71,71,78,78,78,78,78,78,78,78,78,78,78,78,78,78,78,78],"card_choices":[{"not_picked":["Redo","Scrape"],"picked":"Hello World","floor":1.0},{"not_picked":["Sweeping Beam","Ball Lightning"],"picked":"Coolheaded","floor":3.0},{"not_picked":["Compile Driver","BootSequence"],"picked":"Glacier","floor":6.0},{"not_picked":["Rebound","BootSequence"],"picked":"Genetic Algorithm","floor":7.0},{"not_picked":["Rebound","Double Energy"],"picked":"Loop","floor":12.0},{"not_picked":["Reprogram","Barrage"],"picked":"Hyperbeam","floor":13.0},{"not_picked":["Genetic Algorithm","Scrape"],"picked":"Ball Lightning","floor":14.0},{"not_picked":["Hyperbeam","Multi-Cast"],"picked":"Rainbow","floor":16.0},{"not_picked":["Beam Cell","Redo"],"picked":"Darkness","floor":18},{"not_picked":["Rebound","Compile Driver"],"picked":"Loop","floor":19}],"player_experience":461977,"relics_obtained":[{"floor":6.0,"key":"Whetstone"},{"floor":9.0,"key":"Pen Nib"},{"floor":13.0,"key":"PreservedInsect"}],"event_choices":[{"damage_healed":0.0,"max_hp_gain":0.0,"max_hp_loss":0.0,"gold_gain":150.0,"event_name":"Liars Game","player_choice":"AGREE","floor":2.0,"gold_loss":0.0,"damage_taken":0.0,"cards_obtained":["Doubt"]},{"cards_removed":["Doubt"],"damage_healed":0.0,"max_hp_gain":0.0,"max_hp_loss":0.0,"gold_gain":0.0,"event_name":"Living Wall","player_choice":"Forget","floor":4.0,"gold_loss":0.0,"damage_taken":0.0},{"damage_healed":0.0,"max_hp_gain":0.0,"max_hp_loss":0.0,"gold_gain":0.0,"event_name":"Lab","player_choice":"Got Potions","floor":11.0,"gold_loss":0.0,"damage_taken":0.0}],"is_beta":false,"boss_relics":[{"not_picked":["Runic Pyramid","Snecko Eye"],"picked":"Runic Dome"}],"items_purged_floors":[],"is_endless":false,"potions_floor_spawned":[3,12,14,16,18],"killed_by":"Snake Plant","ascension_level":20}