{"gold_per_floor":[116,126,126,139,139,170,185,185,185,216,3,29,29,45,45,148,148,168,179,194,40,40,40,70,70,96,109,109,128,28,62,62,159,159,176,193,193,193,241,241,40,40,40,71,85,95,95,110,110,110],"floor_reached":51,"playtime":4958,"items_purged":["Injury","Strike_R","Bash"],"score":785,"play_id":"87882f62-37d7-4dc8-97c9-c8dc45ab6aad","local_time":"20190912213324","is_ascension_mode":false,"campfire_choices":[{"data":"Armaments","floor":8,"key":"SMITH"},{"data":"Warcry","floor":15,"key":"SMITH"},{"data":"Feel No Pain","floor":23,"key":"SMITH"},{"data":"Body Slam","floor":25,"key":"SMITH"},{"data":"Impervious","floor":32,"key":"SMITH"},{"floor":40,"key":"REST"},{"data":"Body Slam","floor":47,"key":"SMITH"},{"floor":49,"key":"REST"}],"neow_cost":"CURSE","seed_source_timestamp":7625778777109,"circlet_count":0,"master_deck":["Defend_R","Defend_R","Defend_R","Defend_R","Feel No Pain+1","Metallicize","Battle Trance","Cleave","Sever Soul","Armaments+1","Metallicize","Shrug It Off","Secret Technique","Juggernaut+1","Impervious+1","Warcry+1","Barricade+1","Reckless Charge+1","True Grit","Body Slam+1","Metallicize+1","Entrench+1","True Grit+1","Second Wind","Dramatic Entrance","Mayhem+1","Finesse","Warcry+1","Second Wind","Rupture+1","Body Slam+1","Entrench","Parasite","Bloodletting+1","Bloodletting+1"],"relics":["Burning Blood","Mango","Toy Ornithopter","FossilizedHelix","Self Forming Clay","Orichalcum","Frozen Egg 2","SacredBark","Oddly Smooth Stone","Juzu Bracelet","Ginger","SlaversCollar","Peace Pipe","Paper Frog","Red Skull"],"potions_floor_usage":[10,16,16,24,33,33,39,50],"damage_taken":[{"damage":12,"enemies":"Small Slimes","floor":1,"turns":4},{"damage":11,"enemies":"2 Louse","floor":2,"turns":4},{"damage":4,"enemies":"Cultist","floor":4,"turns":4},{"damage":20,"enemies":"3 Sentries","floor":6,"turns":10},{"damage":0,"enemies":"3 Louse","floor":7,"turns":3},{"damage":10,"enemies":"Lagavulin","floor":10,"turns":12},{"damage":12,"enemies":"Gremlin Nob","floor":12,"turns":6},{"damage":5,"enemies":"Lots of Slimes","floor":14,"turns":4},{"damage":4,"enemies":"Hexaghost","floor":16,"turns":9},{"damage":0,"enemies":"Chosen","floor":18,"turns":4},{"damage":0,"enemies":"Spheric Guardian","floor":19,"turns":7},{"damage":0,"enemies":"Chosen and Byrds","floor":20,"turns":6},{"damage":37,"enemies":"Slavers","floor":24,"turns":10},{"damage":8,"enemies":"Centurion and Healer","floor":27,"turns":6},{"damage":7,"enemies":"Shelled Parasite and Fungi","floor":29,"turns":6},{"damage":38,"enemies":"Gremlin Leader","floor":31,"turns":10},{"damage":25,"enemies":"Collector","floor":33,"turns":8},{"damage":0,"enemies":"3 Shapes","floor":35,"turns":9},{"damage":0,"enemies":"Orb Walker","floor":36,"turns":4},{"damage":63,"enemies":"2 Orb Walkers","floor":39,"turns":6},{"damage":9,"enemies":"Reptomancer","floor":44,"turns":6},{"damage":0,"enemies":"Maw","floor":45,"turns":7},{"damage":0,"enemies":"Writhing Mass","floor":46,"turns":6},{"damage":40,"enemies":"Jaw Worm Horde","floor":48,"turns":5},{"damage":3,"enemies":"Donu and Deca","floor":50,"turns":8}],"seed_played":"-6526113421293062880","potions_obtained":[{"floor":2,"key":"Strength Potion"},{"floor":6,"key":"DuplicationPotion"},{"floor":7,"key":"Ancient Potion"},{"floor":10,"key":"SpeedPotion"},{"floor":14,"key":"Weak Potion"},{"floor":18,"key":"Weak Potion"},{"floor":24,"key":"PowerPotion"},{"floor":35,"key":"Strength Potion"},{"floor":46,"key":"Dexterity Potion"}],"is_trial":false,"path_per_floor":["M","M","?","M","?","E","M","R","T","E","$","E","?","M","R","B",null,"M","M","M","$","$","R","E","R","T","M","?","M","$","E","R","B",null,"M","M","?","?","?","R","$","?","T","E","M","M","R","M","R","B",null],"character_chosen":"IRONCLAD","items_purchased":["Shrug It Off","Secret Technique","Metallicize+1","Second Wind"],"campfire_rested":2,"item_purchase_floors":[11,11,21,41],"current_hp_per_floor":[88,83,83,85,85,71,77,77,77,78,78,72,72,73,73,85,94,94,94,94,94,94,94,68,68,68,66,66,65,65,33,33,24,94,94,94,84,84,32,60,60,60,60,57,63,69,69,35,63,71],"gold":110,"neow_bonus":"ONE_RARE_RELIC","is_prod":false,"is_daily":false,"chose_seed":false,"campfire_upgraded":6,"win_rate":0.0,"timestamp":1568280804,"path_taken":["M","M","?","M","?","E","?","R","T","E","$","E","?","M","R","BOSS","M","M","M","?","$","R","E","R","T","M","?","M","$","E","R","BOSS","M","M","?","?","?","R","?","?","T","E","M","M","R","M","R","BOSS"],"build_version":"2019-09-11","purchased_purges":3,"victory":true,"max_hp_per_floor":[94,94,94,94,94,94,94,94,94,94,94,94,94,94,94,94,94,94,94,94,94,94,94,94,94,94,94,94,94,94,94,94,94,94,94,94,94,94,94,94,94,94,94,94,94,94,94,94,94,94],"card_choices":[{"not_picked":["Ghostly Armor","Warcry"],"picked":"Feel No Pain","floor":1},{"not_picked":["Entrench","Flame Barrier"],"picked":"Metallicize","floor":2},{"not_picked":["Thunderclap","Iron Wave"],"picked":"Cleave","floor":4},{"not_picked":["Burning Pact","Blood for Blood"],"picked":"Sever Soul","floor":6},{"not_picked":["Headbutt","Body Slam"],"picked":"Armaments","floor":7},{"not_picked":["Sword Boomerang","Iron Wave"],"picked":"Metallicize","floor":10},{"not_picked":["Heavy Blade","Burning Pact"],"picked":"Juggernaut","floor":12},{"not_picked":["Clothesline","Carnage"],"picked":"Warcry","floor":14},{"not_picked":["Limit Break","Berserk+1"],"picked":"Barricade+1","floor":16},{"not_picked":["Thunderclap","Warcry"],"picked":"Reckless Charge+1","floor":18},{"not_picked":["Pummel","Headbutt"],"picked":"True Grit","floor":19},{"not_picked":["Searing Blow","Twin Strike"],"picked":"Body Slam","floor":20},{"not_picked":["Body Slam","True Grit"],"picked":"Entrench+1","floor":24},{"not_picked":["Armaments","Twin Strike"],"picked":"True Grit+1","floor":27},{"not_picked":["Fire Breathing+1","Anger+1"],"picked":"Second Wind","floor":29},{"not_picked":["True Grit","Limit Break","Clothesline"],"picked":"SKIP","floor":31},{"not_picked":["Hemokinesis","Heavy Blade+1","Blood for Blood"],"picked":"SKIP","floor":35},{"not_picked":["Sword Boomerang+1","Whirlwind+1","Uppercut+1"],"picked":"SKIP","floor":36},{"not_picked":["Metamorphosis","Jack Of All Trades"],"picked":"Dramatic Entrance","floor":37},{"not_picked":["Chrysalis","Jack Of All Trades"],"picked":"Mayhem+1","floor":37},{"not_picked":["Mayhem+1","Secret Weapon"],"picked":"Finesse","floor":37},{"not_picked":["Inflame+1","Twin Strike"],"picked":"Warcry+1","floor":39},{"not_picked":["Perfected Strike","Iron Wave"],"picked":"Body Slam","floor":44},{"not_picked":["Anger","Intimidate"],"picked":"Entrench","floor":45},{"not_picked":["Limit Break","Perfected Strike+1"],"picked":"Bloodletting+1","floor":46},{"not_picked":["Hemokinesis+1","Perfected Strike+1"],"picked":"Bloodletting+1","floor":48}],"player_experience":45552,"relics_obtained":[{"floor":6,"key":"FossilizedHelix"},{"floor":9,"key":"Self Forming Clay"},{"floor":10,"key":"Orichalcum"},{"floor":12,"key":"Frozen Egg 2"},{"floor":24,"key":"Oddly Smooth Stone"},{"floor":26,"key":"Juzu Bracelet"},{"floor":31,"key":"Ginger"},{"floor":39,"key":"Peace Pipe"},{"floor":43,"key":"Paper Frog"},{"floor":44,"key":"Red Skull"}],"event_choices":[{"damage_healed":0,"gold_gain":0,"cards_transformed":["Strike_R"],"player_choice":"Change","damage_taken":0,"max_hp_gain":0,"max_hp_loss":0,"event_name":"Living Wall","floor":3,"gold_loss":0,"cards_obtained":["Battle Trance"]},{"damage_healed":0,"gold_gain":0,"player_choice":"Gave Potion","damage_taken":0,"relics_obtained":["Toy Ornithopter"],"max_hp_gain":0,"max_hp_loss":0,"event_name":"WeMeetAgain","floor":5,"gold_loss":0},{"damage_healed":0,"gold_gain":0,"cards_transformed":["Strike_R"],"player_choice":"Transformed","damage_taken":0,"max_hp_gain":0,"max_hp_loss":0,"event_name":"Transmorgrifier","floor":13,"gold_loss":0,"cards_obtained":["Impervious"]},{"cards_removed":["Strike_R"],"damage_healed":0,"gold_gain":0,"player_choice":"Elegance","damage_taken":0,"max_hp_gain":0,"max_hp_loss":0,"event_name":"Back to Basics","floor":28,"gold_loss":0},{"damage_healed":0,"gold_gain":0,"player_choice":"Memory 3","damage_taken":10,"max_hp_gain":0,"max_hp_loss":0,"event_name":"SensoryStone","floor":37,"gold_loss":0},{"damage_healed":0,"gold_gain":0,"player_choice":"Ignored","damage_taken":0,"max_hp_gain":0,"max_hp_loss":0,"event_name":"Tomb of Lord Red Mask","floor":38,"gold_loss":0},{"damage_healed":0,"gold_gain":0,"player_choice":"Fight","damage_taken":0,"max_hp_gain":0,"max_hp_loss":0,"event_name":"Mysterious Sphere","floor":39,"gold_loss":0},{"damage_healed":0,"gold_gain":0,"cards_transformed":["Strike_R"],"player_choice":"Transformed","damage_taken":0,"max_hp_gain":0,"max_hp_loss":0,"event_name":"Transmorgrifier","floor":42,"gold_loss":0,"cards_obtained":["Rupture"]}],"is_beta":true,"boss_relics":[{"not_picked":["Ectoplasm","Runic Dome"],"picked":"SacredBark"},{"not_picked":["Runic Pyramid","Mark of Pain"],"picked":"SlaversCollar"}],"items_purged_floors":[21,30,41],"is_endless":false,"potions_floor_spawned":[2,6,7,10,14,18,24,35,46],"ascension_level":0}