{"gold_per_floor":[113,113,127,137,137,137,166,177,202,277,277,311,322,352,352,352],"floor_reached":16,"playtime":819,"items_purged":[],"score":138,"play_id":"48d6eab0-ef9e-4f49-bdbc-61f71e310b85","local_time":"20190930205634","is_ascension_mode":true,"campfire_choices":[{"data":"Corpse Explosion","floor":6,"key":"SMITH"},{"floor":11,"key":"REST"},{"data":"Catalyst","floor":15,"key":"SMITH"}],"neow_cost":"TEN_PERCENT_HP_LOSS","seed_source_timestamp":32837437739502,"circlet_count":0,"master_deck":["Strike_G","Strike_G+1","Strike_G","Strike_G","Strike_G","Defend_G","Defend_G","Defend_G+1","Defend_G","Defend_G","Survivor","Neutralize","Corpse Explosion+1","Expertise","Blur","Leg Sweep","Poisoned Stab","PiercingWail","Catalyst+1","After Image"],"relics":["Ring of the Snake","InkBottle","Centennial Puzzle","Happy Flower","Bird Faced Urn","Bag of Marbles"],"potions_floor_usage":[12,14,16,16,16],"damage_taken":[{"damage":1,"enemies":"Small Slimes","floor":1,"turns":5},{"damage":1,"enemies":"Jaw Worm","floor":3,"turns":4},{"damage":0,"enemies":"2 Louse","floor":4,"turns":3},{"damage":6,"enemies":"3 Sentries","floor":7,"turns":3},{"damage":3,"enemies":"Looter","floor":8,"turns":3},{"damage":15,"enemies":"Gremlin Nob","floor":12,"turns":4},{"damage":0,"enemies":"3 Louse","floor":13,"turns":2},{"damage":2,"enemies":"3 Sentries","floor":14,"turns":7},{"damage":18,"enemies":"Slime Boss","floor":16,"turns":13}],"seed_played":"4756441352234821137","potions_obtained":[{"floor":1,"key":"SkillPotion"},{"floor":3,"key":"PowerPotion"},{"floor":12,"key":"Explosive Potion"},{"floor":13,"key":"PowerPotion"},{"floor":14,"key":"SkillPotion"}],"is_trial":false,"path_per_floor":["M","?","M","M","?","R","E","M","T","?","R","E","M","E","R","B"],"character_chosen":"THE_SILENT","items_purchased":[],"campfire_rested":1,"item_purchase_floors":[],"current_hp_per_floor":[62,44,43,43,30,30,24,21,21,10,28,13,13,15,15,0],"gold":352,"neow_bonus":"THREE_RARE_CARDS","is_prod":false,"is_daily":false,"chose_seed":false,"campfire_upgraded":2,"win_rate":0,"timestamp":1569830194,"path_taken":["M","?","M","M","?","R","E","M","T","?","R","E","M","E","R","BOSS"],"build_version":"2019-09-27","purchased_purges":0,"victory":false,"max_hp_per_floor":[63,63,63,63,63,63,63,63,63,63,63,63,63,63,63,63],"card_choices":[{"not_picked":["Unload","A Thousand Cuts"],"picked":"Corpse Explosion","floor":0},{"not_picked":["Prepared","Bane"],"picked":"Expertise","floor":1},{"not_picked":["Deflect","Choke"],"picked":"Blur","floor":3},{"not_picked":["Acrobatics","Heel Hook"],"picked":"Leg Sweep","floor":4},{"not_picked":["Acrobatics","Dagger Throw"],"picked":"Poisoned Stab","floor":7},{"not_picked":["Backflip","Terror"],"picked":"PiercingWail","floor":8},{"not_picked":["PiercingWail","Cloak And Dagger"],"picked":"Catalyst","floor":12},{"not_picked":["Deadly Poison","Eviscerate"],"picked":"After Image","floor":13},{"not_picked":["Expertise","Sucker Punch","Deflect"],"picked":"SKIP","floor":14}],"player_experience":130619,"relics_obtained":[{"floor":7,"key":"Centennial Puzzle"},{"floor":9,"key":"Happy Flower"},{"floor":12,"key":"Bird Faced Urn"},{"floor":14,"key":"Bag of Marbles"}],"event_choices":[{"damage_healed":0,"gold_gain":0,"player_choice":"Success","damage_taken":18,"relics_obtained":["InkBottle"],"max_hp_gain":0,"max_hp_loss":0,"event_name":"Scrap Ooze","floor":2,"gold_loss":0},{"damage_healed":0,"gold_gain":0,"player_choice":"Entered Light","damage_taken":13,"max_hp_gain":0,"max_hp_loss":0,"event_name":"Shining Light","floor":5,"gold_loss":0,"cards_upgraded":["Defend_G","Strike_G"]},{"damage_healed":0,"gold_gain":75,"player_choice":"Gather Gold","damage_taken":11,"max_hp_gain":0,"max_hp_loss":0,"event_name":"World of Goop","floor":10,"gold_loss":0}],"is_beta":true,"boss_relics":[],"items_purged_floors":[],"is_endless":false,"potions_floor_spawned":[1,3,12,13,14],"killed_by":"Slime Boss","ascension_level":3}