{"gold_per_floor":[112,129,54,72,72,72,102,102,102,130,142,153,168,93,93,166,166,176,176,195,213,226,226,259,20,46,46,76,88,122,135,135,213,213,228,246,246,246,246,246,246,276,276,276,307,307,307,332,332,332,332,332,332,19,48,48],"floor_reached":56,"playtime":7115,"items_purged":["Strike_B","Strike_B","Defend_B"],"score":1956,"play_id":"9a433bf3-aaa0-4e0a-9ec4-1490374801f5","local_time":"20191011234216","is_ascension_mode":true,"campfire_choices":[{"data":"Zap","floor":6,"key":"SMITH"},{"data":"Compile Driver","floor":8,"key":"SMITH"},{"data":"Defend_B","floor":15,"key":"SMITH"},{"floor":23,"key":"REST"},{"floor":27,"key":"REST"},{"data":"Capacitor","floor":32,"key":"SMITH"},{"data":"Echo Form","floor":40,"key":"SMITH"},{"floor":44,"key":"RECALL"},{"floor":46,"key":"DIG"},{"floor":49,"key":"DIG"},{"floor":53,"key":"DIG"}],"neow_cost":"NONE","seed_source_timestamp":18296783420000,"circlet_count":0,"master_deck":["AscendersBane","Defend_B+1","Defend_B+1","Defend_B","Zap+1","Dualcast","Compile Driver+1","Chill","Compile Driver","Barrage","Hologram+1","Core Surge","Echo Form+1","Go for the Eyes","Self Repair","Cold Snap","Capacitor+1","Doom and Gloom","Blind","FTL","BootSequence+1","Creative AI","Compile Driver","Master of Strategy","Cold Snap+1"],"relics":["Cracked Core","DataDisk","Shuriken","Mummified Hand","Nunchaku","Runic Pyramid","WingedGreaves","Happy Flower","Shovel","Cursed Key","War Paint","Regal Pillow","Pear","Bottled Lightning","Art of War","Symbiotic Virus","Bronze Scales"],"potions_floor_usage":[22,30,35,55,56,56],"damage_taken":[{"damage":0,"enemies":"Small Slimes","floor":1,"turns":2},{"damage":2,"enemies":"2 Louse","floor":2,"turns":2},{"damage":0,"enemies":"Cultist","floor":4,"turns":3},{"damage":18,"enemies":"Lagavulin","floor":7,"turns":6},{"damage":2,"enemies":"3 Sentries","floor":10,"turns":12},{"damage":16,"enemies":"Exordium Thugs","floor":11,"turns":4},{"damage":0,"enemies":"3 Louse","floor":12,"turns":3},{"damage":1,"enemies":"Looter","floor":13,"turns":2},{"damage":15,"enemies":"The Guardian","floor":16,"turns":11},{"damage":15,"enemies":"3 Byrds","floor":18,"turns":5},{"damage":16,"enemies":"2 Thieves","floor":20,"turns":3},{"damage":13,"enemies":"Snake Plant","floor":21,"turns":4},{"damage":14,"enemies":"Shelled Parasite and Fungi","floor":22,"turns":3},{"damage":17,"enemies":"Gremlin Leader","floor":24,"turns":6},{"damage":19,"enemies":"Slavers","floor":28,"turns":7},{"damage":11,"enemies":"Snecko","floor":29,"turns":4},{"damage":17,"enemies":"Book of Stabbing","floor":30,"turns":5},{"damage":0,"enemies":"Snake Plant","floor":31,"turns":5},{"damage":1,"enemies":"Champ","floor":33,"turns":12},{"damage":14,"enemies":"3 Darklings","floor":35,"turns":4},{"damage":0,"enemies":"Orb Walker","floor":36,"turns":4},{"damage":1,"enemies":"Nemesis","floor":42,"turns":5},{"damage":42,"enemies":"Reptomancer","floor":45,"turns":10},{"damage":8,"enemies":"Nemesis","floor":48,"turns":9},{"damage":33,"enemies":"Donu and Deca","floor":50,"turns":8},{"damage":30,"enemies":"Time Eater","floor":51,"turns":10},{"damage":49,"enemies":"Shield and Spear","floor":55,"turns":8},{"damage":50,"enemies":"The Heart","floor":56,"turns":3}],"seed_played":"823262169766693929","potions_obtained":[{"floor":2,"key":"Ancient Potion"},{"floor":12,"key":"FocusPotion"},{"floor":16,"key":"FocusPotion"},{"floor":21,"key":"SteroidPotion"},{"floor":24,"key":"Dexterity Potion"},{"floor":29,"key":"PowerPotion"},{"floor":31,"key":"SkillPotion"},{"floor":35,"key":"PowerPotion"},{"floor":55,"key":"GamblersBrew"}],"is_trial":false,"path_per_floor":["M","M","?","M","?","R","E","R","T","E","M","M","M","$","R","B",null,"M","?","M","M","M","R","E","$","T","R","E","M","E","M","R","B",null,"M","M","T","$","$","R","?","E","T","R","E","R","?","E","R","B","B",null,"R","$","E","B"],"character_chosen":"DEFECT","items_purchased":["Doom and Gloom","Blind","Master of Strategy"],"campfire_rested":2,"item_purchase_floors":[25,25,54],"current_hp_per_floor":[64,62,62,62,67,67,49,49,49,47,31,31,30,30,30,15,61,46,46,30,17,10,32,22,22,22,44,32,35,32,46,46,59,72,72,76,76,76,76,76,72,72,72,72,44,54,54,60,60,41,18,66,66,66,24,0],"gold":48,"neow_bonus":"RANDOM_COMMON_RELIC","is_prod":false,"is_daily":false,"chose_seed":false,"campfire_upgraded":5,"win_rate":0,"timestamp":1570830136,"path_taken":["M","M","?","M","?","R","E","R","T","E","M","M","M","$","R","BOSS","M","?","M","M","M","R","E","$","T","R","E","M","E","M","R","BOSS","M","M","?","?","$","R","?","E","T","R","E","R","?","E","R","BOSS","BOSS","R","$","E","BOSS"],"build_version":"2019-07-17","purchased_purges":3,"victory":false,"max_hp_per_floor":[71,71,71,71,76,76,76,76,76,76,76,76,76,76,76,76,76,76,76,76,76,76,76,76,76,76,76,76,76,76,76,76,76,76,76,76,76,76,76,76,72,72,72,72,72,82,82,82,82,82,82,82,82,82,82,82],"card_choices":[{"not_picked":["Beam Cell","Go for the Eyes"],"picked":"Compile Driver","floor":1},{"not_picked":["Auto Shields","Gash"],"picked":"Chill","floor":2},{"not_picked":["Reprogram","Conserve Battery","Streamline"],"picked":"SKIP","floor":4},{"not_picked":["Heatsinks","Streamline"],"picked":"Compile Driver","floor":7},{"not_picked":["Heatsinks","Rip and Tear"],"picked":"Barrage","floor":10},{"not_picked":["Stack","Compile Driver"],"picked":"Hologram","floor":11},{"not_picked":["Steam","Chill"],"picked":"Core Surge","floor":12},{"not_picked":["Barrage","Leap","Steam Power"],"picked":"SKIP","floor":13},{"not_picked":["Meteor Strike","Multi-Cast"],"picked":"Echo Form","floor":16},{"not_picked":["Compile Driver","Beam Cell"],"picked":"Go for the Eyes","floor":18},{"not_picked":["Stack","Gash"],"picked":"Core Surge","floor":20},{"not_picked":["Conserve Battery","Hello World"],"picked":"Self Repair","floor":21},{"not_picked":["Recycle","Double Energy"],"picked":"Cold Snap","floor":22},{"not_picked":["Doom and Gloom","Loop"],"picked":"Capacitor","floor":24},{"not_picked":["Hologram","Gash","Rebound"],"picked":"SKIP","floor":28},{"not_picked":["Undo","Hologram"],"picked":"FTL","floor":29},{"not_picked":["Skim+1","Redo"],"picked":"BootSequence+1","floor":30},{"not_picked":["Barrage","Conserve Battery+1","Redo"],"picked":"SKIP","floor":31},{"not_picked":["Electrodynamics","Multi-Cast"],"picked":"Creative AI","floor":33},{"not_picked":["Redo","Aggregate+1","Barrage"],"picked":"SKIP","floor":35},{"not_picked":["Go for the Eyes","Ball Lightning","Stack"],"picked":"SKIP","floor":36},{"not_picked":["Doom and Gloom+1","Darkness","Aggregate"],"picked":"SKIP","floor":42},{"not_picked":["Meteor Strike","Barrage","Chaos"],"picked":"SKIP","floor":45},{"not_picked":["Hello World","BootSequence+1"],"picked":"Compile Driver","floor":48},{"not_picked":["Hologram","Go for the Eyes"],"picked":"Cold Snap+1","floor":55}],"player_experience":1482015,"relics_obtained":[{"floor":7,"key":"Shuriken"},{"floor":9,"key":"Mummified Hand"},{"floor":10,"key":"Nunchaku"},{"floor":24,"key":"WingedGreaves"},{"floor":28,"key":"Happy Flower"},{"floor":30,"key":"Shovel"},{"floor":42,"key":"War Paint"},{"floor":45,"key":"Regal Pillow"},{"floor":46,"key":"Pear"},{"floor":48,"key":"Bottled Lightning"},{"floor":49,"key":"Art of War"},{"floor":53,"key":"Symbiotic Virus"},{"floor":55,"key":"Bronze Scales"}],"event_choices":[{"cards_removed":["Strike_B"],"damage_healed":0,"gold_gain":0,"player_choice":"Card Removal","damage_taken":0,"max_hp_gain":0,"max_hp_loss":0,"event_name":"The Cleric","floor":3,"gold_loss":75},{"damage_healed":0,"gold_gain":0,"player_choice":"Donut","damage_taken":0,"max_hp_gain":5,"max_hp_loss":0,"event_name":"Big Fish","floor":5,"gold_loss":0},{"cards_removed":["Strike_B"],"damage_healed":0,"gold_gain":0,"player_choice":"Purged","damage_taken":0,"max_hp_gain":0,"max_hp_loss":0,"event_name":"Purifier","floor":19,"gold_loss":0},{"damage_healed":0,"gold_gain":0,"player_choice":"Max HP","damage_taken":0,"max_hp_gain":0,"max_hp_loss":4,"event_name":"Winding Halls","floor":41,"gold_loss":0},{"cards_removed":["Core Surge"],"damage_healed":0,"gold_gain":0,"player_choice":"Removed Attack","damage_taken":0,"max_hp_gain":0,"max_hp_loss":0,"event_name":"Falling","floor":47,"gold_loss":0}],"is_beta":false,"boss_relics":[{"not_picked":["Lizard Tail","Busted Crown"],"picked":"Runic Pyramid"},{"not_picked":["Eternal Feather","Black Star"],"picked":"Cursed Key"}],"items_purged_floors":[14,25,54],"is_endless":false,"potions_floor_spawned":[2,12,13,16,21,24,28,29,31,35,45,55],"killed_by":"The Heart","ascension_level":20}