{"gold_per_floor":[112,130,52,52,52,52,83,258,258,30,30,54,74,74,74,199,199,218,133,133,133,147,187,187,226,226,226,240,240,279,300,300,429,429,442,442,458,67,80,80,98,112,138,138,177,193,206,221,221,221],"floor_reached":51,"playtime":1329,"items_purged":["Doubt"],"score":817,"play_id":"b3d07d10-878a-4f6b-9768-f07be6aff1d3","local_time":"20191012160421","is_ascension_mode":false,"campfire_choices":[{"data":"Zap","floor":6,"key":"SMITH"},{"data":"Loop","floor":11,"key":"SMITH"},{"data":"Defragment","floor":15,"key":"SMITH"},{"floor":24,"key":"REST"},{"floor":27,"key":"REST"},{"data":"Sunder","floor":29,"key":"SMITH"},{"data":"Tempest","floor":32,"key":"SMITH"},{"data":"Chill","floor":40,"key":"SMITH"},{"data":"Chill","floor":44,"key":"SMITH"},{"floor":49,"key":"REST"}],"neow_cost":"NONE","seed_source_timestamp":1187983549247100,"circlet_count":0,"master_deck":["Defend_B","Defend_B","Defend_B","Zap+1","Dualcast","Barrage","Sweeping Beam","Chill+1","Loop+1","Tempest+1","Melter","Defragment+1","Barrage","Steam","Rip and Tear","Cold Snap","Chill+1","Sunder+1","Cold Snap","Blizzard+1","Go for the Eyes+1","Gash+1","Hologram+1","Cold Snap+1","Static Discharge+1","Echo Form","Conserve Battery+1","Stack+1","Coolheaded+1","Double Energy+1","Gash+1","Mind Blast+1","Chaos+1","Redo+1","Redo+1","Gash+1","Thunder Strike+1","Chill","Stack+1","Gash+1","Loop+1"],"relics":["Cracked Core","NeowsBlessing","Golden Idol","Bronze Scales","Prayer Wheel","Boot","Empty Cage","Potion Belt","Art of War","Molten Egg 2","Anchor","Singing Bowl","Red Mask","Philosopher\u0027s Stone","Mercury Hourglass","Orichalcum","Bottled Flame"],"potions_floor_usage":[16,16,30,33,39,45,45,50,50],"damage_taken":[{"damage":0,"enemies":"Cultist","floor":1,"turns":1},{"damage":0,"enemies":"Small Slimes","floor":2,"turns":1},{"damage":0,"enemies":"Gremlin Nob","floor":7,"turns":1},{"damage":0,"enemies":"2 Louse","floor":12,"turns":2},{"damage":6,"enemies":"Large Slime","floor":13,"turns":4},{"damage":25,"enemies":"Hexaghost","floor":16,"turns":5},{"damage":16,"enemies":"Shell Parasite","floor":18,"turns":6},{"damage":4,"enemies":"Chosen","floor":22,"turns":4},{"damage":43,"enemies":"Slavers","floor":23,"turns":3},{"damage":7,"enemies":"Gremlin Leader","floor":25,"turns":6},{"damage":6,"enemies":"Snake Plant","floor":28,"turns":4},{"damage":10,"enemies":"Masked Bandits","floor":30,"turns":3},{"damage":0,"enemies":"Cultist and Chosen","floor":31,"turns":5},{"damage":32,"enemies":"Automaton","floor":33,"turns":7},{"damage":5,"enemies":"3 Shapes","floor":35,"turns":2},{"damage":2,"enemies":"Orb Walker","floor":37,"turns":3},{"damage":18,"enemies":"Maw","floor":39,"turns":7},{"damage":0,"enemies":"Spire Growth","floor":41,"turns":4},{"damage":10,"enemies":"Jaw Worm Horde","floor":42,"turns":4},{"damage":20,"enemies":"Reptomancer","floor":45,"turns":4},{"damage":30,"enemies":"Maw","floor":46,"turns":6},{"damage":1,"enemies":"Transient","floor":47,"turns":5},{"damage":7,"enemies":"Sphere and 2 Shapes","floor":48,"turns":4},{"damage":33,"enemies":"Donu and Deca","floor":50,"turns":7}],"seed_played":"6671183659194047901","potions_obtained":[{"floor":12,"key":"Energy Potion"},{"floor":13,"key":"Fire Potion"},{"floor":22,"key":"PowerPotion"},{"floor":25,"key":"GamblersBrew"},{"floor":31,"key":"AttackPotion"},{"floor":33,"key":"Energy Potion"},{"floor":39,"key":"Explosive Potion"},{"floor":41,"key":"SpeedPotion"},{"floor":42,"key":"Explosive Potion"},{"floor":45,"key":"SpeedPotion"},{"floor":47,"key":"Strength Potion"}],"is_trial":false,"path_per_floor":["M","M","$","?","?","R","E","?","T","$","R","M","M","?","R","B",null,"M","?","T","?","M","E","R","E","T","R","M","R","?","M","R","B",null,"M","?","M","$","M","R","M","M","T","R","E","M","M","M","R","B",null],"character_chosen":"DEFECT","items_purchased":["Chill","Boot","Mercury Hourglass","Gash+1","Mind Blast+1"],"campfire_rested":3,"item_purchase_floors":[3,10,38,38,38],"current_hp_per_floor":[75,75,75,80,60,60,60,60,60,60,60,60,54,47,47,22,80,64,64,64,64,60,17,41,34,34,58,52,52,42,44,44,12,82,77,92,90,90,72,72,74,66,66,66,46,16,17,12,42,9],"gold":221,"neow_bonus":"THREE_ENEMY_KILL","is_prod":false,"is_daily":false,"chose_seed":false,"campfire_upgraded":7,"win_rate":0,"timestamp":1570889061,"path_taken":["M","M","$","?","?","R","E","?","T","$","R","M","M","?","R","BOSS","M","?","?","?","M","E","R","E","T","R","M","R","?","M","R","BOSS","M","?","?","$","M","R","M","M","T","R","E","M","M","M","R","BOSS"],"build_version":"2019-07-17","purchased_purges":1,"victory":true,"max_hp_per_floor":[75,75,75,80,80,80,80,80,80,80,80,80,80,80,80,80,80,80,80,80,80,80,80,80,80,80,80,80,80,80,82,82,82,82,82,92,92,92,92,92,94,96,96,96,96,96,98,100,100,100],"card_choices":[{"not_picked":["FTL","Go for the Eyes"],"picked":"Barrage","floor":1},{"not_picked":["Rebound","Double Energy"],"picked":"Sweeping Beam","floor":2},{"not_picked":["Sweeping Beam","Genetic Algorithm"],"picked":"Loop","floor":7},{"not_picked":["Fusion","Rip and Tear"],"picked":"Tempest","floor":12},{"not_picked":["Steam","Go for the Eyes"],"picked":"Melter","floor":12},{"not_picked":["Fusion","White Noise"],"picked":"Defragment","floor":13},{"not_picked":["Chill","Cold Snap"],"picked":"Barrage","floor":13},{"not_picked":["Seek","Reboot"],"picked":"Hyperbeam","floor":16},{"not_picked":["Skim","Sweeping Beam"],"picked":"Steam","floor":18},{"not_picked":["Sweeping Beam","Hologram"],"picked":"Rip and Tear","floor":18},{"not_picked":["Chaos","Streamline+1"],"picked":"Sunder","floor":22},{"not_picked":["Gash","Hello World"],"picked":"Cold Snap","floor":22},{"not_picked":["Leap","Chaos"],"picked":"Blizzard","floor":23},{"not_picked":["Conserve Battery","Sweeping Beam+1"],"picked":"Go for the Eyes+1","floor":25},{"not_picked":["Go for the Eyes+1","Steam+1"],"picked":"Gash+1","floor":28},{"not_picked":["Rebound+1","Fission"],"picked":"Hologram+1","floor":28},{"not_picked":["Barrage+1","Recycle+1"],"picked":"Cold Snap+1","floor":30},{"not_picked":["Steam+1","Leap"],"picked":"Static Discharge+1","floor":31},{"not_picked":["Force Field+1","Barrage+1","Static Discharge"],"picked":"Singing Bowl","floor":31},{"not_picked":["Meteor Strike+1","Machine Learning"],"picked":"Echo Form","floor":33},{"not_picked":["Leap","Skim"],"picked":"Conserve Battery+1","floor":35},{"not_picked":["Cold Snap+1","Reinforced Body"],"picked":"Stack+1","floor":35},{"not_picked":["Rebound+1","Skim"],"picked":"Coolheaded+1","floor":37},{"not_picked":["Stack","Consume+1"],"picked":"Double Energy+1","floor":37},{"not_picked":["Cold Snap+1","Rip and Tear+1"],"picked":"Chaos+1","floor":39},{"not_picked":["Auto Shields","Streamline+1"],"picked":"Redo+1","floor":39},{"not_picked":["Sweeping Beam+1","Skim"],"picked":"Redo+1","floor":41},{"not_picked":["Turbo+1","Steam+1","Go for the Eyes+1"],"picked":"Singing Bowl","floor":41},{"not_picked":["Heatsinks+1","Compile Driver+1","Aggregate"],"picked":"Singing Bowl","floor":42},{"not_picked":["Multi-Cast","White Noise"],"picked":"Gash+1","floor":42},{"not_picked":["Turbo","Beam Cell+1"],"picked":"Thunder Strike+1","floor":45},{"not_picked":["Beam Cell+1","Sweeping Beam+1"],"picked":"Chill","floor":46},{"not_picked":["Static Discharge","Coolheaded"],"picked":"Stack+1","floor":46},{"not_picked":["Reinforced Body","Sweeping Beam+1"],"picked":"Gash+1","floor":47},{"not_picked":["Go for the Eyes+1","Conserve Battery+1","Undo+1"],"picked":"Singing Bowl","floor":47},{"not_picked":["Force Field","Tempest"],"picked":"Loop+1","floor":48},{"not_picked":["Barrage+1","Turbo+1","Beam Cell+1"],"picked":"Singing Bowl","floor":48}],"player_experience":472229,"relics_obtained":[{"floor":7,"key":"Bronze Scales"},{"floor":9,"key":"Prayer Wheel"},{"floor":20,"key":"Art of War"},{"floor":23,"key":"Molten Egg 2"},{"floor":25,"key":"Anchor"},{"floor":26,"key":"Singing Bowl"},{"floor":30,"key":"Red Mask"},{"floor":43,"key":"Orichalcum"},{"floor":45,"key":"Bottled Flame"}],"event_choices":[{"damage_healed":0,"gold_gain":0,"player_choice":"Donut","damage_taken":0,"max_hp_gain":5,"max_hp_loss":0,"event_name":"Big Fish","floor":4,"gold_loss":0},{"damage_healed":0,"gold_gain":0,"player_choice":"Take Damage","damage_taken":20,"relics_obtained":["Golden Idol"],"max_hp_gain":0,"max_hp_loss":0,"event_name":"Golden Idol","floor":5,"gold_loss":0},{"damage_healed":0,"gold_gain":175,"player_choice":"AGREE","damage_taken":0,"max_hp_gain":0,"max_hp_loss":0,"event_name":"Liars Game","floor":8,"gold_loss":0,"cards_obtained":["Doubt"]},{"cards_removed":["Strike_B"],"damage_healed":0,"gold_gain":0,"player_choice":"Card Removal","damage_taken":7,"max_hp_gain":0,"max_hp_loss":0,"event_name":"Golden Wing","floor":14,"gold_loss":0},{"damage_healed":0,"gold_gain":0,"player_choice":"Obtained Relic","damage_taken":0,"relics_obtained":["Potion Belt"],"max_hp_gain":0,"max_hp_loss":0,"event_name":"Addict","floor":19,"gold_loss":85},{"damage_healed":0,"gold_gain":0,"cards_transformed":["Defend_B","Strike_B"],"player_choice":"Became Test Subject","damage_taken":0,"max_hp_gain":0,"max_hp_loss":0,"event_name":"Drug Dealer","floor":21,"gold_loss":0,"cards_obtained":["Cold Snap","Chill"]},{"damage_healed":0,"gold_gain":0,"player_choice":"Fought Bandits","damage_taken":0,"max_hp_gain":0,"max_hp_loss":0,"event_name":"Masked Bandits","floor":30,"gold_loss":0},{"cards_removed":["Hyperbeam"],"damage_healed":5,"gold_gain":0,"player_choice":"Offered Rare","damage_taken":0,"max_hp_gain":10,"max_hp_loss":0,"event_name":"Bonfire Elementals","floor":36,"gold_loss":0}],"is_beta":false,"boss_relics":[{"not_picked":["Inserter","Calling Bell"],"picked":"Empty Cage"},{"not_picked":["Fusion Hammer","Lizard Tail"],"picked":"Philosopher\u0027s Stone"}],"items_purged_floors":[10],"is_endless":false,"potions_floor_spawned":[12,13,22,25,31,33,39,41,42,45,47],"ascension_level":0}