{"gold_per_floor":[115,130,130,130,148,148,204,222,246,259,278,291,291,291,291,389,389],"floor_reached":17,"playtime":299,"items_purged":[],"score":199,"play_id":"5dee915a-92ec-4d11-84b0-a932b3295af3","local_time":"20191012084914","is_ascension_mode":false,"campfire_choices":[{"data":"Sunder","floor":6,"key":"SMITH"},{"data":"Hello World","floor":13,"key":"SMITH"},{"data":"Lockon","floor":15,"key":"SMITH"}],"neow_cost":"NONE","seed_source_timestamp":1162915021411900,"circlet_count":0,"master_deck":["Strike_B+1","Strike_B","Strike_B+1","Defend_B","Defend_B","Defend_B+1","Defend_B","Zap+1","Dualcast","BootSequence","Sunder+1","Capacitor","Ball Lightning","Blizzard","Cold Snap","Lockon+1","Hello World+1","Buffer"],"relics":["Cracked Core","NeowsBlessing","Whetstone","Strawberry","Philosopher\u0027s Stone"],"potions_floor_usage":[16,16,16],"damage_taken":[{"damage":0,"enemies":"Cultist","floor":1,"turns":1},{"damage":0,"enemies":"2 Louse","floor":2,"turns":1},{"damage":0,"enemies":"Small Slimes","floor":5,"turns":1},{"damage":6,"enemies":"3 Sentries","floor":7,"turns":6},{"damage":0,"enemies":"Blue Slaver","floor":8,"turns":2},{"damage":0,"enemies":"2 Fungi Beasts","floor":10,"turns":1},{"damage":0,"enemies":"Large Slime","floor":11,"turns":3},{"damage":0,"enemies":"Exordium Wildlife","floor":12,"turns":2},{"damage":0,"enemies":"Slime Boss","floor":16,"turns":5}],"seed_played":"-7819524815785891357","potions_obtained":[{"floor":1,"key":"PowerPotion"},{"floor":5,"key":"Strength Potion"},{"floor":8,"key":"FocusPotion"}],"is_trial":false,"path_per_floor":["M","M","?","?","M","R","?","M","T","M","M","M","R","?","R","B",null],"character_chosen":"DEFECT","items_purchased":[],"campfire_rested":0,"item_purchase_floors":[],"current_hp_per_floor":[75,75,80,64,64,64,58,58,65,65,65,65,65,58,58,58,87],"gold":389,"neow_bonus":"THREE_ENEMY_KILL","is_prod":false,"is_daily":false,"chose_seed":false,"campfire_upgraded":3,"win_rate":0,"timestamp":1570862954,"path_taken":["M","M","?","?","M","R","?","M","T","?","M","M","R","?","R","BOSS"],"build_version":"2019-07-17","purchased_purges":0,"victory":false,"max_hp_per_floor":[75,75,80,80,80,80,80,80,87,87,87,87,87,87,87,87,87],"card_choices":[{"not_picked":["Skim","Auto Shields"],"picked":"BootSequence","floor":1},{"not_picked":["Go for the Eyes","Consume"],"picked":"Sunder","floor":2},{"not_picked":["Barrage","Go for the Eyes"],"picked":"Capacitor","floor":5},{"not_picked":["Conserve Battery","Compile Driver"],"picked":"Ball Lightning","floor":7},{"not_picked":["Hologram","Turbo"],"picked":"Blizzard","floor":8},{"not_picked":["Machine Learning","Gash"],"picked":"Cold Snap","floor":10},{"not_picked":["Redo","Gash"],"picked":"Lockon","floor":11},{"not_picked":["Turbo","Leap"],"picked":"Hello World","floor":12},{"not_picked":["Amplify","Echo Form"],"picked":"Buffer","floor":16}],"player_experience":463210,"relics_obtained":[{"floor":7,"key":"Whetstone"},{"floor":9,"key":"Strawberry"}],"event_choices":[{"damage_healed":0,"gold_gain":0,"player_choice":"Donut","damage_taken":0,"max_hp_gain":5,"max_hp_loss":0,"event_name":"Big Fish","floor":3,"gold_loss":0},{"damage_healed":0,"gold_gain":0,"player_choice":"Entered Light","damage_taken":16,"max_hp_gain":0,"max_hp_loss":0,"event_name":"Shining Light","floor":4,"gold_loss":0,"cards_upgraded":["Zap","Defend_B"]},{"damage_healed":0,"gold_gain":30,"player_choice":"Searched \u00273\u0027 times","damage_taken":0,"max_hp_gain":0,"max_hp_loss":0,"event_name":"Dead Adventurer","floor":7,"gold_loss":0},{"cards_removed":["Strike_B"],"damage_healed":0,"gold_gain":0,"player_choice":"Card Removal","damage_taken":7,"max_hp_gain":0,"max_hp_loss":0,"event_name":"Golden Wing","floor":14,"gold_loss":0}],"is_beta":false,"boss_relics":[{"not_picked":["Orrery","Inserter"],"picked":"Philosopher\u0027s Stone"}],"items_purged_floors":[],"is_endless":false,"potions_floor_spawned":[1,5,8,10,12],"ascension_level":0}