{"gold_per_floor":[112,112,112,37,56,56,86,97,168,168,6,24,43,54,54,156,156],"floor_reached":17,"playtime":298,"items_purged":["Strike_B"],"score":182,"play_id":"9d2a3d6f-f041-4300-90f4-0cbfc689a247","local_time":"20191012180312","is_ascension_mode":false,"campfire_choices":[{"data":"Defragment","floor":6.0,"key":"SMITH"},{"data":"Hyperbeam","floor":10.0,"key":"SMITH"},{"data":"Madness","floor":15,"key":"SMITH"}],"neow_cost":"NONE","seed_source_timestamp":1196141651770100,"circlet_count":0,"master_deck":["Strike_B","Strike_B","Strike_B","Defend_B","Defend_B","Defend_B","Defend_B","Zap","Dualcast","Rebound","Hyperbeam+1","Zap","Defragment+1","Electrodynamics","Gash","Madness+1","Loop","Consume","Rebound","Cold Snap","Buffer"],"special_seed":0,"relics":["Cracked Core","NeowsBlessing","Blood Vial","Question Card","Runic Dome"],"potions_floor_usage":[16],"damage_taken":[{"damage":0.0,"enemies":"2 Louse","floor":1.0,"turns":1.0},{"damage":0.0,"enemies":"Small Slimes","floor":5.0,"turns":1.0},{"damage":0.0,"enemies":"Gremlin Nob","floor":7.0,"turns":1.0},{"damage":0.0,"enemies":"Cultist","floor":8.0,"turns":2.0},{"damage":14.0,"enemies":"Exordium Wildlife","floor":12.0,"turns":3.0},{"damage":0,"enemies":"2 Fungi Beasts","floor":13,"turns":1},{"damage":10,"enemies":"Large Slime","floor":14,"turns":4},{"damage":23,"enemies":"The Guardian","floor":16,"turns":11}],"seed_played":"-5497243761521759562","potions_obtained":[{"floor":8.0,"key":"Poison Potion"},{"floor":13,"key":"Ancient Potion"},{"floor":14,"key":"Energy Potion"}],"is_trial":false,"path_per_floor":["M","?","?","$","M","R","E","M","T","R","$","M","M","M","R","B",null],"character_chosen":"DEFECT","items_purchased":["Madness","Loop"],"campfire_rested":0,"item_purchase_floors":[11,11],"current_hp_per_floor":[75,75,75,75,75,75,75,75,75,75,75,61,63,55,55,34,75],"gold":156,"neow_bonus":"THREE_ENEMY_KILL","is_prod":false,"is_daily":false,"chose_seed":false,"campfire_upgraded":3,"win_rate":0,"timestamp":1570896192,"path_taken":["M","?","?","$","M","R","E","M","T","R","$","M","M","?","R","BOSS"],"build_version":"2019-07-17","purchased_purges":1,"victory":false,"max_hp_per_floor":[75,75,75,75,75,75,75,75,75,75,75,75,75,75,75,75,75],"card_choices":[{"not_picked":["Leap","Redo"],"picked":"Rebound","floor":1.0},{"not_picked":["Beam Cell","Streamline"],"picked":"Defragment","floor":5.0},{"not_picked":["Go for the Eyes","Streamline"],"picked":"Electrodynamics","floor":7.0},{"not_picked":["Recycle","Conserve Battery"],"picked":"Gash","floor":8.0},{"not_picked":["Sweeping Beam","Cold Snap","Coolheaded"],"picked":"Consume","floor":12.0},{"not_picked":["Turbo","Consume","Force Field"],"picked":"Rebound","floor":13},{"not_picked":["Sweeping Beam","Redo","Hello World"],"picked":"Cold Snap","floor":14},{"not_picked":["Creative AI","Machine Learning","Meteor Strike"],"picked":"Buffer","floor":16}],"player_experience":477078,"relics_obtained":[{"floor":7.0,"key":"Blood Vial"},{"floor":9.0,"key":"Question Card"}],"event_choices":[{"damage_healed":0.0,"max_hp_gain":0.0,"max_hp_loss":0.0,"gold_gain":0.0,"event_name":"Golden Idol","player_choice":"Ignored","floor":2.0,"gold_loss":0.0,"damage_taken":0.0},{"damage_healed":0.0,"max_hp_gain":0.0,"max_hp_loss":0.0,"gold_gain":0.0,"event_name":"Match and Keep!","player_choice":"2 cards matched","floor":3.0,"gold_loss":0.0,"damage_taken":0.0,"cards_obtained":["Hyperbeam","Zap"]}],"is_beta":false,"boss_relics":[{"not_picked":["Nuclear Battery","Lizard Tail"],"picked":"Runic Dome"}],"items_purged_floors":[4],"is_endless":false,"potions_floor_spawned":[8,13,14],"ascension_level":0}