{"gold_per_floor":[113,113,126,142,155,155,189,208,255,267,297,309,338,365,377,494,506,529,32,48,63,81,81,98,98,121,0,0,10,10],"floor_reached":30,"playtime":1399,"items_purged":["Parasite"],"score":309,"play_id":"1784edc3-db6d-4f5c-a605-aa67f836aae4","local_time":"20191012173305","is_ascension_mode":true,"campfire_choices":[{"data":"Neutralize","floor":6,"key":"SMITH"},{"floor":10,"key":"REST"},{"floor":15,"key":"REST"},{"floor":23,"key":"REST"},{"floor":25,"key":"REST"}],"neow_cost":"CURSE","seed_source_timestamp":15212883914722,"circlet_count":0,"master_deck":["Strike_G","Strike_G","Strike_G","Strike_G","Strike_G","Defend_G","Defend_G","Defend_G","Defend_G","Defend_G","Survivor","Neutralize+1","Slice","Neutralize","Dash","Choke","Acrobatics","Envenom","Dagger Throw","Cloak And Dagger+1","Caltrops","Caltrops","Glass Knife","Backstab","Noxious Fumes","Sucker Punch","Catalyst+1","Escape Plan","Slice","Burst"],"relics":["Ring of the Snake","StoneCalendar","Anchor","MawBank","SacredBark","Lee\u0027s Waffle","Bronze Scales","MealTicket"],"potions_floor_usage":[7,16,16,18,18,20,24],"damage_taken":[{"damage":1,"enemies":"Small Slimes","floor":1,"turns":4},{"damage":0,"enemies":"Cultist","floor":3,"turns":4},{"damage":0,"enemies":"2 Louse","floor":4,"turns":3},{"damage":15,"enemies":"Lots of Slimes","floor":5,"turns":4},{"damage":27,"enemies":"Lagavulin","floor":7,"turns":7},{"damage":12,"enemies":"2 Fungi Beasts","floor":8,"turns":5},{"damage":21,"enemies":"Exordium Thugs","floor":11,"turns":6},{"damage":0,"enemies":"Lots of Slimes","floor":13,"turns":5},{"damage":0,"enemies":"Looter","floor":14,"turns":3},{"damage":7,"enemies":"Hexaghost","floor":16,"turns":9},{"damage":21,"enemies":"Spheric Guardian","floor":18,"turns":6},{"damage":8,"enemies":"Shell Parasite","floor":20,"turns":5},{"damage":16,"enemies":"Cultist and Chosen","floor":21,"turns":6},{"damage":36,"enemies":"Snecko","floor":22,"turns":5},{"damage":29,"enemies":"Shelled Parasite and Fungi","floor":24,"turns":5},{"damage":29,"enemies":"Snake Plant","floor":29,"turns":4},{"damage":32,"enemies":"Gremlin Leader","floor":30,"turns":6}],"seed_played":"-3745744414459140866","potions_obtained":[{"floor":1,"key":"PowerPotion"},{"floor":8,"key":"Swift Potion"},{"floor":11,"key":"GamblersBrew"},{"floor":14,"key":"SkillPotion"},{"floor":16,"key":"EssenceOfSteel"},{"floor":20,"key":"Poison Potion"}],"is_trial":false,"path_per_floor":["M","?","M","M","M","R","E","M","T","R","M","?","M","M","R","B",null,"M","$","M","M","M","R","M","R","T","?","?","M","E"],"character_chosen":"THE_SILENT","items_purchased":["Lee\u0027s Waffle","Bronze Scales","Noxious Fumes","Block Potion"],"campfire_rested":4,"item_purchase_floors":[19,19,19,19],"current_hp_per_floor":[62,62,62,62,47,47,20,8,8,29,8,8,8,8,29,22,58,37,74,66,50,14,36,7,29,29,29,53,24,0],"gold":10,"neow_bonus":"ONE_RARE_RELIC","is_prod":false,"is_daily":false,"chose_seed":false,"campfire_upgraded":1,"win_rate":0,"timestamp":1570854785,"path_taken":["M","?","M","M","?","R","E","M","T","R","M","?","M","M","R","BOSS","M","$","M","M","?","R","M","R","T","?","?","?","E"],"build_version":"2019-10-11","purchased_purges":1,"victory":false,"max_hp_per_floor":[70,70,70,70,70,70,70,70,70,70,70,70,70,70,70,70,70,70,74,74,74,74,74,74,74,74,74,74,74,74],"card_choices":[{"not_picked":["Deadly Poison","Flying Knee"],"picked":"Slice","floor":1},{"not_picked":["Underhanded Strike","Concentrate"],"picked":"Dash","floor":3},{"not_picked":["Setup","Calculated Gamble"],"picked":"Choke","floor":4},{"not_picked":["Dagger Spray","Reflex"],"picked":"Acrobatics","floor":5},{"not_picked":["Concentrate","Acrobatics"],"picked":"Envenom","floor":7},{"not_picked":["Heel Hook","Masterful Stab"],"picked":"Dagger Throw","floor":8},{"not_picked":["Quick Slash","Blade Dance"],"picked":"Cloak And Dagger","floor":11},{"not_picked":["Calculated Gamble","Outmaneuver"],"picked":"Caltrops","floor":13},{"not_picked":["Dagger Spray","Calculated Gamble"],"picked":"Caltrops","floor":14},{"not_picked":["Doppelganger","Phantasmal Killer"],"picked":"Glass Knife","floor":16},{"not_picked":["Deflect","Infinite Blades"],"picked":"Backstab","floor":18},{"not_picked":["Acrobatics","Deadly Poison"],"picked":"Sucker Punch","floor":20},{"not_picked":["Setup","PiercingWail"],"picked":"Catalyst+1","floor":21},{"not_picked":["Deadly Poison","Dash"],"picked":"Escape Plan","floor":22},{"not_picked":["Deadly Poison","Acrobatics"],"picked":"Slice","floor":24},{"not_picked":["Blade Dance","Deadly Poison"],"picked":"Burst","floor":29}],"player_experience":185506,"relics_obtained":[{"floor":7,"key":"Anchor"},{"floor":9,"key":"MawBank"},{"floor":26,"key":"MealTicket"}],"event_choices":[{"damage_healed":0,"gold_gain":0,"player_choice":"1 cards matched","damage_taken":0,"max_hp_gain":0,"max_hp_loss":0,"event_name":"Match and Keep!","floor":2,"gold_loss":0,"cards_obtained":["Neutralize"]},{"damage_healed":0,"gold_gain":0,"player_choice":"Forge","damage_taken":0,"max_hp_gain":0,"max_hp_loss":0,"event_name":"Accursed Blacksmith","floor":12,"gold_loss":0,"cards_upgraded":["Cloak And Dagger"]},{"damage_healed":0,"gold_gain":0,"player_choice":"Paid Fearfully","damage_taken":0,"max_hp_gain":0,"max_hp_loss":0,"event_name":"Masked Bandits","floor":27,"gold_loss":121},{"damage_healed":24,"gold_gain":0,"player_choice":"Heal","damage_taken":0,"max_hp_gain":0,"max_hp_loss":0,"event_name":"The Library","floor":28,"gold_loss":0}],"is_beta":true,"boss_relics":[{"not_picked":["Busted Crown","Ectoplasm"],"picked":"SacredBark"}],"items_purged_floors":[19],"is_endless":false,"potions_floor_spawned":[1,8,11,14,16,20],"killed_by":"Gremlin Leader","ascension_level":6}