{"gold_per_floor":[118,136,146,146,156,181,195,195],"floor_reached":8,"playtime":315,"items_purged":[],"score":69,"play_id":"99f2ad9a-1a1b-4f2b-aa74-b6c5cebd45be","local_time":"20191004224108","is_ascension_mode":true,"campfire_choices":[],"neow_cost":"NONE","seed_source_timestamp":37438594314283,"circlet_count":0,"master_deck":["Strike_G","Strike_G","Strike_G","Strike_G","Strike_G","Defend_G","Defend_G","Defend_G","Defend_G","Defend_G","Survivor","Neutralize","Distraction","Blade Dance","Regret","Catalyst","Envenom","Cloak And Dagger"],"relics":["Ring of the Snake","NeowsBlessing","Dead Branch","Pantograph"],"potions_floor_usage":[6],"damage_taken":[{"damage":0,"enemies":"Jaw Worm","floor":1,"turns":1},{"damage":0,"enemies":"Small Slimes","floor":2,"turns":1},{"damage":0,"enemies":"Cultist","floor":3,"turns":1},{"damage":12,"enemies":"2 Fungi Beasts","floor":5,"turns":4},{"damage":46,"enemies":"Gremlin Nob","floor":6,"turns":5},{"damage":4,"enemies":"3 Louse","floor":7,"turns":4},{"damage":9,"enemies":"3 Sentries","floor":8,"turns":3}],"seed_played":"5479362364065931502","potions_obtained":[{"floor":3,"key":"Block Potion"}],"is_trial":false,"path_per_floor":["M","M","M","?","M","E","M","E"],"character_chosen":"THE_SILENT","items_purchased":[],"campfire_rested":0,"item_purchase_floors":[],"current_hp_per_floor":[70,70,70,70,58,12,8,0],"gold":195,"neow_bonus":"THREE_ENEMY_KILL","is_prod":false,"is_daily":false,"chose_seed":false,"campfire_upgraded":0,"win_rate":0,"timestamp":1570182068,"path_taken":["M","M","M","?","M","E","M","E"],"build_version":"2019-10-03","purchased_purges":0,"victory":false,"max_hp_per_floor":[70,70,70,70,70,70,70,70],"card_choices":[{"not_picked":["Slice","Underhanded Strike","Dagger Spray"],"picked":"SKIP","floor":1},{"not_picked":["Dagger Throw","Riddle With Holes"],"picked":"Distraction","floor":2},{"not_picked":["Dodge and Roll","Poisoned Stab"],"picked":"Blade Dance","floor":3},{"not_picked":["Wraith Form v2","PiercingWail"],"picked":"Catalyst","floor":5},{"not_picked":["Caltrops","Dagger Throw"],"picked":"Envenom","floor":6},{"not_picked":["PiercingWail","Prepared"],"picked":"Cloak And Dagger","floor":7}],"player_experience":145804,"relics_obtained":[{"floor":6,"key":"Pantograph"}],"event_choices":[{"damage_healed":0,"gold_gain":0,"player_choice":"Box","damage_taken":0,"relics_obtained":["Dead Branch"],"max_hp_gain":0,"max_hp_loss":0,"event_name":"Big Fish","floor":4,"gold_loss":0,"cards_obtained":["Regret"]}],"is_beta":true,"boss_relics":[],"items_purged_floors":[],"is_endless":false,"potions_floor_spawned":[3],"killed_by":"3 Sentries","ascension_level":3}