{"gold_per_floor":[18,18,33,33,47,47,64,80,80,80,94,128,139,170,170,270,270,280,280,280,292,303,334,345,361,361,361,393,393,18,44,44,143,143,158,158,173,186,204,204,238,238,290,317,76,90,90,9,9,9],"floor_reached":51,"playtime":5202,"items_purged":[],"score":829,"play_id":"9b687f76-f91d-4988-a989-70b22a5fead5","local_time":"20190908220717","is_ascension_mode":false,"campfire_choices":[{"data":"Bullet Time","floor":6.0,"key":"SMITH"},{"data":"Well Laid Plans","floor":10.0,"key":"SMITH"},{"data":"Crippling Poison","floor":15.0,"key":"SMITH"},{"data":"Envenom","floor":27,"key":"SMITH"},{"floor":32,"key":"REST"},{"data":"Catalyst","floor":40,"key":"SMITH"},{"data":"Dark Shackles","floor":42,"key":"SMITH"},{"data":"Distraction","floor":49,"key":"SMITH"}],"neow_cost":"NO_GOLD","seed_source_timestamp":0,"circlet_count":0,"master_deck":["Strike_G","Strike_G","Strike_G","Strike_G","Strike_G","Defend_G","Defend_G","Defend_G","Defend_G","Defend_G","Survivor","Neutralize","Bullet Time+1","Noxious Fumes+1","Well Laid Plans+1","PiercingWail","Skewer","Crippling Poison+1","Dagger Throw","Predator","Distraction+1","Deflect","Envenom+1","Backstab","Necronomicurse","Cloak And Dagger","Dash+1","Outmaneuver","Phantasmal Killer","Bane","Bullet Time","Masterful Stab","PanicButton","Catalyst+1","Malaise","Acrobatics+1","Violence","Dark Shackles+1","Secret Technique","Sucker Punch+1","Blur+1","Leg Sweep+1","Acrobatics+1","Glass Knife","Dagger Spray","All Out Attack+1","Flash of Steel"],"special_seed":0,"relics":["Ring of the Snake","Paper Crane","Bottled Tornado","Letter Opener","Sozu","Necronomicon","Incense Burner","Nunchaku","Sundial","MutagenicStrength","Mercury Hourglass","Matryoshka","Black Star","Ancient Tea Set","Snake Skull","Pear","Blood Vial","The Specimen","MawBank","Lee\u0027s Waffle","Ornamental Fan","Lantern"],"potions_floor_usage":[],"damage_taken":[{"damage":4.0,"enemies":"2 Louse","floor":1.0,"turns":3.0},{"damage":0.0,"enemies":"Cultist","floor":3.0,"turns":4.0},{"damage":0.0,"enemies":"Small Slimes","floor":5.0,"turns":4.0},{"damage":0.0,"enemies":"Looter","floor":7.0,"turns":4.0},{"damage":0.0,"enemies":"Large Slime","floor":8.0,"turns":7.0},{"damage":4.0,"enemies":"Blue Slaver","floor":11.0,"turns":5.0},{"damage":12.0,"enemies":"Lagavulin","floor":12.0,"turns":7.0},{"damage":0.0,"enemies":"3 Louse","floor":13.0,"turns":4.0},{"damage":14.0,"enemies":"3 Sentries","floor":14.0,"turns":6.0},{"damage":28.0,"enemies":"Slime Boss","floor":16.0,"turns":10.0},{"damage":6.0,"enemies":"3 Byrds","floor":18.0,"turns":3.0},{"damage":7.0,"enemies":"2 Thieves","floor":21.0,"turns":4.0},{"damage":1.0,"enemies":"Snecko","floor":22.0,"turns":4.0},{"damage":4,"enemies":"Slavers","floor":23,"turns":4},{"damage":0,"enemies":"Cultist and Chosen","floor":24,"turns":4},{"damage":2,"enemies":"Chosen and Byrds","floor":25,"turns":4},{"damage":14,"enemies":"Gremlin Leader","floor":28,"turns":6},{"damage":14,"enemies":"Slavers","floor":31,"turns":4},{"damage":7,"enemies":"Collector","floor":33,"turns":6},{"damage":2,"enemies":"Orb Walker","floor":35,"turns":4},{"damage":0,"enemies":"3 Shapes","floor":37,"turns":3},{"damage":10,"enemies":"Transient","floor":38,"turns":5},{"damage":16,"enemies":"Sphere and 2 Shapes","floor":39,"turns":4},{"damage":0,"enemies":"Nemesis","floor":41,"turns":6},{"damage":1,"enemies":"Reptomancer","floor":44,"turns":3},{"damage":9,"enemies":"Spire Growth","floor":46,"turns":4},{"damage":18,"enemies":"Awakened One","floor":50,"turns":9}],"seed_played":"1502996250748349651","potions_obtained":[{"floor":2.0,"key":"Ancient Potion"},{"floor":2.0,"key":"GamblersBrew"},{"floor":2.0,"key":"SneckoOil"},{"floor":5.0,"key":"EssenceOfSteel"},{"floor":8.0,"key":"EssenceOfSteel"},{"floor":11.0,"key":"Fire Potion"},{"floor":12.0,"key":"AttackPotion"},{"floor":14.0,"key":"SkillPotion"}],"is_trial":false,"path_per_floor":["M","?","M","?","M","R","M","M","T","R","M","E","M","E","R","B",null,"M","?","?","M","M","E","M","M","T","R","E","?","$","E","R","B",null,"M","?","M","M","M","R","E","R","T","E","$","M","T","$","R","B",null],"character_chosen":"THE_SILENT","items_purchased":["Mercury Hourglass","Masterful Stab","PanicButton","Lee\u0027s Waffle","Dagger Spray","Flash of Steel"],"campfire_rested":1,"item_purchase_floors":[30,30,30,45,45,48],"current_hp_per_floor":[66,66,66,66,66,66,66,66,66,66,62,50,50,36,36,8,70,64,48,48,41,40,36,36,34,34,34,20,20,20,6,27,20,70,68,58,58,48,32,32,32,32,42,43,87,78,78,78,78,62],"gold":9,"neow_bonus":"THREE_RARE_CARDS","is_prod":false,"is_daily":false,"chose_seed":false,"campfire_upgraded":7,"win_rate":0,"timestamp":1567937237,"path_taken":["M","?","?","?","M","R","M","M","T","R","M","E","M","E","R","BOSS","M","?","?","M","M","E","M","M","T","R","E","?","$","E","R","BOSS","M","?","M","M","M","R","E","R","T","E","$","M","?","?","R","BOSS"],"build_version":"2019-07-17","purchased_purges":0,"victory":true,"max_hp_per_floor":[70,70,70,70,70,70,70,70,70,70,70,70,70,70,70,70,70,70,70,70,70,70,70,70,70,70,70,70,70,70,70,70,70,70,70,70,70,70,70,70,70,70,80,80,87,87,87,87,87,87],"card_choices":[{"not_picked":["Unload","Malaise"],"picked":"Bullet Time","floor":0.0},{"not_picked":["PiercingWail","Bane"],"picked":"Noxious Fumes","floor":1.0},{"not_picked":["Prepared","Quick Slash"],"picked":"Well Laid Plans","floor":3.0},{"not_picked":["Quick Slash","Eviscerate"],"picked":"PiercingWail","floor":5.0},{"not_picked":["Deflect","Reflex"],"picked":"Skewer","floor":7.0},{"not_picked":["Bane","Cloak And Dagger"],"picked":"Crippling Poison","floor":8.0},{"not_picked":["Slice","Outmaneuver"],"picked":"Dagger Throw","floor":11.0},{"not_picked":["Escape Plan","Finisher"],"picked":"Predator","floor":12.0},{"not_picked":["Backflip","Choke"],"picked":"Distraction","floor":13.0},{"not_picked":["Dodge and Roll","PiercingWail"],"picked":"Deflect","floor":14.0},{"not_picked":["Wraith Form v2","Night Terror"],"picked":"Envenom","floor":16.0},{"not_picked":["Flying Knee","Eviscerate+1"],"picked":"Backstab","floor":18.0},{"not_picked":["Dodge and Roll","Prepared"],"picked":"Cloak And Dagger","floor":21.0},{"not_picked":["Cloak And Dagger","Underhanded Strike"],"picked":"Dash+1","floor":22},{"not_picked":["Footwork","Accuracy"],"picked":"Outmaneuver","floor":23},{"not_picked":["Flying Knee","Flechettes"],"picked":"Phantasmal Killer","floor":24},{"not_picked":["Slice","Acrobatics"],"picked":"Bane","floor":25},{"not_picked":["Terror","Outmaneuver"],"picked":"Bullet Time","floor":28},{"not_picked":["Heel Hook","Predator"],"picked":"Catalyst","floor":31},{"not_picked":["After Image","Doppelganger"],"picked":"Malaise","floor":33},{"not_picked":["Blade Dance","Dagger Throw"],"picked":"Acrobatics+1","floor":35},{"not_picked":["Madness","Bandage Up"],"picked":"Violence","floor":36},{"not_picked":["HandOfGreed","Panacea"],"picked":"Dark Shackles","floor":36},{"not_picked":["Flash of Steel","Dark Shackles"],"picked":"Secret Technique","floor":36},{"not_picked":["Outmaneuver","Dagger Throw+1"],"picked":"Sucker Punch+1","floor":37},{"not_picked":["Flying Knee+1","Poisoned Stab"],"picked":"Blur+1","floor":38},{"not_picked":["Deflect","Acrobatics"],"picked":"Leg Sweep+1","floor":39},{"not_picked":["Flying Knee+1","Deflect"],"picked":"Acrobatics+1","floor":41},{"not_picked":["Acrobatics","Deflect+1"],"picked":"Glass Knife","floor":44},{"not_picked":["Dagger Spray","Dodge and Roll+1"],"picked":"All Out Attack+1","floor":46}],"player_experience":35596,"relics_obtained":[{"floor":9.0,"key":"Paper Crane"},{"floor":12.0,"key":"Bottled Tornado"},{"floor":14.0,"key":"Letter Opener"},{"floor":19.0,"key":"Necronomicon"},{"floor":23,"key":"Incense Burner"},{"floor":26,"key":"Nunchaku"},{"floor":28,"key":"Sundial"},{"floor":31,"key":"Matryoshka"},{"floor":41,"key":"Ancient Tea Set"},{"floor":41,"key":"Snake Skull"},{"floor":43,"key":"Pear"},{"floor":43,"key":"Blood Vial"},{"floor":44,"key":"The Specimen"},{"floor":44,"key":"MawBank"},{"floor":47,"key":"Ornamental Fan"},{"floor":47,"key":"Lantern"}],"event_choices":[{"damage_healed":0.0,"max_hp_gain":0.0,"max_hp_loss":0.0,"gold_gain":0.0,"event_name":"Lab","player_choice":"Got Potions","floor":2.0,"gold_loss":0.0,"damage_taken":0.0},{"damage_healed":0.0,"max_hp_gain":0.0,"max_hp_loss":0.0,"gold_gain":0.0,"event_name":"Living Wall","player_choice":"Grow","floor":4.0,"gold_loss":0.0,"damage_taken":0.0,"cards_upgraded":["Noxious Fumes"]},{"damage_healed":0.0,"max_hp_gain":0.0,"max_hp_loss":0.0,"gold_gain":0.0,"event_name":"Cursed Tome","player_choice":"Obtained Book","floor":19.0,"gold_loss":0.0,"damage_taken":16.0},{"damage_healed":0.0,"max_hp_gain":0.0,"max_hp_loss":0.0,"gold_gain":0.0,"event_name":"Ghosts","player_choice":"Ignored","floor":20.0,"gold_loss":0.0,"damage_taken":0.0},{"damage_healed":0,"gold_gain":0,"player_choice":"Inject Mutagens","damage_taken":0,"relics_obtained":["MutagenicStrength"],"max_hp_gain":0,"max_hp_loss":0,"event_name":"Drug Dealer","floor":29,"gold_loss":0},{"damage_healed":0,"gold_gain":0,"player_choice":"Memory 3","damage_taken":10,"max_hp_gain":0,"max_hp_loss":0,"event_name":"SensoryStone","floor":36,"gold_loss":0}],"is_beta":false,"boss_relics":[{"not_picked":["Busted Crown","Lizard Tail"],"picked":"Sozu"},{"not_picked":["WristBlade","Fusion Hammer"],"picked":"Black Star"}],"items_purged_floors":[],"is_endless":false,"potions_floor_spawned":[5,8,11,12,14,22,23,31,35,38,46],"ascension_level":0}