{"gold_per_floor":[112,112,122,122,142,177,177,192,216,366,396,412,337,337,337,412,412,430,449,464,514,527,527,547,547,547,16,16,26,56,2,2,76,76,92,112,112,112,130,130,163,163,232,232,245,261,288,301,301,301],"floor_reached":50,"playtime":2690,"items_purged":["Doubt"],"score":1083,"play_id":"15302c91-f13e-49be-8bb5-79376f3d50ad","local_time":"20191012153339","is_ascension_mode":true,"campfire_choices":[{"data":"Barrage","floor":7.0,"key":"SMITH"},{"floor":15.0,"key":"REST"},{"data":"Defragment","floor":23.0,"key":"SMITH"},{"floor":25.0,"key":"REST"},{"floor":32.0,"key":"REST"},{"data":"Buffer","floor":40.0,"key":"SMITH"},{"data":"Consume","floor":42.0,"key":"SMITH"},{"data":"Redo","floor":44.0,"key":"SMITH"},{"data":"Chill","floor":49.0,"key":"SMITH"}],"neow_cost":"NONE","seed_source_timestamp":1184024989701000,"circlet_count":0,"master_deck":["AscendersBane","Zap","Dualcast","Tempest+1","Reboot","Self Repair","Zap","Compile Driver","Cold Snap","Barrage+1","Core Surge","Consume+1","Auto Shields","Gash","Blizzard","Thunder Strike","Ball Lightning","Chill","Force Field","Doom and Gloom","Barrage","Glacier","Electrodynamics","Stack","Defragment+1","Cold Snap+1","Hologram","Ball Lightning+1","White Noise","White Noise","Cold Snap","Darkness","White Noise","BootSequence+1","Leap","Streamline+1","Buffer+1","Tempest","Force Field+1","Coolheaded","Redo+1","Regret","Chill+1","Stack+1","Injury","Steam"],"special_seed":0,"relics":["Cursed Key","Dream Catcher","Bag of Preparation","Orichalcum","Unceasing Top","Pandora\u0027s Box","Pen Nib","Blue Candle","Boot","Mummified Hand","Empty Cage","Vajra","Mercury Hourglass","Regal Pillow"],"potions_floor_usage":[50,50],"damage_taken":[{"damage":14.0,"enemies":"2 Louse","floor":1.0,"turns":2.0},{"damage":1.0,"enemies":"Cultist","floor":3.0,"turns":3.0},{"damage":0.0,"enemies":"Small Slimes","floor":5.0,"turns":2.0},{"damage":8.0,"enemies":"3 Sentries","floor":6.0,"turns":6.0},{"damage":1.0,"enemies":"Looter","floor":8.0,"turns":2.0},{"damage":12.0,"enemies":"Lagavulin","floor":11.0,"turns":6.0},{"damage":0.0,"enemies":"Large Slime","floor":12.0,"turns":3.0},{"damage":33.0,"enemies":"Hexaghost","floor":16.0,"turns":9.0},{"damage":0.0,"enemies":"Chosen","floor":18.0,"turns":3.0},{"damage":12.0,"enemies":"2 Thieves","floor":19.0,"turns":4.0},{"damage":20.0,"enemies":"Chosen and Byrds","floor":20.0,"turns":4.0},{"damage":12.0,"enemies":"Shelled Parasite and Fungi","floor":22.0,"turns":4.0},{"damage":18.0,"enemies":"Snake Plant","floor":24.0,"turns":3.0},{"damage":12.0,"enemies":"Cultist and Chosen","floor":29.0,"turns":5.0},{"damage":24.0,"enemies":"Book of Stabbing","floor":30.0,"turns":5.0},{"damage":21.0,"enemies":"Automaton","floor":33.0,"turns":8.0},{"damage":0.0,"enemies":"3 Shapes","floor":35.0,"turns":4.0},{"damage":1.0,"enemies":"Orb Walker","floor":36.0,"turns":3.0},{"damage":0.0,"enemies":"Transient","floor":39.0,"turns":6.0},{"damage":0.0,"enemies":"Nemesis","floor":41.0,"turns":7.0},{"damage":1.0,"enemies":"3 Darklings","floor":45.0,"turns":3.0},{"damage":22.0,"enemies":"Sphere and 2 Shapes","floor":46.0,"turns":6.0},{"damage":3.0,"enemies":"4 Shapes","floor":48.0,"turns":4.0},{"damage":70,"enemies":"Awakened One","floor":50,"turns":6}],"seed_played":"5691220124598237211","potions_obtained":[{"floor":5.0,"key":"EssenceOfSteel"},{"floor":6.0,"key":"Swift Potion"},{"floor":11.0,"key":"Fire Potion"},{"floor":16.0,"key":"Dexterity Potion"},{"floor":20.0,"key":"LiquidBronze"},{"floor":24.0,"key":"Explosive Potion"},{"floor":33.0,"key":"EssenceOfSteel"},{"floor":36.0,"key":"EssenceOfSteel"}],"is_trial":false,"path_per_floor":["M","?","M","?","M","E","R","M","T","?","E","M","$","?","R","B",null,"M","M","M","?","M","R","M","R","T","$","?","M","E","$","R","B",null,"M","M","?","?","M","R","E","R","T","R","M","M","T","M","R","B"],"character_chosen":"DEFECT","items_purchased":["Blue Candle","Boot","White Noise","Cold Snap","Leap"],"campfire_rested":3,"item_purchase_floors":[27,27,27,27,31],"current_hp_per_floor":[50,50,56,35,42,41,41,40,40,40,35,35,35,24,45,19,58,58,53,33,33,28,28,10,31,31,31,31,26,2,2,23,9,56,56,55,55,55,62,62,69,69,69,69,68,53,53,57,57,0],"gold":301,"neow_bonus":"BOSS_RELIC","is_prod":false,"is_daily":false,"chose_seed":false,"campfire_upgraded":6,"win_rate":0,"timestamp":1570887219,"path_taken":["M","?","?","?","M","E","R","M","T","?","E","M","$","?","R","BOSS","M","M","M","?","?","R","M","R","T","$","?","?","E","$","R","BOSS","M","M","?","?","M","R","E","R","T","R","?","M","?","M","R","BOSS"],"build_version":"2019-07-17","purchased_purges":1,"victory":false,"max_hp_per_floor":[71,71,71,71,71,71,71,71,71,71,71,71,71,71,71,71,71,71,71,71,71,71,71,71,71,71,71,71,71,71,71,71,71,71,71,71,71,71,71,71,71,71,71,71,71,71,71,71,71,71],"card_choices":[{"not_picked":["Barrage","BootSequence"],"picked":"Tempest","floor":1.0},{"not_picked":["Stack","Redo"],"picked":"Cold Snap","floor":3.0},{"not_picked":["Force Field","Redo"],"picked":"Barrage","floor":5.0},{"not_picked":["Stack","Beam Cell"],"picked":"Core Surge","floor":6.0},{"not_picked":["Turbo","Lockon"],"picked":"Consume","floor":8.0},{"not_picked":["Turbo","Steam"],"picked":"Auto Shields","floor":11.0},{"not_picked":["Rip and Tear","Sweeping Beam"],"picked":"Gash","floor":12.0},{"not_picked":["Gash","Turbo"],"picked":"Blizzard","floor":15.0},{"not_picked":["Hyperbeam","Multi-Cast"],"picked":"Thunder Strike","floor":16.0},{"not_picked":["Ball Lightning","Rebound"],"picked":"Stack","floor":18.0},{"not_picked":["Sweeping Beam+1","Aggregate"],"picked":"Defragment","floor":19.0},{"not_picked":["Streamline+1","Go for the Eyes"],"picked":"Cold Snap+1","floor":20.0},{"not_picked":["Beam Cell","Redo"],"picked":"Hologram","floor":22.0},{"not_picked":["Rainbow","Blizzard"],"picked":"Ball Lightning+1","floor":24.0},{"not_picked":["Consume","Turbo"],"picked":"White Noise","floor":25.0},{"not_picked":["Coolheaded+1","Rip and Tear"],"picked":"White Noise","floor":29.0},{"not_picked":["Hologram","Darkness"],"picked":"BootSequence+1","floor":30.0},{"not_picked":["Consume","Lockon"],"picked":"Streamline+1","floor":32.0},{"not_picked":["Rainbow","All For One"],"picked":"Buffer","floor":33.0},{"not_picked":["Reprogram","Beam Cell"],"picked":"Tempest","floor":35.0},{"not_picked":["Gash","Sunder"],"picked":"Force Field+1","floor":36.0},{"not_picked":["Force Field","Double Energy"],"picked":"Coolheaded","floor":39.0},{"not_picked":["Rainbow","Ball Lightning"],"picked":"Redo","floor":41.0},{"not_picked":["Melter+1","Barrage"],"picked":"Chill","floor":45.0},{"not_picked":["Self Repair","Beam Cell+1"],"picked":"Stack+1","floor":46.0},{"not_picked":["Barrage","Sweeping Beam"],"picked":"Steam","floor":48.0}],"player_experience":469173,"relics_obtained":[{"floor":6.0,"key":"Dream Catcher"},{"floor":9.0,"key":"Bag of Preparation"},{"floor":11.0,"key":"Orichalcum"},{"floor":26.0,"key":"Pen Nib"},{"floor":30.0,"key":"Mummified Hand"},{"floor":41.0,"key":"Vajra"},{"floor":43.0,"key":"Mercury Hourglass"},{"floor":47.0,"key":"Regal Pillow"}],"event_choices":[{"damage_healed":0.0,"max_hp_gain":0.0,"max_hp_loss":0.0,"gold_gain":0.0,"event_name":"Match and Keep!","player_choice":"4 cards matched","floor":2.0,"gold_loss":0.0,"damage_taken":0.0,"cards_obtained":["Reboot","Self Repair","Zap","Compile Driver"]},{"damage_healed":0.0,"max_hp_gain":0.0,"max_hp_loss":0.0,"gold_gain":0.0,"event_name":"Shining Light","player_choice":"Entered Light","floor":4.0,"gold_loss":0.0,"damage_taken":21.0,"cards_upgraded":["Tempest","Strike_B"]},{"damage_healed":0.0,"max_hp_gain":0.0,"max_hp_loss":0.0,"gold_gain":150.0,"event_name":"Liars Game","player_choice":"AGREE","floor":10.0,"gold_loss":0.0,"damage_taken":0.0,"cards_obtained":["Doubt"]},{"damage_healed":0.0,"max_hp_gain":0.0,"max_hp_loss":0.0,"gold_gain":0.0,"event_name":"Scrap Ooze","player_choice":"Success","floor":14.0,"gold_loss":0.0,"damage_taken":11.0,"relics_obtained":["Unceasing Top"]},{"damage_healed":0.0,"max_hp_gain":0.0,"max_hp_loss":0.0,"gold_gain":50.0,"event_name":"Golden Shrine","player_choice":"Pray","floor":21.0,"gold_loss":0.0,"damage_taken":0.0},{"damage_healed":0.0,"max_hp_gain":0.0,"max_hp_loss":0.0,"gold_gain":0.0,"cards_transformed":["Sweeping Beam"],"event_name":"Transmorgrifier","player_choice":"Transformed","floor":28.0,"gold_loss":0.0,"damage_taken":0.0,"cards_obtained":["Darkness"]},{"damage_healed":0.0,"max_hp_gain":0.0,"max_hp_loss":0.0,"gold_gain":0.0,"event_name":"Tomb of Lord Red Mask","player_choice":"Ignored","floor":37.0,"gold_loss":0.0,"damage_taken":0.0},{"damage_healed":0.0,"max_hp_gain":0.0,"max_hp_loss":0.0,"gold_gain":0.0,"event_name":"SecretPortal","player_choice":"Ignored","floor":38.0,"gold_loss":0.0,"damage_taken":0.0}],"is_beta":false,"boss_relics":[{"not_picked":["Black Star","Ectoplasm"],"picked":"Pandora\u0027s Box"},{"not_picked":["Tiny House","Astrolabe"],"picked":"Empty Cage"}],"items_purged_floors":[13],"is_endless":false,"potions_floor_spawned":[5,6,11,16,20,22,24,30,33,36,41,45,46],"killed_by":"Awakened One","ascension_level":20}