{"gold_per_floor":[99,2,2,2,0,0,0,0,0,0,0,0,0,0,0,0,0,0,0,0,0,0],"floor_reached":22,"playtime":1351,"items_purged":[],"score":200,"play_id":"46df3b83-d4c8-4a02-892f-42db3293aace","local_time":"20190925011104","is_ascension_mode":false,"campfire_choices":[{"data":"Streamline","floor":6,"key":"SMITH"},{"data":"Double Energy","floor":8,"key":"SMITH"},{"data":"Consume","floor":15,"key":"SMITH"}],"neow_cost":"NONE","seed_source_timestamp":30489134401405,"circlet_count":0,"master_deck":["Strike_B+1","Strike_B","Strike_B","Strike_B","Defend_B","Defend_B","Defend_B","Defend_B","Zap","Dualcast","Melter","Storm","Streamline+1","Coolheaded","Heatsinks","Hyperbeam+1","Double Energy+1","Auto Shields","Chill","Fusion","Consume+1","Meteor Strike","Skim","Doom and Gloom","Skim"],"relics":["Ectoplasm","Art of War","Whetstone","Regal Pillow","Inserter"],"potions_floor_usage":[7,16,16,19],"damage_taken":[{"damage":3,"enemies":"Small Slimes","floor":1,"turns":3},{"damage":0,"enemies":"Cultist","floor":3,"turns":2},{"damage":1,"enemies":"Jaw Worm","floor":4,"turns":4},{"damage":8,"enemies":"Exordium Thugs","floor":5,"turns":4},{"damage":6,"enemies":"Gremlin Nob","floor":7,"turns":3},{"damage":0,"enemies":"Large Slime","floor":10,"turns":3},{"damage":0,"enemies":"3 Louse","floor":11,"turns":2},{"damage":22,"enemies":"Lagavulin","floor":12,"turns":5},{"damage":0,"enemies":"2 Fungi Beasts","floor":13,"turns":3},{"damage":18,"enemies":"Hexaghost","floor":16,"turns":7},{"damage":19,"enemies":"2 Thieves","floor":18,"turns":4},{"damage":16,"enemies":"3 Byrds","floor":19,"turns":5},{"damage":22,"enemies":"Centurion and Healer","floor":21,"turns":6},{"damage":18,"enemies":"Shelled Parasite and Fungi","floor":22,"turns":4}],"seed_played":"-661169734844569622","potions_obtained":[{"floor":1,"key":"PotionOfCapacity"},{"floor":5,"key":"PowerPotion"},{"floor":11,"key":"EssenceOfDarkness"},{"floor":12,"key":"FearPotion"},{"floor":16,"key":"Ancient Potion"},{"floor":18,"key":"Strength Potion"}],"is_trial":false,"path_per_floor":["M","$","M","M","M","R","E","R","T","M","M","E","M","?","R","B",null,"M","M","?","M","M"],"character_chosen":"DEFECT","items_purchased":["Storm","Streamline"],"campfire_rested":0,"item_purchase_floors":[2,2],"current_hp_per_floor":[72,72,72,71,63,63,57,57,57,57,57,35,35,35,35,17,75,56,40,40,18,0],"gold":0,"neow_bonus":"BOSS_RELIC","is_prod":false,"is_daily":false,"chose_seed":false,"campfire_upgraded":3,"win_rate":0,"timestamp":1569330664,"path_taken":["M","$","M","M","M","R","E","R","T","M","M","E","M","?","R","BOSS","M","M","?","M","?"],"build_version":"2019-09-23","purchased_purges":0,"victory":false,"max_hp_per_floor":[75,75,75,75,75,75,75,75,75,75,75,75,75,75,75,75,75,75,75,75,75,75],"card_choices":[{"not_picked":["Consume","Barrage"],"picked":"Melter","floor":1},{"not_picked":["Steam","Gash"],"picked":"Coolheaded","floor":3},{"not_picked":["Turbo","Go for the Eyes"],"picked":"Heatsinks","floor":4},{"not_picked":["Steam","Barrage"],"picked":"Hyperbeam","floor":5},{"not_picked":["Cold Snap","Stack"],"picked":"Double Energy","floor":7},{"not_picked":["Ball Lightning","Gash"],"picked":"Auto Shields","floor":10},{"not_picked":["Undo","Leap"],"picked":"Chill","floor":11},{"not_picked":["White Noise","Compile Driver"],"picked":"Fusion","floor":12},{"not_picked":["Force Field","Redo"],"picked":"Consume","floor":13},{"not_picked":["Reboot","Multi-Cast"],"picked":"Meteor Strike","floor":16},{"not_picked":["Force Field","Gash+1"],"picked":"Skim","floor":18},{"not_picked":["Lockon","Coolheaded"],"picked":"Doom and Gloom","floor":19},{"not_picked":["Rebound","Beam Cell"],"picked":"Skim","floor":21}],"player_experience":94935,"relics_obtained":[{"floor":7,"key":"Art of War"},{"floor":9,"key":"Whetstone"},{"floor":12,"key":"Regal Pillow"}],"event_choices":[{"damage_healed":0,"gold_gain":0,"player_choice":"Ignored","damage_taken":0,"max_hp_gain":0,"max_hp_loss":0,"event_name":"Golden Idol","floor":14,"gold_loss":0},{"damage_healed":0,"gold_gain":100,"player_choice":"Pray","damage_taken":0,"max_hp_gain":0,"max_hp_loss":0,"event_name":"Golden Shrine","floor":20,"gold_loss":0}],"is_beta":true,"boss_relics":[{"not_picked":["Coffee Dripper","Astrolabe"],"picked":"Inserter"}],"items_purged_floors":[],"is_endless":false,"potions_floor_spawned":[1,5,11,12,13,16,18],"killed_by":"Shelled Parasite and Fungi","ascension_level":0}