{"gold_per_floor":[117,117,133,146,31,31,59,59,59,73,87,101,101,142,142,262,325,350,350,350,371,80,116,116,31,54,54,88,88,102,34,34,34],"floor_reached":33,"playtime":6753,"items_purged":[],"score":343,"play_id":"04ea99f5-2e51-455c-a950-95a9d70a7897","local_time":"20190924001550","is_ascension_mode":false,"campfire_choices":[{"data":"Defragment","floor":6,"key":"SMITH"},{"data":"Self Repair","floor":8,"key":"SMITH"},{"floor":15,"key":"REST"},{"data":"Consume","floor":24,"key":"SMITH"},{"data":"Multi-Cast","floor":27,"key":"SMITH"},{"data":"Capacitor","floor":29,"key":"SMITH"},{"data":"Creative AI","floor":32,"key":"SMITH"}],"neow_cost":"NONE","seed_source_timestamp":34927453075690,"circlet_count":0,"master_deck":["Strike_B","Strike_B","Strike_B","Defend_B","Defend_B","Defend_B","Defend_B","Zap","Dualcast","Self Repair+1","Ball Lightning","Defragment+1","Blizzard","Static Discharge","Coolheaded","Lockon","Sunder","Consume+1","Multi-Cast+1","Conserve Battery","Ghostly","Ghostly","Ghostly","Ghostly","Ghostly","Aggregate","Blizzard","Capacitor+1","Doom and Gloom","Doom and Gloom","Sunder+1","Defragment+1","Creative AI+1"],"relics":["Velvet Choker","Bottled Flame","White Beast Statue","Golden Idol","Thread and Needle","Tiny House","Potion Belt","Oddly Smooth Stone","HornCleat","Mercury Hourglass"],"potions_floor_usage":[14,16,16,16,23,23,23,28,28,28,28,28,30,33,33],"damage_taken":[{"damage":5,"enemies":"2 Louse","floor":1,"turns":3},{"damage":1,"enemies":"Cultist","floor":3,"turns":3},{"damage":11,"enemies":"Jaw Worm","floor":4,"turns":4},{"damage":21,"enemies":"3 Sentries","floor":7,"turns":6},{"damage":10,"enemies":"Large Slime","floor":10,"turns":4},{"damage":6,"enemies":"Blue Slaver","floor":11,"turns":4},{"damage":18,"enemies":"Gremlin Gang","floor":12,"turns":3},{"damage":26,"enemies":"Gremlin Nob","floor":14,"turns":4},{"damage":22,"enemies":"Slime Boss","floor":16,"turns":10},{"damage":8,"enemies":"3 Byrds","floor":18,"turns":4},{"damage":16,"enemies":"Chosen","floor":21,"turns":7},{"damage":27,"enemies":"Book of Stabbing","floor":23,"turns":5},{"damage":0,"enemies":"Gremlin Leader","floor":28,"turns":10},{"damage":4,"enemies":"Centurion and Healer","floor":30,"turns":5},{"damage":35,"enemies":"Champ","floor":33,"turns":6}],"seed_played":"6992625339809090927","potions_obtained":[{"floor":1,"key":"Dexterity Potion"},{"floor":10,"key":"Energy Potion"},{"floor":11,"key":"PowerPotion"},{"floor":12,"key":"Explosive Potion"},{"floor":14,"key":"SkillPotion"},{"floor":16,"key":"FearPotion"},{"floor":17,"key":"Dexterity Potion"},{"floor":18,"key":"LiquidBronze"},{"floor":23,"key":"EntropicBrew"},{"floor":28,"key":"AttackPotion"},{"floor":30,"key":"SkillPotion"}],"is_trial":false,"path_per_floor":["M","?","M","M","$","R","E","R","T","M","M","M","?","E","R","B",null,"M","?","?","M","$","E","R","?","T","R","E","R","M","$","R","B"],"character_chosen":"DEFECT","items_purchased":["Defragment","Blizzard","Capacitor","Potion Belt","Doom and Gloom","Creative AI"],"campfire_rested":1,"item_purchase_floors":[5,5,22,22,22,31],"current_hp_per_floor":[70,70,75,71,71,71,57,57,57,57,61,53,35,19,41,29,80,80,40,40,34,34,17,17,17,17,17,27,27,23,23,23,0],"gold":34,"neow_bonus":"BOSS_RELIC","is_prod":false,"is_daily":false,"chose_seed":false,"campfire_upgraded":6,"win_rate":0,"timestamp":1569240950,"path_taken":["M","?","M","M","?","R","E","R","T","M","M","M","?","E","R","BOSS","M","?","?","M","$","E","R","?","T","R","E","R","M","$","R","BOSS"],"build_version":"2019-09-20","purchased_purges":0,"victory":false,"max_hp_per_floor":[75,75,75,75,75,75,75,75,75,75,75,75,75,75,75,75,80,80,40,40,40,40,40,40,40,40,40,40,40,40,40,40,40],"card_choices":[{"not_picked":["Gash","Stack"],"picked":"Self Repair","floor":1},{"not_picked":["Barrage","Sweeping Beam"],"picked":"Recycle","floor":3},{"not_picked":["Rebound","Streamline"],"picked":"Ball Lightning","floor":4},{"not_picked":["Static Discharge","Compile Driver","Chaos"],"picked":"SKIP","floor":7},{"not_picked":["Compile Driver","Chaos"],"picked":"Static Discharge","floor":7},{"not_picked":["Leap","Reboot"],"picked":"Coolheaded","floor":10},{"not_picked":["Ball Lightning","Static Discharge"],"picked":"Lockon","floor":11},{"not_picked":["Go for the Eyes","BootSequence"],"picked":"Sunder","floor":12},{"not_picked":["Turbo","Reprogram"],"picked":"Consume","floor":14},{"not_picked":["Fission","All For One"],"picked":"Multi-Cast","floor":16},{"not_picked":["Steam","Rebound"],"picked":"Conserve Battery","floor":17},{"not_picked":["Hologram","Beam Cell","Compile Driver+1"],"picked":"SKIP","floor":18},{"not_picked":["Sweeping Beam","Gash","Coolheaded"],"picked":"SKIP","floor":21},{"not_picked":["Leap+1","Steam"],"picked":"Doom and Gloom","floor":23},{"not_picked":["Steam+1","Self Repair"],"picked":"Sunder+1","floor":28},{"not_picked":["Leap","Beam Cell"],"picked":"Defragment+1","floor":30}],"player_experience":88182,"relics_obtained":[{"floor":7,"key":"Bottled Flame"},{"floor":9,"key":"White Beast Statue"},{"floor":14,"key":"Thread and Needle"},{"floor":23,"key":"Oddly Smooth Stone"},{"floor":28,"key":"Mercury Hourglass"}],"event_choices":[{"damage_healed":0,"gold_gain":0,"player_choice":"Ignored","damage_taken":0,"max_hp_gain":0,"max_hp_loss":0,"event_name":"NoteForYourself","floor":2,"gold_loss":0},{"damage_healed":0,"gold_gain":0,"player_choice":"Take Damage","damage_taken":18,"relics_obtained":["Golden Idol"],"max_hp_gain":0,"max_hp_loss":0,"event_name":"Golden Idol","floor":13,"gold_loss":0},{"damage_healed":0,"gold_gain":0,"player_choice":"Became a Ghost","damage_taken":0,"max_hp_gain":0,"max_hp_loss":40,"event_name":"Ghosts","floor":19,"gold_loss":0,"cards_obtained":["Ghostly","Ghostly","Ghostly","Ghostly","Ghostly"]},{"damage_healed":0,"gold_gain":0,"cards_transformed":["Recycle","Strike_B"],"player_choice":"Became Test Subject","damage_taken":0,"max_hp_gain":0,"max_hp_loss":0,"event_name":"Drug Dealer","floor":20,"gold_loss":0,"cards_obtained":["Aggregate","Blizzard"]},{"damage_healed":0,"gold_gain":0,"player_choice":"Obtained Relic","damage_taken":0,"relics_obtained":["HornCleat"],"max_hp_gain":0,"max_hp_loss":0,"event_name":"Addict","floor":25,"gold_loss":85}],"is_beta":true,"boss_relics":[{"not_picked":["Coffee Dripper","Busted Crown"],"picked":"Tiny House"}],"items_purged_floors":[],"is_endless":false,"potions_floor_spawned":[1,10,11,12,14,16,18,21,23,28,30],"killed_by":"Champ","ascension_level":0}