{"gold_per_floor":[115,129,141,13,13,48,48,61,61,61,211,236,252,6,6,79,79,95,95,0,15,32,32,32],"floor_reached":24,"playtime":1150,"items_purged":["Regret","Doubt"],"score":512,"play_id":"2e953979-3144-4ea2-9091-012da51a70ef","local_time":"20191012094210","is_ascension_mode":true,"campfire_choices":[{"floor":7.0,"key":"REST"},{"data":"Buffer","floor":15.0,"key":"SMITH"},{"floor":23,"key":"REST"}],"neow_cost":"CURSE","seed_source_timestamp":1164980717359600,"circlet_count":0,"master_deck":["AscendersBane","Strike_B","Defend_B","Defend_B","Defend_B","Defend_B","Zap","Dualcast","Blizzard","Compile Driver","Hello World","Capacitor","Conserve Battery","Coolheaded","Echo Form","Melter","Buffer+1","Steam","Consume","Biased Cognition","Hologram","Barrage+1","Leap+1"],"special_seed":0,"relics":["Cracked Core","Potion Belt","Smiling Mask","The Courier","Pantograph","Anchor","Velvet Choker","Enchiridion"],"potions_floor_usage":[],"damage_taken":[{"damage":2.0,"enemies":"Cultist","floor":1.0,"turns":3.0},{"damage":2.0,"enemies":"2 Louse","floor":2.0,"turns":2.0},{"damage":11.0,"enemies":"Jaw Worm","floor":3.0,"turns":5.0},{"damage":24.0,"enemies":"Gremlin Nob","floor":6.0,"turns":4.0},{"damage":14.0,"enemies":"Exordium Wildlife","floor":8.0,"turns":8.0},{"damage":20.0,"enemies":"3 Sentries","floor":12.0,"turns":10.0},{"damage":5.0,"enemies":"Exordium Thugs","floor":13.0,"turns":4.0},{"damage":0.0,"enemies":"Slime Boss","floor":16.0,"turns":12.0},{"damage":6.0,"enemies":"Chosen","floor":18.0,"turns":6.0},{"damage":0,"enemies":"Spheric Guardian","floor":21,"turns":4},{"damage":18,"enemies":"Chosen and Byrds","floor":22,"turns":5},{"damage":37,"enemies":"Book of Stabbing","floor":24,"turns":5}],"seed_played":"-9133286174090521165","potions_obtained":[{"floor":1.0,"key":"Dexterity Potion"},{"floor":2.0,"key":"LiquidBronze"},{"floor":8.0,"key":"Ancient Potion"},{"floor":21,"key":"Explosive Potion"}],"is_trial":false,"path_per_floor":["M","M","M","$","T","E","R","M","T","?","?","E","M","$","R","B",null,"M","?","?","M","M","R","E"],"character_chosen":"DEFECT","items_purchased":["Coolheaded","Consume","Anchor"],"campfire_rested":2,"item_purchase_floors":[4,14,14],"current_hp_per_floor":[62,60,49,49,49,25,46,32,32,32,32,12,7,7,7,32,61,55,34,34,34,16,37,0],"gold":32,"neow_bonus":"TRANSFORM_TWO_CARDS","is_prod":false,"is_daily":false,"chose_seed":false,"campfire_upgraded":1,"win_rate":0,"timestamp":1570866130,"path_taken":["M","M","M","$","?","E","R","M","T","?","?","E","?","$","R","BOSS","M","?","?","M","M","R","E"],"build_version":"2019-07-17","purchased_purges":2,"victory":false,"max_hp_per_floor":[71,71,71,71,71,71,71,71,71,71,71,71,71,71,71,71,71,71,71,71,71,71,71,71],"card_choices":[{"not_picked":["Stack","Lockon"],"picked":"Hello World","floor":1.0},{"not_picked":["Hologram","Steam"],"picked":"Capacitor","floor":2.0},{"not_picked":["Compile Driver","Barrage"],"picked":"Conserve Battery","floor":3.0},{"not_picked":["Coolheaded","Turbo"],"picked":"Echo Form","floor":6.0},{"not_picked":["Fusion","Skim"],"picked":"Melter","floor":8.0},{"not_picked":["Aggregate","Steam"],"picked":"Buffer","floor":12.0},{"not_picked":["Turbo","Go for the Eyes"],"picked":"Steam","floor":13.0},{"not_picked":["Multi-Cast","Hyperbeam"],"picked":"Biased Cognition","floor":16.0},{"not_picked":["Skim","Coolheaded"],"picked":"Hologram","floor":18.0},{"not_picked":["Consume","Steam"],"picked":"Barrage+1","floor":21},{"not_picked":["Force Field","Gash"],"picked":"Leap+1","floor":22}],"player_experience":465051,"relics_obtained":[{"floor":5.0,"key":"Potion Belt"},{"floor":6.0,"key":"Smiling Mask"},{"floor":9.0,"key":"The Courier"},{"floor":12.0,"key":"Pantograph"},{"floor":19.0,"key":"Enchiridion"}],"event_choices":[{"cards_removed":["Strike_B"],"damage_healed":0.0,"max_hp_gain":0.0,"max_hp_loss":0.0,"gold_gain":0.0,"event_name":"Living Wall","player_choice":"Forget","floor":10.0,"gold_loss":0.0,"damage_taken":0.0},{"damage_healed":0.0,"max_hp_gain":0.0,"max_hp_loss":0.0,"gold_gain":150.0,"event_name":"Liars Game","player_choice":"AGREE","floor":11.0,"gold_loss":0.0,"damage_taken":0.0,"cards_obtained":["Doubt"]},{"damage_healed":0.0,"max_hp_gain":0.0,"max_hp_loss":0.0,"gold_gain":0.0,"event_name":"Cursed Tome","player_choice":"Obtained Book","floor":19.0,"gold_loss":0.0,"damage_taken":21.0},{"damage_healed":0,"gold_gain":0,"player_choice":"Paid Fearfully","damage_taken":0,"max_hp_gain":0,"max_hp_loss":0,"event_name":"Masked Bandits","floor":20,"gold_loss":95}],"is_beta":false,"boss_relics":[{"not_picked":["Orrery","Lizard Tail"],"picked":"Velvet Choker"}],"items_purged_floors":[4,14],"is_endless":false,"potions_floor_spawned":[1,2,8,21],"killed_by":"Book of Stabbing","ascension_level":20}