{"gold_per_floor":[115,115,95,113,128,158,158,169,169,169],"floor_reached":10,"playtime":583,"items_purged":[],"score":136,"play_id":"500043a7-2f83-4914-a7f7-e8ca34c2fb7e","local_time":"20191012222953","is_ascension_mode":true,"campfire_choices":[{"floor":7,"key":"REST"}],"neow_cost":"NONE","seed_source_timestamp":1919906114984,"circlet_count":0,"master_deck":["AscendersBane","Strike_G","Strike_G+1","Strike_G","Strike_G","Strike_G+1","Defend_G","Defend_G","Defend_G","Defend_G","Defend_G","Survivor","Neutralize","Deadly Poison","Dash","Dash"],"relics":["Ring of the Snake","Whetstone","Happy Flower"],"potions_floor_usage":[6,10],"damage_taken":[{"damage":2,"enemies":"2 Louse","floor":1,"turns":5},{"damage":2,"enemies":"Jaw Worm","floor":4,"turns":4},{"damage":0,"enemies":"Cultist","floor":5,"turns":4},{"damage":35,"enemies":"Lagavulin","floor":6,"turns":9},{"damage":16,"enemies":"Large Slime","floor":8,"turns":8},{"damage":39,"enemies":"Gremlin Nob","floor":10,"turns":4}],"seed_played":"361615060901995681","potions_obtained":[{"floor":1,"key":"Dexterity Potion"},{"floor":3,"key":"SkillPotion"}],"is_trial":false,"path_per_floor":["M","?","?","M","M","E","R","M","T","E"],"character_chosen":"THE_SILENT","items_purchased":[],"campfire_rested":1,"item_purchase_floors":[],"current_hp_per_floor":[57,57,57,55,55,20,39,23,23,0],"gold":169,"neow_bonus":"RANDOM_COMMON_RELIC","is_prod":false,"is_daily":false,"chose_seed":false,"campfire_upgraded":0,"win_rate":0,"timestamp":1570912193,"path_taken":["M","?","?","M","M","E","R","M","T","E"],"build_version":"2019-07-17","purchased_purges":0,"victory":false,"max_hp_per_floor":[66,66,66,66,66,66,66,66,66,66],"card_choices":[{"not_picked":["Distraction","Choke"],"picked":"Deadly Poison","floor":1},{"not_picked":["Sucker Punch","Reflex","Infinite Blades"],"picked":"SKIP","floor":4},{"not_picked":["Endless Agony","Sucker Punch"],"picked":"Dash","floor":5},{"not_picked":["Skewer","Backflip"],"picked":"Dash","floor":6},{"not_picked":["Prepared","Concentrate","Dagger Throw"],"picked":"SKIP","floor":8}],"player_experience":1491439,"relics_obtained":[{"floor":6,"key":"Happy Flower"}],"event_choices":[{"damage_healed":0,"gold_gain":0,"player_choice":"Ignored","damage_taken":0,"max_hp_gain":0,"max_hp_loss":0,"event_name":"Liars Game","floor":2,"gold_loss":0},{"damage_healed":0,"gold_gain":0,"player_choice":"Bought 1 Potion","damage_taken":0,"max_hp_gain":0,"max_hp_loss":0,"event_name":"The Woman in Blue","floor":3,"gold_loss":0}],"is_beta":false,"boss_relics":[],"items_purged_floors":[],"is_endless":false,"potions_floor_spawned":[1],"killed_by":"Gremlin Nob","ascension_level":20}