{"gold_per_floor":[12,12,32,51,69,69,113,113,113,144,165,181,211,226,226,226],"floor_reached":16,"playtime":754,"items_purged":[],"score":228,"play_id":"6dc72af6-03e0-4639-abf8-ee53d36de1e3","local_time":"20191010214052","is_ascension_mode":true,"campfire_choices":[{"data":"Blizzard","floor":6.0,"key":"SMITH"},{"floor":8.0,"key":"REST"},{"floor":15,"key":"REST"}],"neow_cost":"NO_GOLD","seed_source_timestamp":1035927500206800,"circlet_count":0,"master_deck":["AscendersBane","Strike_B","Strike_B","Defend_B","Defend_B","Defend_B","Defend_B","Zap","Dualcast","Fusion","Scrape","Cold Snap","Injury","White Noise","Hologram","Blizzard+1","Leap","Gash","Ball Lightning","Capacitor","Leap"],"special_seed":0,"relics":["Cracked Core","Golden Idol","Ginger","Emotion Chip","Dead Branch"],"potions_floor_usage":[14],"damage_taken":[{"damage":4.0,"enemies":"Small Slimes","floor":1.0,"turns":4.0},{"damage":15.0,"enemies":"Jaw Worm","floor":3.0,"turns":4.0},{"damage":0.0,"enemies":"Cultist","floor":4.0,"turns":3.0},{"damage":5.0,"enemies":"Looter","floor":5.0,"turns":2.0},{"damage":16.0,"enemies":"3 Sentries","floor":7.0,"turns":9.0},{"damage":35.0,"enemies":"Gremlin Nob","floor":10.0,"turns":4.0},{"damage":3.0,"enemies":"Blue Slaver","floor":11.0,"turns":2.0},{"damage":14.0,"enemies":"Exordium Thugs","floor":12.0,"turns":4.0},{"damage":6,"enemies":"Looter","floor":14,"turns":3},{"damage":28,"enemies":"Hexaghost","floor":16,"turns":9}],"seed_played":"-2997198682913567237","potions_obtained":[{"floor":5.0,"key":"Regen Potion"},{"floor":10.0,"key":"FearPotion"},{"floor":11.0,"key":"Swift Potion"}],"is_trial":false,"path_per_floor":["M","?","M","M","M","R","E","R","T","E","M","M","?","M","R","B"],"character_chosen":"DEFECT","items_purchased":[],"campfire_rested":2,"item_purchase_floors":[],"current_hp_per_floor":[60,60,45,45,40,40,39,60,60,25,22,8,8,2,23,0],"gold":226,"neow_bonus":"TRANSFORM_TWO_CARDS","is_prod":false,"is_daily":false,"chose_seed":false,"campfire_upgraded":1,"win_rate":0,"timestamp":1570736452,"path_taken":["M","?","M","M","M","R","E","R","T","E","M","M","?","M","R","BOSS"],"build_version":"2019-07-17","purchased_purges":0,"victory":false,"max_hp_per_floor":[71,71,71,71,71,71,71,71,71,71,71,71,71,71,71,71],"card_choices":[{"not_picked":["Turbo","Streamline"],"picked":"Cold Snap","floor":1.0},{"not_picked":["Conserve Battery","Storm"],"picked":"White Noise","floor":3.0},{"not_picked":["Reprogram","Double Energy"],"picked":"Hologram","floor":4.0},{"not_picked":["Fusion","Compile Driver"],"picked":"Blizzard","floor":5.0},{"not_picked":["Reprogram","Hologram"],"picked":"Leap","floor":7.0},{"not_picked":["Stack","Multi-Cast"],"picked":"Gash","floor":10.0},{"not_picked":["Hologram","Undo"],"picked":"Ball Lightning","floor":11.0},{"not_picked":["Rip and Tear","Barrage"],"picked":"Capacitor","floor":12.0},{"not_picked":["Recycle","Sweeping Beam"],"picked":"Leap","floor":14}],"player_experience":455318,"relics_obtained":[{"floor":7.0,"key":"Ginger"},{"floor":9.0,"key":"Emotion Chip"},{"floor":10.0,"key":"Dead Branch"}],"event_choices":[{"damage_healed":0.0,"max_hp_gain":0.0,"max_hp_loss":0.0,"gold_gain":0.0,"event_name":"Golden Idol","player_choice":"Take Wound","floor":2.0,"gold_loss":0.0,"damage_taken":0.0,"relics_obtained":["Golden Idol"],"cards_obtained":["Injury"]},{"damage_healed":0.0,"max_hp_gain":0.0,"max_hp_loss":0.0,"gold_gain":30.0,"event_name":"Dead Adventurer","player_choice":"Searched \u00271\u0027 times","floor":13.0,"gold_loss":0.0,"damage_taken":0.0}],"is_beta":false,"boss_relics":[],"items_purged_floors":[],"is_endless":false,"potions_floor_spawned":[5,10,11,12],"killed_by":"Hexaghost","ascension_level":20}