{"gold_per_floor":[118,131,131,26,43,43,73,73,73,88,88],"floor_reached":11,"playtime":366,"items_purged":["Pain"],"score":146,"play_id":"a0f509ea-3d4c-41ee-933f-3e590ff43342","local_time":"20191012154152","is_ascension_mode":true,"campfire_choices":[{"data":"Reinforced Body","floor":6.0,"key":"SMITH"},{"data":"Genetic Algorithm","floor":8,"key":"SMITH"}],"neow_cost":"CURSE","seed_source_timestamp":1187492834702600,"circlet_count":0,"master_deck":["AscendersBane","Strike_B","Strike_B","Defend_B","Defend_B","Defend_B","Defend_B","Zap","Dualcast","Sunder","Double Energy","Streamline","Glacier","Gash","Reinforced Body+1","Genetic Algorithm+1","Compile Driver"],"special_seed":0,"relics":["Cracked Core","Du-Vu Doll","Dream Catcher","Ice Cream"],"potions_floor_usage":[],"damage_taken":[{"damage":8.0,"enemies":"Cultist","floor":1.0,"turns":4.0},{"damage":8.0,"enemies":"Small Slimes","floor":2.0,"turns":3.0},{"damage":2.0,"enemies":"Jaw Worm","floor":5.0,"turns":3.0},{"damage":2.0,"enemies":"Lagavulin","floor":7.0,"turns":7.0},{"damage":30,"enemies":"Gremlin Gang","floor":10,"turns":4},{"damage":11,"enemies":"3 Sentries","floor":11,"turns":2}],"seed_played":"-1013766196056849752","potions_obtained":[{"floor":1.0,"key":"FocusPotion"},{"floor":5.0,"key":"FearPotion"}],"is_trial":false,"path_per_floor":["M","M","?","$","M","R","E","R","T","M","E"],"character_chosen":"DEFECT","items_purchased":["Gash"],"campfire_rested":0,"item_purchase_floors":[4],"current_hp_per_floor":[56,48,37,37,35,35,33,33,33,3,0],"gold":88,"neow_bonus":"TRANSFORM_TWO_CARDS","is_prod":false,"is_daily":false,"chose_seed":false,"campfire_upgraded":2,"win_rate":0,"timestamp":1570887712,"path_taken":["M","?","?","?","?","R","E","R","T","M","E"],"build_version":"2019-07-17","purchased_purges":1,"victory":false,"max_hp_per_floor":[71,71,71,71,71,71,71,71,71,71,71],"card_choices":[{"not_picked":["Compile Driver","Cold Snap"],"picked":"Streamline","floor":1.0},{"not_picked":["Leap","Rebound"],"picked":"Glacier","floor":2.0},{"not_picked":["Doom and Gloom","Compile Driver"],"picked":"Reinforced Body","floor":5.0},{"not_picked":["Thunder Strike","Fusion"],"picked":"Genetic Algorithm","floor":7.0},{"not_picked":["Skim","Rebound"],"picked":"Compile Driver","floor":10}],"player_experience":471863,"relics_obtained":[{"floor":7.0,"key":"Dream Catcher"},{"floor":9,"key":"Ice Cream"}],"event_choices":[{"damage_healed":0.0,"max_hp_gain":0.0,"max_hp_loss":0.0,"gold_gain":0.0,"event_name":"Scrap Ooze","player_choice":"Success","floor":3.0,"gold_loss":0.0,"damage_taken":11.0,"relics_obtained":["Du-Vu Doll"]}],"is_beta":false,"boss_relics":[],"items_purged_floors":[4],"is_endless":false,"potions_floor_spawned":[1,5],"killed_by":"3 Sentries","ascension_level":20}