{"gold_per_floor":[360,380,380,391,391,432,432,473,473,35,35,53,132,132,132,256,256,271,291,304,304,319,319,354,354,354,354,367,391,416,457,457,580,580,595,619,638,638,652,652],"floor_reached":40,"playtime":2346,"items_purged":["Injury"],"score":579,"play_id":"a026a0e3-994d-498b-a23b-ab7ca3532590","local_time":"20191008205159","is_ascension_mode":true,"campfire_choices":[{"floor":7,"key":"REST"},{"data":"Crippling Poison","floor":15,"key":"SMITH"},{"floor":23,"key":"REST"},{"data":"Footwork","floor":25,"key":"SMITH"},{"data":"Catalyst","floor":27,"key":"SMITH"},{"data":"Envenom","floor":32,"key":"SMITH"}],"neow_cost":"TEN_PERCENT_HP_LOSS","seed_source_timestamp":7783983750151,"circlet_count":0,"master_deck":["Strike_G","Strike_G","Strike_G","Strike_G","Defend_G","Defend_G","Defend_G","Defend_G","Defend_G","Survivor","Neutralize","Dagger Throw","Catalyst+1","Dash","Slice","Dodge and Roll+1","Infinite Blades","Crippling Poison+1","Predator","Envenom+1","Footwork+1","Bane+1","Backflip+1","Deadly Poison+1","Crippling Poison","Flechettes","Footwork","Corpse Explosion","Blur+1"],"relics":["Ring of the Snake","Golden Idol","Mercury Hourglass","Happy Flower","White Beast Statue","The Specimen","Sundial","Velvet Choker","Girya","TungstenRod","Lizard Tail","Nunchaku","Strawberry"],"potions_floor_usage":[6,8,16,22,24,24,24,30,31,31,31,33,39,40,40,40],"damage_taken":[{"damage":0,"enemies":"2 Louse","floor":1,"turns":3},{"damage":2,"enemies":"Small Slimes","floor":2,"turns":4},{"damage":2,"enemies":"Jaw Worm","floor":4,"turns":3},{"damage":32,"enemies":"Lagavulin","floor":6,"turns":10},{"damage":17,"enemies":"3 Sentries","floor":8,"turns":7},{"damage":4,"enemies":"Large Slime","floor":12,"turns":5},{"damage":24,"enemies":"The Guardian","floor":16,"turns":12},{"damage":18,"enemies":"Spheric Guardian","floor":18,"turns":4},{"damage":8,"enemies":"Shell Parasite","floor":19,"turns":5},{"damage":0,"enemies":"Centurion and Healer","floor":20,"turns":5},{"damage":0,"enemies":"Chosen and Byrds","floor":22,"turns":5},{"damage":0,"enemies":"Book of Stabbing","floor":24,"turns":5},{"damage":0,"enemies":"Snake Plant","floor":28,"turns":4},{"damage":13,"enemies":"Sentry and Sphere","floor":29,"turns":6},{"damage":0,"enemies":"Chosen and Byrds","floor":30,"turns":4},{"damage":13,"enemies":"Slavers","floor":31,"turns":3},{"damage":34,"enemies":"Champ","floor":33,"turns":10},{"damage":13,"enemies":"3 Darklings","floor":35,"turns":3},{"damage":6,"enemies":"Orb Walker","floor":37,"turns":4},{"damage":14,"enemies":"Transient","floor":39,"turns":5},{"damage":31,"enemies":"Reptomancer","floor":40,"turns":2}],"seed_played":"337064194407491996","potions_obtained":[{"floor":1,"key":"Ancient Potion"},{"floor":6,"key":"LiquidBronze"},{"floor":12,"key":"FearPotion"},{"floor":16,"key":"Strength Potion"},{"floor":18,"key":"GamblersBrew"},{"floor":19,"key":"Regen Potion"},{"floor":22,"key":"PowerPotion"},{"floor":24,"key":"Weak Potion"},{"floor":28,"key":"AttackPotion"},{"floor":29,"key":"FearPotion"},{"floor":30,"key":"SteroidPotion"},{"floor":31,"key":"Weak Potion"},{"floor":33,"key":"LiquidBronze"},{"floor":35,"key":"Swift Potion"},{"floor":37,"key":"DuplicationPotion"},{"floor":39,"key":"SteroidPotion"}],"is_trial":false,"path_per_floor":["M","M","?","M","?","E","R","E","T","$","?","M","T","?","R","B",null,"M","M","M","T","M","R","E","R","T","R","M","M","M","E","R","B",null,"M","T","M","?","M","E"],"character_chosen":"THE_SILENT","items_purchased":["The Specimen","Crippling Poison"],"campfire_rested":2,"item_purchase_floors":[10,10],"current_hp_per_floor":[63,61,61,59,59,27,45,28,28,28,43,39,39,39,39,15,51,33,25,25,25,25,43,57,57,57,57,57,44,44,31,31,31,55,42,49,43,43,29,0],"gold":652,"neow_bonus":"TWO_FIFTY_GOLD","is_prod":false,"is_daily":false,"chose_seed":false,"campfire_upgraded":4,"win_rate":0,"timestamp":1570521119,"path_taken":["M","M","?","M","?","E","R","E","T","?","?","?","?","?","R","BOSS","M","M","M","?","M","R","E","R","T","R","M","M","M","E","R","BOSS","M","?","?","?","M","E"],"build_version":"2019-10-07","purchased_purges":1,"victory":false,"max_hp_per_floor":[63,63,63,63,63,63,63,63,63,63,63,63,63,63,63,63,63,63,63,63,63,63,63,63,63,63,63,63,63,63,63,63,63,63,63,70,70,67,67,67],"card_choices":[{"not_picked":["Eviscerate","Bane"],"picked":"Dagger Throw","floor":1},{"not_picked":["Heel Hook","Backflip"],"picked":"Catalyst","floor":2},{"not_picked":["Bane","Sucker Punch"],"picked":"Slice","floor":4},{"not_picked":["Outmaneuver","Endless Agony"],"picked":"Dodge and Roll","floor":6},{"not_picked":["Choke","Blade Dance"],"picked":"Infinite Blades","floor":8},{"not_picked":["Dagger Throw","PiercingWail"],"picked":"Predator","floor":12},{"not_picked":["A Thousand Cuts","Tools of the Trade"],"picked":"Envenom","floor":16},{"not_picked":["Quick Slash","Bouncing Flask"],"picked":"Footwork","floor":18},{"not_picked":["Quick Slash","Cloak And Dagger+1"],"picked":"Bane+1","floor":19},{"not_picked":["Dagger Throw+1","Calculated Gamble"],"picked":"Backflip+1","floor":20},{"not_picked":["Prepared","Crippling Poison"],"picked":"Deadly Poison+1","floor":22},{"not_picked":["Phantasmal Killer","Dodge and Roll","Concentrate"],"picked":"SKIP","floor":24},{"not_picked":["Backflip","Outmaneuver","Distraction"],"picked":"SKIP","floor":28},{"not_picked":["Distraction","Dagger Throw"],"picked":"Crippling Poison","floor":29},{"not_picked":["Dagger Spray","Flying Knee+1"],"picked":"Flechettes","floor":30},{"not_picked":["Flechettes","Choke"],"picked":"Footwork","floor":31},{"not_picked":["Die Die Die","After Image"],"picked":"Corpse Explosion","floor":33},{"not_picked":["Masterful Stab","Dagger Throw","Sucker Punch"],"picked":"SKIP","floor":35},{"not_picked":["Deflect","Outmaneuver"],"picked":"Blur+1","floor":37},{"not_picked":["Prepared+1","Quick Slash","Cloak And Dagger"],"picked":"SKIP","floor":39}],"player_experience":171246,"relics_obtained":[{"floor":6,"key":"Mercury Hourglass"},{"floor":8,"key":"Happy Flower"},{"floor":9,"key":"White Beast Statue"},{"floor":13,"key":"Sundial"},{"floor":21,"key":"Girya"},{"floor":24,"key":"TungstenRod"},{"floor":26,"key":"Lizard Tail"},{"floor":31,"key":"Nunchaku"},{"floor":36,"key":"Strawberry"}],"event_choices":[{"damage_healed":0,"gold_gain":0,"cards_transformed":["Strike_G"],"player_choice":"Change","damage_taken":0,"max_hp_gain":0,"max_hp_loss":0,"event_name":"Living Wall","floor":3,"gold_loss":0,"cards_obtained":["Dash"]},{"damage_healed":0,"gold_gain":0,"player_choice":"Take Wound","damage_taken":0,"relics_obtained":["Golden Idol"],"max_hp_gain":0,"max_hp_loss":0,"event_name":"Golden Idol","floor":5,"gold_loss":0,"cards_obtained":["Injury"]},{"damage_healed":15,"gold_gain":0,"player_choice":"Healed and dodged fight","damage_taken":0,"max_hp_gain":0,"max_hp_loss":0,"event_name":"Mushrooms","floor":11,"gold_loss":0,"cards_obtained":["Parasite"]},{"damage_healed":0,"gold_gain":0,"player_choice":"Forge","damage_taken":0,"max_hp_gain":0,"max_hp_loss":0,"event_name":"Accursed Blacksmith","floor":14,"gold_loss":0,"cards_upgraded":["Dodge and Roll"]},{"cards_removed":["Parasite"],"damage_healed":0,"gold_gain":0,"player_choice":"Removed Curses","damage_taken":0,"max_hp_gain":0,"max_hp_loss":0,"event_name":"Fountain of Cleansing","floor":38,"gold_loss":0}],"is_beta":true,"boss_relics":[{"not_picked":["Sozu","Ectoplasm"],"picked":"Velvet Choker"},{"not_picked":["Busted Crown","HoveringKite","Cursed Key"]}],"items_purged_floors":[10],"is_endless":false,"potions_floor_spawned":[1,6,12,16,18,19,20,22,24,28,29,30,31,33,35,37,39],"killed_by":"Reptomancer","ascension_level":5}