{"gold_per_floor":[119,119,135,147,161,161,195,195,195,205,239,256,275,292,292,396,396,411,421,421,336,336,370,370,381,458,458,472,472,497,507,507,607,607,621,621],"floor_reached":36,"playtime":3049,"items_purged":[],"score":443,"play_id":"cc2b4c0f-6016-4eab-9e1c-bc35fa9be453","local_time":"20190919234122","is_ascension_mode":false,"campfire_choices":[{"data":"Rainbow","floor":6,"key":"SMITH"},{"data":"Darkness","floor":8,"key":"SMITH"},{"data":"Double Energy","floor":15,"key":"SMITH"},{"data":"Defragment","floor":24,"key":"SMITH"},{"data":"Electrodynamics","floor":27,"key":"SMITH"},{"data":"Chaos","floor":32,"key":"SMITH"}],"neow_cost":"NONE","seed_source_timestamp":13983077697187,"circlet_count":0,"master_deck":["Rainbow+1","Meteor Strike","Skim","Darkness+1","Glacier","Barrage","Ball Lightning","Tempest","Coolheaded","Double Energy+1","Static Discharge","Defragment+1","Chaos+1","Electrodynamics+1","Cold Snap","Defragment","Undo+1","Meteor Strike","Defragment","Meteor Strike","Consume","Echo Form","Auto Shields+1","Sweeping Beam+1","Heatsinks+1","Turbo"],"relics":["Pandora\u0027s Box","Calipers","Meat on the Bone","Inserter","Nilry\u0027s Codex","PreservedInsect","HornCleat","Bottled Tornado","Gremlin Horn","Astrolabe"],"potions_floor_usage":[10,11,19,25,25,28,30],"damage_taken":[{"damage":0,"enemies":"Small Slimes","floor":1,"turns":4},{"damage":0,"enemies":"Cultist","floor":3,"turns":5},{"damage":1,"enemies":"2 Louse","floor":4,"turns":3},{"damage":9,"enemies":"2 Fungi Beasts","floor":5,"turns":4},{"damage":23,"enemies":"3 Sentries","floor":7,"turns":7},{"damage":14,"enemies":"Large Slime","floor":10,"turns":4},{"damage":0,"enemies":"Lagavulin","floor":11,"turns":4},{"damage":0,"enemies":"Exordium Wildlife","floor":12,"turns":3},{"damage":10,"enemies":"3 Louse","floor":13,"turns":2},{"damage":10,"enemies":"2 Fungi Beasts","floor":14,"turns":4},{"damage":7,"enemies":"Slime Boss","floor":16,"turns":11},{"damage":10,"enemies":"3 Byrds","floor":18,"turns":3},{"damage":9,"enemies":"Shell Parasite","floor":19,"turns":6},{"damage":32,"enemies":"Book of Stabbing","floor":23,"turns":5},{"damage":18,"enemies":"Centurion and Healer","floor":25,"turns":5},{"damage":21,"enemies":"Snake Plant","floor":28,"turns":2},{"damage":2,"enemies":"Gremlin Leader","floor":30,"turns":4},{"damage":0,"enemies":"3 Cultists","floor":31,"turns":4},{"damage":13,"enemies":"Automaton","floor":33,"turns":6},{"damage":31,"enemies":"3 Darklings","floor":35,"turns":4},{"damage":62,"enemies":"3 Shapes","floor":36,"turns":3}],"seed_played":"-4168502451724066811","potions_obtained":[{"floor":3,"key":"Regen Potion"},{"floor":7,"key":"GamblersBrew"},{"floor":13,"key":"Weak Potion"},{"floor":16,"key":"Regen Potion"},{"floor":18,"key":"DuplicationPotion"},{"floor":19,"key":"Fire Potion"},{"floor":28,"key":"Weak Potion"},{"floor":33,"key":"Swift Potion"}],"is_trial":false,"path_per_floor":["M","?","M","M","M","R","E","R","T","M","E","M","M","M","R","B",null,"M","M","?","?","?","E","R","M","T","R","M","?","E","M","R","B",null,"M","M"],"character_chosen":"DEFECT","items_purchased":[],"campfire_rested":0,"item_purchase_floors":[],"current_hp_per_floor":[75,75,75,74,65,65,42,42,42,40,40,40,42,44,44,49,75,65,56,40,40,40,20,20,28,28,28,19,19,29,41,41,40,75,44,0],"gold":621,"neow_bonus":"BOSS_RELIC","is_prod":false,"is_daily":false,"chose_seed":false,"campfire_upgraded":6,"win_rate":0,"timestamp":1568893282,"path_taken":["M","?","?","M","?","R","E","R","T","M","E","M","M","M","R","BOSS","M","?","?","?","?","E","R","?","T","R","M","?","E","M","R","BOSS","M","M"],"build_version":"2019-09-18","purchased_purges":0,"victory":false,"max_hp_per_floor":[75,75,75,75,75,75,75,75,75,75,75,75,75,75,75,75,75,75,75,75,75,75,75,75,75,75,75,75,75,75,75,75,75,75,75,75],"card_choices":[{"not_picked":["Steam","Hologram"],"picked":"Streamline","floor":1},{"not_picked":["Beam Cell","Rebound"],"picked":"Barrage","floor":3},{"not_picked":["Go for the Eyes","Barrage"],"picked":"Ball Lightning","floor":4},{"not_picked":["Darkness","Gash"],"picked":"Tempest","floor":5},{"not_picked":["Steam Power","Streamline"],"picked":"Coolheaded","floor":7},{"not_picked":["Beam Cell","Meteor Strike"],"picked":"Double Energy","floor":10},{"not_picked":["Conserve Battery","Sweeping Beam"],"picked":"Static Discharge","floor":11},{"not_picked":["Sweeping Beam","Go for the Eyes","Gash"],"picked":"SKIP","floor":12},{"not_picked":["Hologram","Machine Learning"],"picked":"Defragment","floor":13},{"not_picked":["Compile Driver","Reprogram"],"picked":"Chaos","floor":14},{"not_picked":["Buffer","Meteor Strike"],"picked":"Electrodynamics","floor":16},{"not_picked":["Coolheaded","Hologram","Stack"],"picked":"SKIP","floor":18},{"not_picked":["Leap","Streamline","Coolheaded"],"picked":"SKIP","floor":19},{"not_picked":["Streamline","Rebound"],"picked":"Cold Snap","floor":23},{"not_picked":["Barrage","Redo"],"picked":"Defragment","floor":25},{"not_picked":["Rebound+1","Steam Power+1"],"picked":"Undo+1","floor":28},{"not_picked":["Melter","Reinforced Body+1"],"picked":"Meteor Strike","floor":30},{"not_picked":["Coolheaded","Glacier"],"picked":"Consume","floor":31},{"not_picked":["Meteor Strike","Amplify"],"picked":"Echo Form","floor":33},{"not_picked":["Streamline+1","Sweeping Beam+1"],"picked":"Turbo","floor":35}],"player_experience":73490,"relics_obtained":[{"floor":7,"key":"Calipers"},{"floor":11,"key":"Meat on the Bone"},{"floor":20,"key":"Nilry\u0027s Codex"},{"floor":23,"key":"HornCleat"},{"floor":26,"key":"Bottled Tornado"},{"floor":30,"key":"Gremlin Horn"}],"event_choices":[{"cards_removed":["Streamline"],"damage_healed":5,"gold_gain":0,"player_choice":"Offered Common","damage_taken":0,"max_hp_gain":0,"max_hp_loss":0,"event_name":"Bonfire Elementals","floor":2,"gold_loss":0},{"cards_removed":["Streamline"],"damage_healed":5,"gold_gain":0,"player_choice":"Offered Special","damage_taken":0,"max_hp_gain":0,"max_hp_loss":0,"event_name":"Bonfire Elementals","floor":2,"gold_loss":0},{"damage_healed":0,"gold_gain":0,"player_choice":"Obtained Book","damage_taken":16,"max_hp_gain":0,"max_hp_loss":0,"event_name":"Cursed Tome","floor":20,"gold_loss":0},{"damage_healed":0,"gold_gain":0,"player_choice":"Obtained Relic","damage_taken":0,"relics_obtained":["PreservedInsect"],"max_hp_gain":0,"max_hp_loss":0,"event_name":"Addict","floor":21,"gold_loss":85},{"damage_healed":0,"gold_gain":0,"player_choice":"Ignored","damage_taken":0,"max_hp_gain":0,"max_hp_loss":0,"event_name":"Vampires","floor":22,"gold_loss":0},{"damage_healed":0,"gold_gain":0,"cards_transformed":["Skim","Heatsinks"],"player_choice":"Became Test Subject","damage_taken":0,"max_hp_gain":0,"max_hp_loss":0,"event_name":"Drug Dealer","floor":29,"gold_loss":0,"cards_obtained":["Meteor Strike","Defragment"]}],"is_beta":true,"boss_relics":[{"not_picked":["SlaversCollar","Calling Bell"],"picked":"Inserter"},{"not_picked":["Empty Cage","Tiny House"],"picked":"Astrolabe"}],"items_purged_floors":[],"is_endless":false,"potions_floor_spawned":[3,7,13,16,18,19,23,28,33],"killed_by":"3 Shapes","ascension_level":0}