{"gold_per_floor":[116,216,227,238,258,289,300,265,290,290,315,590,603,112,112,212,212,223,223,243,243,253,285,296,296,296,2,30,30,61,71,71,167,167,184,196,196,206,206,234,234,234,234,251,98,98,125,136,136,136],"floor_reached":51,"playtime":3417,"items_purged":["Regret"],"score":1040,"play_id":"623fe533-f869-49ac-9f4a-64561cd2acaa","local_time":"20191010201405","is_ascension_mode":true,"campfire_choices":[{"data":"Noxious Fumes","floor":10,"key":"SMITH"},{"floor":15,"key":"REST"},{"data":"Venomology","floor":25,"key":"SMITH"},{"data":"Catalyst","floor":29,"key":"SMITH"},{"data":"A Thousand Cuts","floor":32,"key":"SMITH"},{"data":"Underhanded Strike","floor":42,"key":"PURGE"},{"data":"Dodge and Roll","floor":49,"key":"SMITH"}],"neow_cost":"NONE","seed_source_timestamp":3017336475172,"circlet_count":0,"master_deck":["Strike_G","Strike_G","Strike_G","Defend_G","Defend_G","Defend_G","Defend_G","Defend_G","Survivor","Neutralize+1","Backstab","Noxious Fumes+1","Blur","Deadly Poison","Blur","Escape Plan","Noxious Fumes","Catalyst+1","Leg Sweep","Dark Shackles","Venomology+1","Distraction","Blade Dance","Acrobatics","Noxious Fumes+1","Noxious Fumes","Burst+1","Deflect","A Thousand Cuts+1","Adrenaline","CurseOfTheBell","Dodge and Roll+1","Bane+1","Bullet Time","PiercingWail+1"],"relics":["Ring of the Snake","Ornamental Fan","Vajra","Lantern","Mercury Hourglass","Coffee Dripper","Snake Skull","Torii","Bottled Lightning","Lee\u0027s Waffle","Dead Branch","PreservedInsect","Calling Bell","Toy Ornithopter","Meat on the Bone","Peace Pipe","Thread and Needle","Oddly Smooth Stone","TwistedFunnel","Dream Catcher"],"potions_floor_usage":[16,23,23,23,23,24,28,30,30,30,33,35,35,38,40,40,44,47,48,48,50,50,50,50],"damage_taken":[{"damage":3,"enemies":"2 Louse","floor":1,"turns":3},{"damage":0,"enemies":"Cultist","floor":3,"turns":3},{"damage":0,"enemies":"Small Slimes","floor":4,"turns":4},{"damage":0,"enemies":"Exordium Thugs","floor":5,"turns":6},{"damage":19,"enemies":"3 Sentries","floor":6,"turns":8},{"damage":2,"enemies":"Looter","floor":7,"turns":4},{"damage":16,"enemies":"Gremlin Nob","floor":11,"turns":4},{"damage":12,"enemies":"Lots of Slimes","floor":13,"turns":4},{"damage":36,"enemies":"Slime Boss","floor":16,"turns":8},{"damage":9,"enemies":"Chosen","floor":18,"turns":6},{"damage":0,"enemies":"3 Byrds","floor":20,"turns":4},{"damage":0,"enemies":"Centurion and Healer","floor":22,"turns":6},{"damage":30,"enemies":"Slavers","floor":23,"turns":4},{"damage":7,"enemies":"3 Cultists","floor":24,"turns":4},{"damage":2,"enemies":"Gremlin Leader","floor":28,"turns":6},{"damage":22,"enemies":"Slavers","floor":30,"turns":4},{"damage":0,"enemies":"Snake Plant","floor":31,"turns":3},{"damage":2,"enemies":"Automaton","floor":33,"turns":5},{"damage":10,"enemies":"3 Darklings","floor":35,"turns":4},{"damage":2,"enemies":"Orb Walker","floor":36,"turns":4},{"damage":0,"enemies":"4 Shapes","floor":38,"turns":4},{"damage":8,"enemies":"Giant Head","floor":40,"turns":6},{"damage":0,"enemies":"Spire Growth","floor":44,"turns":6},{"damage":12,"enemies":"Nemesis","floor":47,"turns":5},{"damage":0,"enemies":"Maw","floor":48,"turns":6},{"damage":69,"enemies":"Awakened One","floor":50,"turns":9}],"seed_played":"-83808776289647658","potions_obtained":[{"floor":4,"key":"Ancient Potion"},{"floor":5,"key":"Ancient Potion"},{"floor":13,"key":"Fire Potion"},{"floor":22,"key":"Energy Potion"},{"floor":23,"key":"Energy Potion"},{"floor":28,"key":"SkillPotion"},{"floor":33,"key":"FearPotion"},{"floor":35,"key":"Dexterity Potion"},{"floor":38,"key":"CunningPotion"},{"floor":40,"key":"Ancient Potion"},{"floor":47,"key":"GhostInAJar"},{"floor":48,"key":"Energy Potion"}],"is_trial":false,"path_per_floor":["M","?","M","M","M","E","M","$","T","R","E","?","M","$","R","B",null,"M","?","M","?","M","E","M","R","T","$","E","R","E","M","R","B",null,"M","M","$","M","?","E","?","R","T","M","$","?","E","M","R","B",null],"character_chosen":"THE_SILENT","items_purchased":["Noxious Fumes","Leg Sweep","Dark Shackles","Mercury Hourglass","Lee\u0027s Waffle","Burst","TwistedFunnel"],"campfire_rested":1,"item_purchase_floors":[8,14,14,14,27,27,45],"current_hp_per_floor":[67,67,67,67,67,48,46,46,46,46,30,30,18,18,39,3,53,44,44,44,44,44,14,7,7,7,77,75,75,53,53,53,51,71,71,69,69,74,74,69,69,69,69,74,74,74,65,75,75,21],"gold":136,"neow_bonus":"UPGRADE_CARD","is_prod":false,"is_daily":false,"chose_seed":false,"campfire_upgraded":5,"win_rate":0,"timestamp":1570691645,"path_taken":["M","?","?","?","M","E","M","$","T","R","E","?","M","$","R","BOSS","M","?","M","?","M","E","M","R","T","$","E","R","E","M","R","BOSS","M","M","?","M","?","E","?","R","T","M","$","?","E","M","R","BOSS"],"build_version":"2019-10-09","purchased_purges":1,"victory":true,"max_hp_per_floor":[70,70,70,70,70,70,70,70,70,70,70,70,70,70,70,70,70,70,70,70,70,70,70,70,70,70,77,77,77,77,77,77,77,77,77,77,77,77,77,77,77,77,77,77,77,77,77,77,77,77],"card_choices":[{"not_picked":["Poisoned Stab","Predator"],"picked":"Backstab","floor":1},{"not_picked":["Poisoned Stab","Quick Slash"],"picked":"Noxious Fumes","floor":3},{"not_picked":["Accuracy","Prepared"],"picked":"Blur","floor":4},{"not_picked":["Dagger Spray","Caltrops"],"picked":"Deadly Poison","floor":5},{"not_picked":["Accuracy","Quick Slash"],"picked":"Blur","floor":6},{"not_picked":["Calculated Gamble","Bane"],"picked":"Escape Plan","floor":7},{"not_picked":["Grand Finale","Deadly Poison"],"picked":"Catalyst","floor":11},{"not_picked":["Choke","Quick Slash"],"picked":"Poisoned Stab","floor":13},{"not_picked":["Die Die Die","Grand Finale"],"picked":"Venomology","floor":16},{"not_picked":["Sucker Punch","Dagger Spray"],"picked":"Distraction","floor":18},{"not_picked":["Accuracy","Quick Slash"],"picked":"Acrobatics","floor":20},{"not_picked":["Acrobatics","Bouncing Flask"],"picked":"Noxious Fumes+1","floor":22},{"not_picked":["Quick Slash","Riddle With Holes","Deadly Poison"],"picked":"SKIP","floor":23},{"not_picked":["Dagger Spray","Cloak And Dagger"],"picked":"Noxious Fumes","floor":24},{"not_picked":["Dagger Spray","Flechettes","Noxious Fumes"],"picked":"SKIP","floor":28},{"not_picked":["Terror+1","Dagger Spray"],"picked":"Deflect","floor":30},{"not_picked":["Leg Sweep+1","Outmaneuver"],"picked":"A Thousand Cuts","floor":31},{"not_picked":["Phantasmal Killer","Burst"],"picked":"Adrenaline","floor":33},{"not_picked":["Flying Knee+1","Blade Dance+1"],"picked":"Dodge and Roll","floor":35},{"not_picked":["Dagger Throw","Underhanded Strike+1","Phantasmal Killer"],"picked":"SKIP","floor":36},{"not_picked":["Sucker Punch","Quick Slash","Slice"],"picked":"SKIP","floor":38},{"not_picked":["Sucker Punch+1","Underhanded Strike+1"],"picked":"Bane+1","floor":40},{"not_picked":["Slice","Quick Slash+1","Sucker Punch"],"picked":"SKIP","floor":44},{"not_picked":["Slice","Infinite Blades+1"],"picked":"Bullet Time","floor":47},{"not_picked":["Flying Knee","Prepared+1"],"picked":"PiercingWail+1","floor":48}],"player_experience":174361,"relics_obtained":[{"floor":6,"key":"Ornamental Fan"},{"floor":9,"key":"Vajra"},{"floor":11,"key":"Lantern"},{"floor":23,"key":"Torii"},{"floor":26,"key":"Bottled Lightning"},{"floor":28,"key":"Dead Branch"},{"floor":30,"key":"PreservedInsect"},{"floor":34,"key":"Toy Ornithopter"},{"floor":34,"key":"Meat on the Bone"},{"floor":34,"key":"Peace Pipe"},{"floor":40,"key":"Thread and Needle"},{"floor":43,"key":"Oddly Smooth Stone"},{"floor":47,"key":"Dream Catcher"}],"event_choices":[{"damage_healed":0,"gold_gain":100,"player_choice":"Gold","damage_taken":0,"max_hp_gain":0,"max_hp_loss":0,"event_name":"Wheel of Change","floor":2,"gold_loss":0},{"damage_healed":0,"gold_gain":275,"player_choice":"Desecrate","damage_taken":0,"max_hp_gain":0,"max_hp_loss":0,"event_name":"Golden Shrine","floor":12,"gold_loss":0,"cards_obtained":["Regret"]},{"damage_healed":0,"gold_gain":0,"cards_transformed":["Strike_G","Strike_G"],"player_choice":"Became Test Subject","damage_taken":0,"max_hp_gain":0,"max_hp_loss":0,"event_name":"Drug Dealer","floor":19,"gold_loss":0,"cards_obtained":["Underhanded Strike","Blade Dance"]},{"damage_healed":0,"gold_gain":0,"player_choice":"Gave Potion","damage_taken":0,"relics_obtained":["Snake Skull"],"max_hp_gain":0,"max_hp_loss":0,"event_name":"WeMeetAgain","floor":21,"gold_loss":0},{"damage_healed":0,"gold_gain":0,"player_choice":"Ignored","damage_taken":0,"max_hp_gain":0,"max_hp_loss":0,"event_name":"Tomb of Lord Red Mask","floor":39,"gold_loss":0},{"cards_removed":["Poisoned Stab"],"damage_healed":0,"gold_gain":0,"player_choice":"Removed Attack","damage_taken":0,"max_hp_gain":0,"max_hp_loss":0,"event_name":"Falling","floor":41,"gold_loss":0},{"damage_healed":0,"gold_gain":0,"player_choice":"Upgraded","damage_taken":0,"max_hp_gain":0,"max_hp_loss":0,"event_name":"Upgrade Shrine","floor":46,"gold_loss":0,"cards_upgraded":["Burst"]}],"is_beta":true,"boss_relics":[{"not_picked":["Fusion Hammer","Runic Dome"],"picked":"Coffee Dripper"},{"not_picked":["Snecko Eye","Pandora\u0027s Box"],"picked":"Calling Bell"}],"items_purged_floors":[14],"is_endless":false,"potions_floor_spawned":[4,5,13,22,23,28,33,35,38,40,47,48],"ascension_level":5}