{"gold_per_floor":[359,120,120,133,151,184,184,184,211,224,251,251,283,65,65,160,210,226,226,8,25,39,39,65,83,153,153,78,111,111,63,63,158,158,169,179,279,279,296,296,307,307,307,281,281,295,27,44,44,44],"floor_reached":51,"playtime":4629,"items_purged":["Writhe"],"score":923,"play_id":"48fc3970-05d1-4029-970a-5eb846deb470","local_time":"20191013182248","is_ascension_mode":true,"campfire_choices":[{"floor":8,"key":"REST"},{"data":"Cloak And Dagger","floor":12,"key":"SMITH"},{"floor":15,"key":"REST"},{"data":"Caltrops","floor":23,"key":"SMITH"},{"floor":27,"key":"REST"},{"floor":30,"key":"REST"},{"data":"Malaise","floor":32,"key":"SMITH"},{"data":"Caltrops","floor":40,"key":"SMITH"},{"floor":49,"key":"REST"}],"neow_cost":"CURSE","seed_source_timestamp":20909552741445,"circlet_count":0,"master_deck":["Strike_G","Strike_G","Strike_G","Strike_G","Defend_G","Defend_G","Defend_G+1","Defend_G","Survivor","Neutralize+1","Footwork","Caltrops+1","Good Instincts","Cloak And Dagger+1","Dodge and Roll","Leg Sweep","Slice","Sucker Punch","Footwork","Caltrops+1","Dark Shackles","Cloak And Dagger","Wraith Form v2","Dagger Throw","Well Laid Plans","Adrenaline","Tools of the Trade","Malaise+1","Underhanded Strike","Prepared+1","Doppelganger","Underhanded Strike+1","Backflip","Cloak And Dagger","Well Laid Plans","Adrenaline","Quick Slash","Cloak And Dagger"],"relics":["Ring of the Snake","Ancient Tea Set","Vajra","Bird Faced Urn","Mango","Tiny House","Lantern","Pantograph","Mercury Hourglass","Red Mask","Busted Crown","Turnip","Potion Belt","DollysMirror"],"potions_floor_usage":[6,18,22,25,25,29,33,50,50,50],"damage_taken":[{"damage":0,"enemies":"2 Louse","floor":1,"turns":3},{"damage":4,"enemies":"Small Slimes","floor":4,"turns":5},{"damage":0,"enemies":"Jaw Worm","floor":5,"turns":5},{"damage":54,"enemies":"Gremlin Nob","floor":6,"turns":7},{"damage":0,"enemies":"2 Fungi Beasts","floor":10,"turns":4},{"damage":8,"enemies":"Lagavulin","floor":11,"turns":13},{"damage":20,"enemies":"Gremlin Nob","floor":13,"turns":5},{"damage":57,"enemies":"Slime Boss","floor":16,"turns":18},{"damage":14,"enemies":"3 Byrds","floor":18,"turns":5},{"damage":7,"enemies":"Shell Parasite","floor":21,"turns":8},{"damage":6,"enemies":"Snake Plant","floor":22,"turns":5},{"damage":75,"enemies":"Slavers","floor":24,"turns":8},{"damage":13,"enemies":"3 Cultists","floor":25,"turns":7},{"damage":21,"enemies":"Masked Bandits","floor":29,"turns":6},{"damage":35,"enemies":"Champ","floor":33,"turns":19},{"damage":0,"enemies":"3 Shapes","floor":35,"turns":8},{"damage":5,"enemies":"Orb Walker","floor":36,"turns":4},{"damage":0,"enemies":"Mind Bloom Boss Battle","floor":37,"turns":9},{"damage":13,"enemies":"Maw","floor":39,"turns":11},{"damage":45,"enemies":"Spire Growth","floor":41,"turns":7},{"damage":38,"enemies":"Transient","floor":46,"turns":5},{"damage":21,"enemies":"3 Darklings","floor":48,"turns":5},{"damage":49,"enemies":"Awakened One","floor":50,"turns":19}],"seed_played":"-9149142403834755395","potions_obtained":[{"floor":1,"key":"Block Potion"},{"floor":5,"key":"Energy Potion"},{"floor":16,"key":"FearPotion"},{"floor":17,"key":"LiquidBronze"},{"floor":21,"key":"Poison Potion"},{"floor":25,"key":"SpeedPotion"},{"floor":33,"key":"LiquidBronze"},{"floor":37,"key":"Weak Potion"},{"floor":48,"key":"Energy Potion"}],"is_trial":false,"path_per_floor":["M","$","?","M","M","E","?","R","T","M","E","R","E","$","R","B",null,"M","?","$","M","M","R","E","M","T","R","?","?","R","$","R","B",null,"M","M","?","$","M","R","M","?","T","$","?","M","$","M","R","B",null],"character_chosen":"THE_SILENT","items_purchased":["Caltrops","Good Instincts","Caltrops","Dark Shackles","Cloak And Dagger","Lantern","Tools of the Trade","PowerPotion","Backflip","Well Laid Plans","DollysMirror","Quick Slash"],"campfire_rested":5,"item_purchase_floors":[2,2,14,14,14,20,20,31,44,47,47,47],"current_hp_per_floor":[63,63,63,59,59,5,22,43,43,43,35,35,33,33,58,9,70,64,64,64,69,75,75,12,13,13,39,39,30,55,55,55,59,79,86,86,86,86,79,79,46,46,46,46,46,16,16,5,30,20],"gold":44,"neow_bonus":"TWO_FIFTY_GOLD","is_prod":false,"is_daily":false,"chose_seed":false,"campfire_upgraded":4,"win_rate":0,"timestamp":1570944168,"path_taken":["M","$","?","M","M","E","?","R","T","M","E","R","E","$","R","BOSS","M","?","$","M","M","R","E","M","T","R","?","?","R","?","R","BOSS","M","M","?","$","M","R","M","?","T","$","?","?","$","M","R","BOSS"],"build_version":"2019-10-11","purchased_purges":1,"victory":true,"max_hp_per_floor":[70,70,70,70,70,70,70,70,70,70,70,70,84,84,84,84,89,89,89,89,89,89,89,89,89,89,89,86,86,86,86,86,86,86,86,86,86,86,86,86,86,86,86,86,86,86,86,86,86,86],"card_choices":[{"not_picked":["Dagger Spray","Cloak And Dagger"],"picked":"Footwork","floor":1},{"not_picked":["Endless Agony","Footwork"],"picked":"Cloak And Dagger","floor":4},{"not_picked":["Dagger Spray","Prepared"],"picked":"Dodge and Roll","floor":5},{"not_picked":["PiercingWail","Choke"],"picked":"Leg Sweep","floor":6},{"not_picked":["Flechettes","Dagger Throw"],"picked":"Slice","floor":10},{"not_picked":["Setup","Skewer"],"picked":"Sucker Punch","floor":11},{"not_picked":["Prepared","Skewer"],"picked":"Footwork","floor":13},{"not_picked":["Tools of the Trade","Night Terror"],"picked":"Wraith Form v2","floor":16},{"not_picked":["Slice","Sucker Punch"],"picked":"Dagger Throw","floor":17},{"not_picked":["Sucker Punch","Underhanded Strike"],"picked":"Well Laid Plans","floor":18},{"not_picked":["Dagger Throw+1","Sucker Punch","Bouncing Flask"],"picked":"SKIP","floor":21},{"not_picked":["Grand Finale","All Out Attack","Cloak And Dagger"],"picked":"SKIP","floor":22},{"not_picked":["Catalyst","Backflip"],"picked":"Malaise","floor":24},{"not_picked":["Slice","Outmaneuver+1"],"picked":"Underhanded Strike","floor":25},{"not_picked":["Tactician","Flying Knee"],"picked":"Prepared+1","floor":29},{"not_picked":["Glass Knife","Night Terror"],"picked":"Doppelganger","floor":33},{"not_picked":["Sucker Punch"],"picked":"SKIP","floor":35},{"not_picked":["Skewer"],"picked":"SKIP","floor":36},{"not_picked":[],"picked":"Underhanded Strike+1","floor":39},{"not_picked":["Poisoned Stab+1"],"picked":"SKIP","floor":41},{"not_picked":[],"picked":"Cloak And Dagger","floor":46},{"not_picked":[],"picked":"Cloak And Dagger","floor":48}],"player_experience":193123,"relics_obtained":[{"floor":6,"key":"Ancient Tea Set"},{"floor":9,"key":"Vajra"},{"floor":11,"key":"Bird Faced Urn"},{"floor":13,"key":"Mango"},{"floor":24,"key":"Pantograph"},{"floor":26,"key":"Mercury Hourglass"},{"floor":29,"key":"Red Mask"},{"floor":37,"key":"Turnip"},{"floor":43,"key":"Potion Belt"}],"event_choices":[{"damage_healed":0,"gold_gain":0,"player_choice":"Grow","damage_taken":0,"max_hp_gain":0,"max_hp_loss":0,"event_name":"Living Wall","floor":3,"gold_loss":0,"cards_upgraded":["Neutralize"]},{"damage_healed":17,"gold_gain":0,"player_choice":"Healed and dodged fight","damage_taken":0,"max_hp_gain":0,"max_hp_loss":0,"event_name":"Mushrooms","floor":7,"gold_loss":0,"cards_obtained":["Parasite"]},{"damage_healed":0,"gold_gain":0,"player_choice":"Read","damage_taken":0,"max_hp_gain":0,"max_hp_loss":0,"event_name":"The Library","floor":19,"gold_loss":0,"cards_obtained":["Adrenaline"]},{"cards_removed":["Parasite"],"damage_healed":0,"gold_gain":0,"player_choice":"Gave Gold","damage_taken":0,"max_hp_gain":0,"max_hp_loss":0,"event_name":"Beggar","floor":28,"gold_loss":75},{"damage_healed":0,"gold_gain":0,"player_choice":"Fought Bandits","damage_taken":0,"max_hp_gain":0,"max_hp_loss":0,"event_name":"Masked Bandits","floor":29,"gold_loss":0},{"damage_healed":0,"gold_gain":0,"player_choice":"Fight","damage_taken":0,"max_hp_gain":0,"max_hp_loss":0,"event_name":"MindBloom","floor":37,"gold_loss":0},{"cards_removed":["Defend_G"],"damage_healed":0,"gold_gain":0,"player_choice":"Removed Skill","damage_taken":0,"max_hp_gain":0,"max_hp_loss":0,"event_name":"Falling","floor":42,"gold_loss":0},{"cards_removed":["Strike_G"],"damage_healed":0,"gold_gain":0,"player_choice":"Offered Basic","damage_taken":0,"max_hp_gain":0,"max_hp_loss":0,"event_name":"Bonfire Elementals","floor":45,"gold_loss":0}],"is_beta":true,"boss_relics":[{"not_picked":["Velvet Choker","Cursed Key"],"picked":"Tiny House"},{"not_picked":["Empty Cage","SacredBark"],"picked":"Busted Crown"}],"items_purged_floors":[2],"is_endless":false,"potions_floor_spawned":[1,5,16,21,25,33,37,48],"ascension_level":6}