{"gold_per_floor":[114,114,133,144,164,189,189,218,242,271,281,281,281,294,294,373,373,392,18,28,28,48,48,68,102,102,121,140,65,65,65,65,141,191,209,223,234,234,17,17,27,27,50,66,66,85,85,105,105,105,105],"floor_reached":51,"playtime":3434,"items_purged":["Strike_B"],"score":1436,"play_id":"512df670-09af-42a1-92a4-7f7dde938f93","local_time":"20191012191219","is_ascension_mode":true,"campfire_choices":[{"floor":7.0,"key":"REST"},{"floor":12.0,"key":"REST"},{"data":"Defragment","floor":15.0,"key":"SMITH"},{"floor":23.0,"key":"REST"},{"floor":30.0,"key":"REST"},{"data":"Buffer","floor":32.0,"key":"SMITH"},{"floor":40.0,"key":"REST"},{"data":"Defragment","floor":42.0,"key":"SMITH"},{"data":"Buffer","floor":45.0,"key":"SMITH"},{"floor":49.0,"key":"REST"}],"neow_cost":"NONE","seed_source_timestamp":1196463083268600,"circlet_count":0,"master_deck":["AscendersBane","Strike_B","Defend_B+1","Defend_B","Defend_B","Defend_B","Zap","Dualcast","White Noise+1","Leap","Cold Snap","Coolheaded","Defragment+1","Hologram","Cold Snap","Loop","BootSequence","Gash","Buffer+1","Tempest+1","Force Field","Stack","Double Energy","Coolheaded","Defragment+1","Electrodynamics","Heatsinks","Gash","Creative AI","Gash","Stack","Loop","Gash","Buffer+1","Buffer+1","Storm","BootSequence","Storm","Leap+1","Creative AI"],"special_seed":0,"relics":["White Beast Statue","Incense Burner","Lantern","Potion Belt","Dream Catcher","Nuclear Battery","Tiny Chest","Orichalcum","Omamori","Thread and Needle","Tiny House","DollysMirror","PreservedInsect"],"potions_floor_usage":[51],"damage_taken":[{"damage":9.0,"enemies":"Small Slimes","floor":1.0,"turns":4.0},{"damage":2.0,"enemies":"Cultist","floor":3.0,"turns":4.0},{"damage":6.0,"enemies":"2 Louse","floor":4.0,"turns":3.0},{"damage":0.0,"enemies":"2 Fungi Beasts","floor":5.0,"turns":4.0},{"damage":15.0,"enemies":"3 Sentries","floor":6.0,"turns":10.0},{"damage":22.0,"enemies":"Gremlin Nob","floor":8.0,"turns":6.0},{"damage":18.0,"enemies":"3 Sentries","floor":10.0,"turns":14.0},{"damage":0.0,"enemies":"Looter","floor":11.0,"turns":2.0},{"damage":0.0,"enemies":"Exordium Thugs","floor":14.0,"turns":6.0},{"damage":24.0,"enemies":"Hexaghost","floor":16.0,"turns":10.0},{"damage":3.0,"enemies":"Chosen","floor":18.0,"turns":10.0},{"damage":7.0,"enemies":"2 Thieves","floor":20.0,"turns":4.0},{"damage":3.0,"enemies":"Sentry and Sphere","floor":22.0,"turns":5.0},{"damage":7.0,"enemies":"Cultist and Chosen","floor":24.0,"turns":6.0},{"damage":35.0,"enemies":"Slavers","floor":25.0,"turns":13.0},{"damage":0.0,"enemies":"Chosen and Byrds","floor":27.0,"turns":7.0},{"damage":0.0,"enemies":"Snecko","floor":28.0,"turns":9.0},{"damage":29.0,"enemies":"Collector","floor":33.0,"turns":20.0},{"damage":21.0,"enemies":"Orb Walker","floor":35.0,"turns":6.0},{"damage":0.0,"enemies":"3 Shapes","floor":36.0,"turns":4.0},{"damage":0.0,"enemies":"Maw","floor":37.0,"turns":7.0},{"damage":11.0,"enemies":"Sphere and 2 Shapes","floor":41.0,"turns":8.0},{"damage":0.0,"enemies":"Transient","floor":44.0,"turns":6.0},{"damage":14.0,"enemies":"Spire Growth","floor":46.0,"turns":6.0},{"damage":18.0,"enemies":"3 Darklings","floor":48.0,"turns":6.0},{"damage":0.0,"enemies":"Time Eater","floor":50.0,"turns":11.0},{"damage":83,"enemies":"Awakened One","floor":51,"turns":6}],"seed_played":"1976106307103544592","potions_obtained":[{"floor":1.0,"key":"Weak Potion"},{"floor":3.0,"key":"EssenceOfSteel"},{"floor":4.0,"key":"Explosive Potion"},{"floor":5.0,"key":"FocusPotion"},{"floor":6.0,"key":"Regen Potion"},{"floor":8.0,"key":"Poison Potion"},{"floor":10.0,"key":"Fire Potion"},{"floor":11.0,"key":"Explosive Potion"},{"floor":14.0,"key":"LiquidBronze"},{"floor":16.0,"key":"EssenceOfSteel"},{"floor":18.0,"key":"GamblersBrew"},{"floor":20.0,"key":"Swift Potion"},{"floor":22.0,"key":"AttackPotion"},{"floor":24.0,"key":"SpeedPotion"},{"floor":25.0,"key":"SteroidPotion"},{"floor":27.0,"key":"Dexterity Potion"},{"floor":28.0,"key":"SteroidPotion"},{"floor":33.0,"key":"Explosive Potion"},{"floor":34.0,"key":"Strength Potion"},{"floor":35.0,"key":"LiquidBronze"},{"floor":36.0,"key":"FocusPotion"},{"floor":37.0,"key":"AttackPotion"},{"floor":41.0,"key":"Dexterity Potion"},{"floor":46.0,"key":"FairyPotion"},{"floor":48.0,"key":"SkillPotion"}],"is_trial":false,"path_per_floor":["M","?","M","M","M","E","R","E","T","E","M","R","?","M","R","B",null,"M","$","M","?","M","R","M","E","T","M","M","?","R","?","R","B",null,"M","M","M","?","$","R","M","R","T","M","R","M","?","M","R","B","B"],"character_chosen":"DEFECT","items_purchased":["Tiny Chest","Orichalcum","DollysMirror"],"campfire_rested":6,"item_purchase_floors":[19,19,39],"current_hp_per_floor":[55,55,53,47,47,32,53,46,46,28,28,49,54,54,54,30,65,62,62,55,33,30,54,47,12,12,12,12,12,36,36,36,7,68,47,47,47,47,47,72,61,61,61,61,61,47,47,29,53,53,0],"gold":105,"neow_bonus":"BOSS_RELIC","is_prod":false,"is_daily":false,"chose_seed":false,"campfire_upgraded":4,"win_rate":0,"timestamp":1570900339,"path_taken":["M","?","?","M","M","E","R","E","T","E","M","R","?","M","R","BOSS","M","$","M","?","M","R","M","E","T","M","M","?","R","?","R","BOSS","M","M","M","?","$","R","M","R","T","M","R","M","?","?","R","BOSS","BOSS"],"build_version":"2019-07-17","purchased_purges":1,"victory":false,"max_hp_per_floor":[71,71,71,71,71,71,71,71,71,71,71,71,76,76,76,76,76,76,76,76,81,81,81,81,81,81,81,81,81,81,81,81,81,86,86,86,86,86,86,86,86,86,86,86,86,86,82,82,82,82,82],"card_choices":[{"not_picked":["Leap","Barrage"],"picked":"White Noise","floor":1.0},{"not_picked":["Darkness","Hologram"],"picked":"Leap","floor":3.0},{"not_picked":["Gash","Rebound"],"picked":"Cold Snap","floor":4.0},{"not_picked":["Rebound","Sweeping Beam"],"picked":"Coolheaded","floor":5.0},{"not_picked":["Beam Cell","Stack"],"picked":"Defragment","floor":6.0},{"not_picked":["Barrage","Go for the Eyes"],"picked":"Hologram","floor":8.0},{"not_picked":["Amplify","Hologram"],"picked":"Cold Snap","floor":10.0},{"not_picked":["Coolheaded","Force Field"],"picked":"Loop","floor":11.0},{"not_picked":["Steam Power","Static Discharge"],"picked":"BootSequence","floor":12.0},{"not_picked":["Double Energy","Rebound"],"picked":"Gash","floor":14.0},{"not_picked":["Thunder Strike","Machine Learning"],"picked":"Buffer","floor":16.0},{"not_picked":["Turbo","Go for the Eyes"],"picked":"Tempest+1","floor":18.0},{"not_picked":["Go for the Eyes","Ball Lightning+1"],"picked":"Force Field","floor":20.0},{"not_picked":["Scrape","Streamline"],"picked":"Stack","floor":22.0},{"not_picked":["BootSequence","Static Discharge"],"picked":"Double Energy","floor":23.0},{"not_picked":["Sweeping Beam","Double Energy"],"picked":"Coolheaded","floor":24.0},{"not_picked":["Rebound","Doom and Gloom+1"],"picked":"Defragment","floor":25.0},{"not_picked":["Cold Snap+1","Stack+1"],"picked":"Electrodynamics","floor":27.0},{"not_picked":["Steam","Leap"],"picked":"Heatsinks","floor":28.0},{"not_picked":["Stack","Turbo"],"picked":"Gash","floor":30.0},{"not_picked":["Multi-Cast","Amplify"],"picked":"Creative AI","floor":33.0},{"not_picked":["Hologram","Leap+1"],"picked":"Gash","floor":34.0},{"not_picked":["Sweeping Beam","Cold Snap"],"picked":"Stack","floor":35.0},{"not_picked":["Go for the Eyes","Gash"],"picked":"Loop","floor":36.0},{"not_picked":["Steam","Sweeping Beam+1"],"picked":"Gash","floor":37.0},{"not_picked":["Force Field","Conserve Battery"],"picked":"Buffer","floor":40.0},{"not_picked":["Turbo","Steam"],"picked":"Storm","floor":41.0},{"not_picked":["Force Field","Rebound"],"picked":"BootSequence","floor":44.0},{"not_picked":["Doom and Gloom","Double Energy"],"picked":"Storm","floor":46.0},{"not_picked":["Redo+1","Rebound"],"picked":"Leap+1","floor":48.0},{"not_picked":["Coolheaded","Ball Lightning"],"picked":"Creative AI","floor":49.0}],"player_experience":477376,"relics_obtained":[{"floor":6.0,"key":"Incense Burner"},{"floor":8.0,"key":"Lantern"},{"floor":9.0,"key":"Potion Belt"},{"floor":10.0,"key":"Dream Catcher"},{"floor":25.0,"key":"Omamori"},{"floor":26.0,"key":"Thread and Needle"},{"floor":43.0,"key":"PreservedInsect"}],"event_choices":[{"damage_healed":0.0,"max_hp_gain":0.0,"max_hp_loss":0.0,"gold_gain":0.0,"event_name":"Upgrade Shrine","player_choice":"Upgraded","floor":2.0,"gold_loss":0.0,"damage_taken":0.0,"cards_upgraded":["White Noise"]},{"damage_healed":0.0,"max_hp_gain":5.0,"max_hp_loss":0.0,"gold_gain":0.0,"event_name":"Big Fish","player_choice":"Donut","floor":13.0,"gold_loss":0.0,"damage_taken":0.0},{"damage_healed":0.0,"max_hp_gain":5.0,"max_hp_loss":0.0,"gold_gain":0.0,"event_name":"Forgotten Altar","player_choice":"Shed Blood","floor":21.0,"gold_loss":0.0,"damage_taken":27.0},{"cards_removed":["Strike_B"],"damage_healed":0.0,"max_hp_gain":0.0,"max_hp_loss":0.0,"gold_gain":0.0,"event_name":"Beggar","player_choice":"Gave Gold","floor":29.0,"gold_loss":75.0,"damage_taken":0.0},{"cards_removed":["Strike_B"],"damage_healed":0.0,"max_hp_gain":0.0,"max_hp_loss":0.0,"gold_gain":0.0,"event_name":"Back to Basics","player_choice":"Elegance","floor":31.0,"gold_loss":0.0,"damage_taken":0.0},{"damage_healed":0.0,"max_hp_gain":0.0,"max_hp_loss":0.0,"gold_gain":0.0,"event_name":"Tomb of Lord Red Mask","player_choice":"Ignored","floor":38.0,"gold_loss":0.0,"damage_taken":0.0},{"damage_healed":0.0,"max_hp_gain":0.0,"max_hp_loss":4.0,"gold_gain":0.0,"event_name":"Winding Halls","player_choice":"Max HP","floor":47.0,"gold_loss":0.0,"damage_taken":0.0}],"is_beta":false,"boss_relics":[{"not_picked":["Orrery","Calling Bell"],"picked":"Nuclear Battery"},{"not_picked":["Sozu","Eternal Feather"],"picked":"Tiny House"}],"items_purged_floors":[19],"is_endless":false,"potions_floor_spawned":[1,3,4,5,6,8,10,11,14,16,18,20,22,24,25,27,28,33,35,36,37,41,44,46,48],"killed_by":"Awakened One","ascension_level":20}