{"gold_per_floor":[361,361,361,374,54,54,89,89,89,89,89,8,8,21,21,121,121,139,139,155,174,174,174,201,201,201,226,7,7,7,35,35,138,138,156,0,0,11,11,43,62,96,96,96,123,123,158,190,202,214],"floor_reached":51,"playtime":3346,"items_purged":[],"score":1093,"play_id":"39535eec-3bf0-4523-a5a4-9f87c1e19eb2","local_time":"20191007123650","is_ascension_mode":true,"campfire_choices":[{"data":"Caltrops","floor":6,"key":"SMITH"},{"data":"Burst","floor":8,"key":"SMITH"},{"data":"Neutralize","floor":11,"key":"SMITH"},{"data":"Well Laid Plans","floor":13,"key":"SMITH"},{"data":"Leg Sweep","floor":15,"key":"SMITH"},{"data":"PiercingWail","floor":23,"key":"SMITH"},{"data":"Blade Dance","floor":25,"key":"SMITH"},{"data":"Footwork","floor":29,"key":"SMITH"},{"data":"Cloak And Dagger","floor":30,"key":"SMITH"},{"data":"Defend_G","floor":32,"key":"SMITH"},{"data":"Accuracy","floor":44,"key":"SMITH"},{"data":"Adrenaline","floor":46,"key":"SMITH"},{"data":"Masterful Stab","floor":49,"key":"SMITH"}],"neow_cost":"PERCENT_DAMAGE","seed_source_timestamp":1715158824861,"circlet_count":0,"master_deck":["Strike_G","Strike_G","Strike_G","Strike_G","Defend_G","Defend_G","Defend_G","Defend_G","Defend_G+1","Survivor","Neutralize+1","Cloak And Dagger+1","Masterful Stab+1","Caltrops+1","Caltrops+1","PiercingWail+1","Burst+1","Well Laid Plans+1","Leg Sweep+1","After Image+1","Blade Dance+1","Infinite Blades+1","Caltrops+1","Backstab","Footwork+1","Flying Knee+1","Adrenaline+1","Backflip+1","Accuracy+1","Outmaneuver+1","Distraction+1","Slice+1","Escape Plan+1"],"relics":["Ring of the Snake","Strawberry","Meat on the Bone","Singing Bowl","Art of War","WristBlade","Omamori","Tough Bandages","WingedGreaves","Eternal Feather","Anchor","Pen Nib","Black Star","Red Mask","Shuriken","Toxic Egg 2","Gremlin Horn","StoneCalendar","Smiling Mask","Oddly Smooth Stone","Sundial","Frozen Egg 2","MawBank"],"potions_floor_usage":[7,20,21,24,33,40,45,50,50],"damage_taken":[{"damage":4,"enemies":"Small Slimes","floor":1,"turns":4},{"damage":0,"enemies":"Jaw Worm","floor":4,"turns":4},{"damage":20,"enemies":"3 Sentries","floor":7,"turns":8},{"damage":0,"enemies":"Cultist","floor":14,"turns":3},{"damage":0,"enemies":"Hexaghost","floor":16,"turns":11},{"damage":0,"enemies":"Shell Parasite","floor":18,"turns":5},{"damage":14,"enemies":"Spheric Guardian","floor":20,"turns":4},{"damage":10,"enemies":"Centurion and Healer","floor":21,"turns":5},{"damage":2,"enemies":"Book of Stabbing","floor":24,"turns":5},{"damage":41,"enemies":"Slavers","floor":27,"turns":4},{"damage":0,"enemies":"Book of Stabbing","floor":31,"turns":5},{"damage":27,"enemies":"Collector","floor":33,"turns":12},{"damage":9,"enemies":"3 Shapes","floor":35,"turns":4},{"damage":0,"enemies":"3 Darklings","floor":38,"turns":6},{"damage":0,"enemies":"Nemesis","floor":40,"turns":7},{"damage":3,"enemies":"Writhing Mass","floor":41,"turns":6},{"damage":0,"enemies":"Reptomancer","floor":42,"turns":8},{"damage":6,"enemies":"Giant Head","floor":45,"turns":8},{"damage":16,"enemies":"Nemesis","floor":47,"turns":7},{"damage":9,"enemies":"Spire Growth","floor":48,"turns":4},{"damage":8,"enemies":"Awakened One","floor":50,"turns":8}],"seed_played":"3465700578647570452","potions_obtained":[{"floor":1,"key":"Block Potion"},{"floor":14,"key":"Fire Potion"},{"floor":18,"key":"SkillPotion"},{"floor":21,"key":"Ancient Potion"},{"floor":27,"key":"DuplicationPotion"},{"floor":33,"key":"Strength Potion"},{"floor":35,"key":"SpeedPotion"},{"floor":38,"key":"Explosive Potion"},{"floor":40,"key":"AttackPotion"},{"floor":42,"key":"Block Potion"}],"is_trial":false,"path_per_floor":["M","?","?","M","$","R","E","R","T","?","R","$","R","M","R","B",null,"M","?","M","M","T","R","E","R","T","E","$","R","R","E","R","B",null,"M","?","$","M","$","E","M","E","T","R","E","R","E","M","R","B",null],"character_chosen":"THE_SILENT","items_purchased":["Caltrops","Meat on the Bone","PiercingWail","Well Laid Plans","Footwork","Anchor"],"campfire_rested":0,"item_purchase_floors":[5,5,5,12,28,28],"current_hp_per_floor":[45,45,45,45,45,45,37,37,37,37,37,37,37,49,49,49,77,77,77,63,53,53,53,51,51,51,24,24,39,54,54,69,42,79,70,70,70,70,70,72,69,69,69,81,77,83,67,58,76,68],"gold":226,"neow_bonus":"TWO_FIFTY_GOLD","is_prod":false,"is_daily":false,"chose_seed":false,"campfire_upgraded":13,"win_rate":0,"timestamp":1570405010,"path_taken":["M","?","?","?","$","R","E","R","T","?","R","$","R","M","R","BOSS","M","?","?","M","?","R","E","R","T","E","$","R","R","E","R","BOSS","M","?","$","M","?","E","M","E","T","R","E","R","E","M","R","BOSS"],"build_version":"2019-10-04","purchased_purges":0,"victory":true,"max_hp_per_floor":[70,77,77,77,77,77,77,77,77,77,77,77,77,77,77,77,77,77,77,77,77,77,77,77,77,77,79,79,79,79,79,79,79,79,79,79,79,79,79,81,81,81,81,81,83,83,83,83,83,83],"card_choices":[{"not_picked":["Blade Dance","Acrobatics"],"picked":"Cloak And Dagger","floor":1},{"not_picked":["Bane","Dagger Spray"],"picked":"Caltrops","floor":4},{"not_picked":["Blade Dance","Dagger Spray"],"picked":"Burst","floor":7},{"not_picked":["Quick Slash","Calculated Gamble"],"picked":"Leg Sweep","floor":14},{"not_picked":["Glass Knife","Unload"],"picked":"After Image","floor":16},{"not_picked":["Outmaneuver","Dagger Spray"],"picked":"Blade Dance","floor":18},{"not_picked":["Backstab","Quick Slash+1"],"picked":"Infinite Blades+1","floor":20},{"not_picked":["Quick Slash","All Out Attack"],"picked":"Caltrops+1","floor":21},{"not_picked":["Setup+1","Cloak And Dagger"],"picked":"Backstab","floor":24},{"not_picked":["Masterful Stab","Terror","Dodge and Roll"],"picked":"Singing Bowl","floor":27},{"not_picked":["Envenom","Acrobatics+1"],"picked":"Flying Knee+1","floor":31},{"not_picked":["Envenom","Corpse Explosion"],"picked":"Adrenaline","floor":33},{"not_picked":["Reflex+1","Blade Dance+1"],"picked":"Backflip+1","floor":35},{"not_picked":["Masterful Stab","Finisher"],"picked":"Accuracy","floor":38},{"not_picked":["Flechettes","Leg Sweep","Deadly Poison+1"],"picked":"Singing Bowl","floor":40},{"not_picked":["Backflip+1","Poisoned Stab+1"],"picked":"Outmaneuver+1","floor":41},{"not_picked":["Cloak And Dagger+1","Dodge and Roll+1"],"picked":"Distraction+1","floor":42},{"not_picked":["Concentrate+1","Blade Dance+1","All Out Attack+1"],"picked":"Singing Bowl","floor":45},{"not_picked":["Masterful Stab+1","Escape Plan+1"],"picked":"Slice+1","floor":47},{"not_picked":["Noxious Fumes+1","Heel Hook+1"],"picked":"Escape Plan+1","floor":48}],"player_experience":159384,"relics_obtained":[{"floor":7,"key":"Singing Bowl"},{"floor":9,"key":"Art of War"},{"floor":22,"key":"Omamori"},{"floor":24,"key":"Tough Bandages"},{"floor":26,"key":"WingedGreaves"},{"floor":27,"key":"Eternal Feather"},{"floor":31,"key":"Pen Nib"},{"floor":40,"key":"Shuriken"},{"floor":40,"key":"Toxic Egg 2"},{"floor":42,"key":"Gremlin Horn"},{"floor":42,"key":"StoneCalendar"},{"floor":43,"key":"Smiling Mask"},{"floor":45,"key":"Oddly Smooth Stone"},{"floor":45,"key":"Sundial"},{"floor":47,"key":"Frozen Egg 2"},{"floor":47,"key":"MawBank"}],"event_choices":[{"damage_healed":0,"gold_gain":0,"player_choice":"Success","damage_taken":7,"relics_obtained":["Strawberry"],"max_hp_gain":0,"max_hp_loss":0,"event_name":"Scrap Ooze","floor":2,"gold_loss":0},{"damage_healed":0,"gold_gain":0,"cards_transformed":["Strike_G"],"player_choice":"Transformed","damage_taken":0,"max_hp_gain":0,"max_hp_loss":0,"event_name":"Transmorgrifier","floor":3,"gold_loss":0,"cards_obtained":["Masterful Stab"]},{"damage_healed":0,"gold_gain":0,"player_choice":"Upgraded","damage_taken":0,"max_hp_gain":0,"max_hp_loss":0,"event_name":"Upgrade Shrine","floor":10,"gold_loss":0,"cards_upgraded":["Caltrops"]},{"damage_healed":0,"gold_gain":0,"player_choice":"Upgraded","damage_taken":0,"max_hp_gain":0,"max_hp_loss":0,"event_name":"Upgrade Shrine","floor":19,"gold_loss":0,"cards_upgraded":["After Image"]},{"damage_healed":0,"gold_gain":0,"player_choice":"Paid","damage_taken":0,"relics_obtained":["Red Mask"],"max_hp_gain":0,"max_hp_loss":0,"event_name":"Tomb of Lord Red Mask","floor":36,"gold_loss":156}],"is_beta":true,"boss_relics":[{"not_picked":["Cursed Key","Astrolabe"],"picked":"WristBlade"},{"not_picked":["Pandora\u0027s Box","Coffee Dripper"],"picked":"Black Star"}],"items_purged_floors":[],"is_endless":false,"potions_floor_spawned":[1,14,18,21,27,33,35,38,40,42],"ascension_level":4}