{"gold_per_floor":[118,136,61,136,153,153,179,179,231,231,256,256,256,28,28,107,107,117,0,0,16,34,34,34],"floor_reached":24,"playtime":1057,"items_purged":["Strike_B"],"score":404,"play_id":"b7a830e8-3a46-46e5-85a1-ab56ed645eaf","local_time":"20191012163918","is_ascension_mode":true,"campfire_choices":[{"data":"Zap","floor":6.0,"key":"SMITH"},{"floor":8.0,"key":"REST"},{"floor":10.0,"key":"REST"},{"data":"Chill","floor":13.0,"key":"SMITH"},{"data":"Hello World","floor":15.0,"key":"SMITH"},{"floor":23,"key":"REST"}],"neow_cost":"NONE","seed_source_timestamp":1190213176844300,"circlet_count":0,"master_deck":["AscendersBane","Strike_B","Defend_B","Defend_B","Defend_B+1","Defend_B","Zap+1","Dualcast","Hello World+1","Leap+1","Hologram","Coolheaded","Chill+1","Glacier","Echo Form","BootSequence","Chill","Gash"],"special_seed":0,"relics":["Cracked Core","Pen Nib","Regal Pillow","War Paint","Runic Capacitor","Fusion Hammer"],"potions_floor_usage":[22],"damage_taken":[{"damage":1.0,"enemies":"Cultist","floor":1.0,"turns":3.0},{"damage":0.0,"enemies":"2 Louse","floor":2.0,"turns":2.0},{"damage":5.0,"enemies":"Small Slimes","floor":5.0,"turns":4.0},{"damage":46.0,"enemies":"Gremlin Nob","floor":7.0,"turns":5.0},{"damage":15.0,"enemies":"3 Sentries","floor":11.0,"turns":11.0},{"damage":18.0,"enemies":"The Guardian","floor":16.0,"turns":14.0},{"damage":0.0,"enemies":"Spheric Guardian","floor":18.0,"turns":5.0},{"damage":10,"enemies":"2 Thieves","floor":21,"turns":5},{"damage":27,"enemies":"Cultist and Chosen","floor":22,"turns":10},{"damage":74,"enemies":"Slavers","floor":24,"turns":8}],"seed_played":"7740673898689403078","potions_obtained":[{"floor":2.0,"key":"Block Potion"},{"floor":5.0,"key":"Dexterity Potion"},{"floor":11.0,"key":"AttackPotion"},{"floor":21,"key":"Weak Potion"}],"is_trial":false,"path_per_floor":["M","M","$","?","M","R","E","R","T","R","E","?","R","$","R","B",null,"M","?","?","M","M","R","E"],"character_chosen":"DEFECT","items_purchased":["Runic Capacitor"],"campfire_rested":3,"item_purchase_floors":[14],"current_hp_per_floor":[63,63,63,52,47,47,1,22,22,58,43,43,43,43,43,25,60,60,60,60,50,23,59,0],"gold":34,"neow_bonus":"TRANSFORM_CARD","is_prod":false,"is_daily":false,"chose_seed":false,"campfire_upgraded":3,"win_rate":0,"timestamp":1570891158,"path_taken":["M","M","?","?","M","R","E","R","T","R","E","?","R","$","R","BOSS","M","?","?","M","M","R","E"],"build_version":"2019-07-17","purchased_purges":1,"victory":false,"max_hp_per_floor":[71,71,71,71,71,71,71,71,71,71,71,71,71,71,71,71,71,71,71,71,71,71,71,71],"card_choices":[{"not_picked":["Hologram","Sweeping Beam"],"picked":"Leap","floor":1.0},{"not_picked":["Steam","Double Energy"],"picked":"Hologram","floor":2.0},{"not_picked":["Loop","Sweeping Beam"],"picked":"Coolheaded","floor":5.0},{"not_picked":["Amplify","Machine Learning"],"picked":"Chill","floor":7.0},{"not_picked":["Melter","Hologram"],"picked":"Glacier","floor":11.0},{"not_picked":["Meteor Strike","Core Surge"],"picked":"Echo Form","floor":16.0},{"not_picked":["Rebound","Go for the Eyes","Sweeping Beam"],"picked":"SKIP","floor":18.0},{"not_picked":["Redo+1","Rip and Tear"],"picked":"Chill","floor":21},{"not_picked":["Scrape+1","Stack"],"picked":"Gash","floor":22}],"player_experience":474423,"relics_obtained":[{"floor":7.0,"key":"Pen Nib"},{"floor":9.0,"key":"Regal Pillow"},{"floor":11.0,"key":"War Paint"}],"event_choices":[{"damage_healed":0.0,"max_hp_gain":0.0,"max_hp_loss":0.0,"gold_gain":75.0,"event_name":"World of Goop","player_choice":"Gather Gold","floor":4.0,"gold_loss":0.0,"damage_taken":11.0},{"cards_removed":["Strike_B"],"damage_healed":0.0,"max_hp_gain":0.0,"max_hp_loss":0.0,"gold_gain":0.0,"event_name":"Living Wall","player_choice":"Forget","floor":12.0,"gold_loss":0.0,"damage_taken":0.0},{"damage_healed":0,"gold_gain":0,"player_choice":"Paid Fearfully","damage_taken":0,"max_hp_gain":0,"max_hp_loss":0,"event_name":"Masked Bandits","floor":19,"gold_loss":117},{"damage_healed":0,"gold_gain":0,"player_choice":"Read","damage_taken":0,"max_hp_gain":0,"max_hp_loss":0,"event_name":"The Library","floor":20,"gold_loss":0,"cards_obtained":["BootSequence"]}],"is_beta":false,"boss_relics":[{"not_picked":["Philosopher\u0027s Stone","Astrolabe"],"picked":"Fusion Hammer"}],"items_purged_floors":[3],"is_endless":false,"potions_floor_spawned":[2,5,11,21],"killed_by":"Slavers","ascension_level":20}