{"gold_per_floor":[14,24,35,35,35,66,66,101,101,101,113,143,143,159,159,262,262,274,292,292,310,154,154,180,193,193,305,317,364,376,313,325,434,446,469,48,148,148,148,177,192,207,207,239,239,273,273,303,303,303,303,303,17,51,51],"floor_reached":56,"playtime":3677,"items_purged":["Strike_R"],"score":1693,"play_id":"6011186a-b576-4342-aaec-4db4e5c50603","local_time":"20191012005316","is_ascension_mode":true,"campfire_choices":[{"floor":10,"key":"REST"},{"data":"Body Slam","floor":13,"key":"SMITH"},{"data":"Feel No Pain","floor":15,"key":"SMITH"},{"data":"Entrench","floor":23,"key":"SMITH"},{"data":"Barricade","floor":28,"key":"SMITH"},{"data":"Flame Barrier","floor":32,"key":"SMITH"},{"floor":45,"key":"RECALL"},{"data":"Dual Wield","floor":47,"key":"SMITH"},{"data":"Ghostly Armor","floor":49,"key":"SMITH"},{"data":"Burning Pact","floor":52,"key":"SMITH"}],"neow_cost":"NO_GOLD","seed_source_timestamp":14420227179808,"circlet_count":0,"master_deck":["Defend_R","Defend_R+1","Defend_R","Defend_R+1","Bash","Evolve","True Grit+1","Body Slam+1","Feel No Pain+1","Flame Barrier+1","Ghostly Armor","Sever Soul","Sentinel","Barricade+1","Headbutt+1","Feel No Pain+1","Ghostly Armor+1","Entrench+1","Shrug It Off","Warcry+1","Juggernaut+1","Ghostly Armor","Ghostly Armor+1","Sadistic Nature+1","Panache+1","Body Slam+1","Second Wind+1","Burning Pact+1","Dual Wield+1","Entrench+1","Secret Technique","Shrug It Off","Demon Form+1"],"relics":["Burning Blood","War Paint","Incense Burner","Darkstone Periapt","Oddly Smooth Stone","Coffee Dripper","Frozen Egg 2","MawBank","WingedGreaves","Bottled Tornado","Bottled Lightning","Blue Candle","Empty Cage","FossilizedHelix","TheAbacus","Bird Faced Urn","Bag of Preparation","Ancient Tea Set","Lantern","Pantograph","Blood Vial"],"potions_floor_usage":[12,12,12,24,27,27,41,50,55,55,55],"damage_taken":[{"damage":7,"enemies":"2 Louse","floor":1,"turns":3},{"damage":8,"enemies":"Jaw Worm","floor":2,"turns":4},{"damage":12,"enemies":"Small Slimes","floor":3,"turns":5},{"damage":21,"enemies":"3 Sentries","floor":6,"turns":14},{"damage":48,"enemies":"Lagavulin","floor":8,"turns":12},{"damage":2,"enemies":"Gremlin Gang","floor":11,"turns":7},{"damage":12,"enemies":"Gremlin Nob","floor":12,"turns":6},{"damage":11,"enemies":"Looter","floor":14,"turns":3},{"damage":11,"enemies":"The Guardian","floor":16,"turns":14},{"damage":12,"enemies":"3 Byrds","floor":18,"turns":6},{"damage":21,"enemies":"2 Thieves","floor":19,"turns":5},{"damage":5,"enemies":"Centurion and Healer","floor":21,"turns":10},{"damage":13,"enemies":"Book of Stabbing","floor":24,"turns":7},{"damage":0,"enemies":"Chosen and Byrds","floor":25,"turns":8},{"damage":15,"enemies":"Colosseum Slavers","floor":27,"turns":7},{"damage":19,"enemies":"Colosseum Nobs","floor":27,"turns":7},{"damage":2,"enemies":"Gremlin Leader","floor":29,"turns":7},{"damage":0,"enemies":"Automaton","floor":33,"turns":11},{"damage":0,"enemies":"3 Shapes","floor":35,"turns":5},{"damage":0,"enemies":"Mind Bloom Boss Battle","floor":37,"turns":6},{"damage":0,"enemies":"Nemesis","floor":40,"turns":9},{"damage":0,"enemies":"3 Darklings","floor":41,"turns":7},{"damage":0,"enemies":"Sphere and 2 Shapes","floor":42,"turns":6},{"damage":0,"enemies":"Giant Head","floor":44,"turns":7},{"damage":0,"enemies":"Nemesis","floor":46,"turns":7},{"damage":0,"enemies":"Giant Head","floor":48,"turns":7},{"damage":0,"enemies":"Time Eater","floor":50,"turns":10},{"damage":0,"enemies":"Shield and Spear","floor":54,"turns":5},{"damage":83,"enemies":"The Heart","floor":55,"turns":8}],"seed_played":"965720676884092696","potions_obtained":[{"floor":3,"key":"Strength Potion"},{"floor":6,"key":"EssenceOfSteel"},{"floor":8,"key":"Weak Potion"},{"floor":14,"key":"Swift Potion"},{"floor":18,"key":"Strength Potion"},{"floor":24,"key":"ElixirPotion"},{"floor":29,"key":"BloodPotion"},{"floor":37,"key":"BloodPotion"},{"floor":40,"key":"SpeedPotion"},{"floor":41,"key":"PowerPotion"}],"is_trial":false,"path_per_floor":["M","M","M","?","?","E","?","E","T","R","M","E","R","M","R","B",null,"M","M","?","M","$","R","E","M","T","?","R","E","?","?","R","B",null,"M","$","?","?","?","E","M","M","T","E","R","E","R","E","R","B",null,"R","$","E","B",null],"character_chosen":"IRONCLAD","items_purchased":["Entrench","FossilizedHelix","TheAbacus","PowerPotion","Secret Technique","Shrug It Off"],"campfire_rested":1,"item_purchase_floors":[22,36,36,53,53,53],"current_hp_per_floor":[95,93,87,87,87,72,72,30,30,58,62,56,56,51,51,46,96,90,75,75,76,76,76,69,75,75,53,53,57,63,63,63,69,102,102,102,102,92,92,102,102,102,102,102,102,102,102,102,102,102,102,102,102,102,53],"gold":51,"neow_bonus":"TWENTY_PERCENT_HP_BONUS","is_prod":false,"is_daily":false,"chose_seed":false,"campfire_upgraded":8,"win_rate":0,"timestamp":1570794796,"path_taken":["M","M","M","?","?","E","?","E","T","R","M","E","R","M","R","BOSS","M","?","?","?","$","R","E","M","T","?","R","E","?","?","R","BOSS","M","$","?","?","?","E","M","M","T","E","R","E","R","E","R","BOSS","R","$","E","BOSS"],"build_version":"2019-10-10","purchased_purges":1,"victory":true,"max_hp_per_floor":[96,96,96,96,96,96,96,96,96,96,96,96,96,96,96,96,96,96,96,96,96,96,96,96,96,96,96,96,96,102,102,102,102,102,102,102,102,102,102,102,102,102,102,102,102,102,102,102,102,102,102,102,102,102,102],"card_choices":[{"not_picked":["Shrug It Off","Clash"],"picked":"Evolve","floor":1},{"not_picked":["Thunderclap","Whirlwind"],"picked":"True Grit","floor":2},{"not_picked":["Searing Blow","Clash"],"picked":"Body Slam","floor":3},{"not_picked":["Pummel","Bloodletting"],"picked":"Feel No Pain","floor":6},{"not_picked":["Reaper","Anger"],"picked":"Flame Barrier","floor":8},{"not_picked":["Warcry","Cleave"],"picked":"Ghostly Armor","floor":11},{"not_picked":["Sword Boomerang","Warcry"],"picked":"Sever Soul","floor":12},{"not_picked":["Wild Strike","Fire Breathing"],"picked":"Sentinel","floor":14},{"not_picked":["Impervious","Demon Form"],"picked":"Barricade","floor":16},{"not_picked":["Twin Strike","Carnage"],"picked":"Headbutt+1","floor":18},{"not_picked":["True Grit","Perfected Strike","Pommel Strike"],"picked":"SKIP","floor":19},{"not_picked":["Fire Breathing","Rampage+1"],"picked":"Ghostly Armor","floor":21},{"not_picked":["Battle Trance","Rupture"],"picked":"Shrug It Off","floor":24},{"not_picked":["Thunderclap+1","Perfected Strike","Anger"],"picked":"SKIP","floor":25},{"not_picked":["Perfected Strike","Pommel Strike"],"picked":"Warcry+1","floor":27},{"not_picked":["Limit Break","Anger","Havoc"],"picked":"SKIP","floor":29},{"not_picked":["Barricade+1","Demon Form+1"],"picked":"Juggernaut+1","floor":33},{"not_picked":["Clash+1","Spot Weakness"],"picked":"Ghostly Armor","floor":35},{"not_picked":["Heavy Blade","Combust+1"],"picked":"Ghostly Armor+1","floor":37},{"not_picked":["Impatience","Purity"],"picked":"Sadistic Nature+1","floor":38},{"not_picked":["Trip","Violence"],"picked":"Panache+1","floor":38},{"not_picked":["Clothesline","Flex"],"picked":"Body Slam+1","floor":40},{"not_picked":["Armaments","Havoc+1"],"picked":"Second Wind+1","floor":41},{"not_picked":["Pummel","Rampage+1"],"picked":"Burning Pact","floor":42},{"not_picked":["Flex+1","Whirlwind","Corruption+1"],"picked":"SKIP","floor":44},{"not_picked":["Havoc","Armaments+1"],"picked":"Dual Wield","floor":46},{"not_picked":["Second Wind+1","Blood for Blood+1"],"picked":"Entrench+1","floor":48},{"not_picked":["Cleave","Twin Strike+1"],"picked":"Demon Form+1","floor":54}],"player_experience":178925,"relics_obtained":[{"floor":6,"key":"War Paint"},{"floor":8,"key":"Incense Burner"},{"floor":9,"key":"Darkstone Periapt"},{"floor":12,"key":"Oddly Smooth Stone"},{"floor":24,"key":"Frozen Egg 2"},{"floor":26,"key":"MawBank"},{"floor":27,"key":"WingedGreaves"},{"floor":27,"key":"Bottled Tornado"},{"floor":29,"key":"Bottled Lightning"},{"floor":37,"key":"Bird Faced Urn"},{"floor":40,"key":"Bag of Preparation"},{"floor":44,"key":"Ancient Tea Set"},{"floor":46,"key":"Lantern"},{"floor":48,"key":"Pantograph"},{"floor":54,"key":"Blood Vial"}],"event_choices":[{"damage_healed":0,"gold_gain":0,"player_choice":"Grow","damage_taken":0,"max_hp_gain":0,"max_hp_loss":0,"event_name":"Living Wall","floor":4,"gold_loss":0,"cards_upgraded":["True Grit"]},{"damage_healed":0,"gold_gain":0,"player_choice":"Ignored","damage_taken":0,"max_hp_gain":0,"max_hp_loss":0,"event_name":"Golden Wing","floor":5,"gold_loss":0},{"cards_removed":["Strike_R"],"damage_healed":0,"gold_gain":0,"player_choice":"Offered Basic","damage_taken":0,"max_hp_gain":0,"max_hp_loss":0,"event_name":"Bonfire Elementals","floor":7,"gold_loss":0},{"damage_healed":0,"gold_gain":0,"player_choice":"Copied","damage_taken":0,"max_hp_gain":0,"max_hp_loss":0,"event_name":"Duplicator","floor":20,"gold_loss":0,"cards_obtained":["Feel No Pain"]},{"damage_healed":0,"gold_gain":0,"player_choice":"Fight","damage_taken":0,"max_hp_gain":0,"max_hp_loss":0,"event_name":"Colosseum","floor":27,"gold_loss":0},{"damage_healed":0,"gold_gain":0,"player_choice":"Fought Nobs","damage_taken":0,"max_hp_gain":0,"max_hp_loss":0,"event_name":"Colosseum","floor":27,"gold_loss":0},{"damage_healed":0,"gold_gain":0,"player_choice":"Opened","damage_taken":0,"relics_obtained":["Blue Candle"],"max_hp_gain":0,"max_hp_loss":0,"event_name":"The Mausoleum","floor":30,"gold_loss":0,"cards_obtained":["Writhe"]},{"cards_removed":["Writhe"],"damage_healed":0,"gold_gain":0,"player_choice":"Gave Gold","damage_taken":0,"max_hp_gain":0,"max_hp_loss":0,"event_name":"Beggar","floor":31,"gold_loss":75},{"damage_healed":0,"gold_gain":0,"player_choice":"Fight","damage_taken":0,"max_hp_gain":0,"max_hp_loss":0,"event_name":"MindBloom","floor":37,"gold_loss":0},{"damage_healed":0,"gold_gain":0,"player_choice":"Memory 3","damage_taken":10,"max_hp_gain":0,"max_hp_loss":0,"event_name":"SensoryStone","floor":38,"gold_loss":0},{"cards_removed":["Strike_R"],"damage_healed":0,"gold_gain":0,"player_choice":"Purged","damage_taken":0,"max_hp_gain":0,"max_hp_loss":0,"event_name":"Purifier","floor":39,"gold_loss":0}],"is_beta":true,"boss_relics":[{"not_picked":["SlaversCollar","Astrolabe"],"picked":"Coffee Dripper"},{"not_picked":["Velvet Choker","Runic Dome"],"picked":"Empty Cage"}],"items_purged_floors":[22],"is_endless":false,"potions_floor_spawned":[3,6,8,14,18,24,27,29,37,40,41],"ascension_level":2}