{"gold_per_floor":[16,39,55,68,79,79,106,32,59,84,112,124,136,177,189,306,318,348,370,382,398,415,446,446,464,464,464,474,486,305,305],"floor_reached":31,"playtime":1816,"items_purged":["Strike_R"],"score":340,"play_id":"701e90dd-aebb-4aa7-a087-f0b6f8d963ee","local_time":"20191013122513","is_ascension_mode":true,"campfire_choices":[{"data":"Bloodletting","floor":6,"key":"SMITH"},{"data":"Warcry","floor":12,"key":"SMITH"},{"data":"Burning Pact","floor":15,"key":"SMITH"},{"floor":24,"key":"REST"}],"neow_cost":"NO_GOLD","seed_source_timestamp":2270651839959,"circlet_count":0,"master_deck":["Strike_R","Strike_R","Strike_R","Strike_R","Defend_R","Defend_R","Defend_R","Defend_R+1","Bash","Feel No Pain","Bloodletting+1","Wild Strike","Spot Weakness","Warcry+1","Fire Breathing","Barricade","Infernal Blade+1","Parasite","Burning Pact+1","Offering","True Grit","Evolve","Reaper","Intimidate","Corruption","Whirlwind","Shockwave","Fire Breathing"],"relics":["Black Blood","Ice Cream","PreservedInsect","Question Card","War Paint","Nloth\u0027s Gift","Lantern","Dodecahedron","GremlinMask"],"potions_floor_usage":[7,14,23,28,28,28,29],"damage_taken":[{"damage":1,"enemies":"Cultist","floor":1,"turns":4},{"damage":8,"enemies":"Jaw Worm","floor":3,"turns":5},{"damage":8,"enemies":"2 Louse","floor":4,"turns":3},{"damage":10,"enemies":"Gremlin Gang","floor":5,"turns":6},{"damage":6,"enemies":"Lagavulin","floor":7,"turns":5},{"damage":19,"enemies":"Blue Slaver","floor":10,"turns":5},{"damage":20,"enemies":"Red Slaver","floor":11,"turns":5},{"damage":20,"enemies":"Gremlin Nob","floor":14,"turns":4},{"damage":38,"enemies":"The Guardian","floor":16,"turns":12},{"damage":24,"enemies":"Shell Parasite","floor":18,"turns":4},{"damage":40,"enemies":"2 Thieves","floor":19,"turns":5},{"damage":12,"enemies":"3 Cultists","floor":21,"turns":4},{"damage":13,"enemies":"Chosen and Byrds","floor":22,"turns":5},{"damage":39,"enemies":"Book of Stabbing","floor":23,"turns":5},{"damage":38,"enemies":"Sentry and Sphere","floor":25,"turns":5},{"damage":34,"enemies":"Centurion and Healer","floor":28,"turns":6},{"damage":9,"enemies":"Snecko","floor":29,"turns":4},{"damage":41,"enemies":"Slavers","floor":31,"turns":2}],"seed_played":"3166976184929894520","potions_obtained":[{"floor":1,"key":"Weak Potion"},{"floor":5,"key":"Swift Potion"},{"floor":11,"key":"DuplicationPotion"},{"floor":18,"key":"DuplicationPotion"},{"floor":21,"key":"SkillPotion"},{"floor":25,"key":"GamblersBrew"},{"floor":28,"key":"Strength Potion"}],"is_trial":false,"path_per_floor":["M","T","M","M","M","R","E","$","T","M","M","R","?","E","R","B",null,"M","M","?","M","M","E","R","M","T","?","M","M","$","E"],"character_chosen":"IRONCLAD","items_purchased":["Fire Breathing","Shockwave","Fire Breathing"],"campfire_rested":1,"item_purchase_floors":[8,30,30],"current_hp_per_floor":[80,80,78,76,72,72,72,72,72,59,45,45,65,51,51,19,80,68,40,40,40,39,22,46,20,20,20,26,38,38,0],"gold":305,"neow_bonus":"ONE_RARE_RELIC","is_prod":false,"is_daily":false,"chose_seed":false,"campfire_upgraded":3,"win_rate":0,"timestamp":1570922713,"path_taken":["M","?","M","M","M","R","E","$","T","M","M","R","?","E","R","BOSS","M","M","?","M","?","E","R","M","T","?","?","?","$","E"],"build_version":"2019-10-11","purchased_purges":1,"victory":false,"max_hp_per_floor":[80,80,80,80,80,80,80,80,80,80,80,80,80,80,80,80,80,80,80,80,80,80,80,80,80,80,80,80,80,80,80],"card_choices":[{"not_picked":["Power Through","Havoc"],"picked":"Feel No Pain","floor":1},{"not_picked":["Warcry","Battle Trance"],"picked":"Bloodletting","floor":3},{"not_picked":["Sword Boomerang","Heavy Blade"],"picked":"Wild Strike","floor":4},{"not_picked":["Rage","Clash"],"picked":"Spot Weakness","floor":5},{"not_picked":["Clash","Havoc"],"picked":"Warcry","floor":7},{"not_picked":["Wild Strike","Clash","Flex"],"picked":"Barricade","floor":10},{"not_picked":["Pommel Strike","True Grit","Warcry"],"picked":"Infernal Blade","floor":11},{"not_picked":["Sword Boomerang","Havoc","Clothesline"],"picked":"Burning Pact","floor":14},{"not_picked":["Brutality","Limit Break","Impervious"],"picked":"Offering","floor":16},{"not_picked":["Rampage+1","Anger","Iron Wave+1"],"picked":"True Grit","floor":18},{"not_picked":["Cleave","Warcry","Hemokinesis"],"picked":"Evolve","floor":19},{"not_picked":["Iron Wave+1","Flex","Heavy Blade","Rampage"],"picked":"SKIP","floor":21},{"not_picked":["Searing Blow","Cleave+1","Pummel+1"],"picked":"Reaper","floor":22},{"not_picked":["Clothesline","Burning Pact","Flex"],"picked":"Intimidate","floor":23},{"not_picked":["Flame Barrier","Clash","Searing Blow+1"],"picked":"Corruption","floor":25},{"not_picked":["Clash","Sword Boomerang","Anger","Twin Strike+1"],"picked":"SKIP","floor":28},{"not_picked":["Twin Strike","Cleave","Sword Boomerang"],"picked":"Whirlwind","floor":29}],"player_experience":189959,"relics_obtained":[{"floor":2,"key":"PreservedInsect"},{"floor":7,"key":"Question Card"},{"floor":9,"key":"MawBank"},{"floor":14,"key":"War Paint"},{"floor":23,"key":"Lantern"},{"floor":26,"key":"Dodecahedron"}],"event_choices":[{"damage_healed":20,"gold_gain":0,"player_choice":"Healed and dodged fight","damage_taken":0,"max_hp_gain":0,"max_hp_loss":0,"event_name":"Mushrooms","floor":13,"gold_loss":0,"cards_obtained":["Parasite"]},{"damage_healed":0,"gold_gain":0,"player_choice":"Traded Relic","damage_taken":0,"relics_obtained":["Nloth\u0027s Gift"],"max_hp_gain":0,"max_hp_loss":0,"event_name":"N\u0027loth","floor":20,"relics_lost":["MawBank"],"gold_loss":0},{"damage_healed":0,"gold_gain":0,"player_choice":"Trade","damage_taken":0,"relics_obtained":["GremlinMask"],"max_hp_gain":0,"max_hp_loss":0,"event_name":"FaceTrader","floor":27,"gold_loss":0}],"is_beta":true,"boss_relics":[{"not_picked":["Velvet Choker","Runic Pyramid"],"picked":"Black Blood"}],"items_purged_floors":[30],"is_endless":false,"potions_floor_spawned":[1,5,11,18,21,25,28],"killed_by":"Slavers","ascension_level":3}