{"gold_per_floor":[113,113,133,133,133,133,150,150,150,150,22,22,37,55,55,155,155,121,121,121,135,50,50],"floor_reached":23,"playtime":920,"items_purged":[],"score":249,"play_id":"3f1cf1f4-a498-4c35-8463-3f24dfaa6e21","local_time":"20191007143240","is_ascension_mode":true,"campfire_choices":[{"data":"Blur","floor":6,"key":"SMITH"},{"floor":12,"key":"REST"},{"floor":15,"key":"REST"}],"neow_cost":"PERCENT_DAMAGE","seed_source_timestamp":11100197837773,"circlet_count":0,"master_deck":["Defend_G","Defend_G","Defend_G+1","Defend_G","Defend_G","Survivor","Neutralize","Mayhem+1","Blur+1","Flying Knee","PiercingWail+1","Infinite Blades","Swift Strike","Terror","Outmaneuver","Night Terror","PiercingWail","Bite","Bite","Bite","Bite","Bite","Concentrate+1"],"relics":["Ring of the Snake","Orichalcum","Boot","Matryoshka","Runic Pyramid","Tough Bandages"],"potions_floor_usage":[18],"damage_taken":[{"damage":1,"enemies":"Cultist","floor":1,"turns":5},{"damage":0,"enemies":"Jaw Worm","floor":3,"turns":6},{"damage":6,"enemies":"2 Louse","floor":7,"turns":5},{"damage":2,"enemies":"Exordium Wildlife","floor":13,"turns":4},{"damage":5,"enemies":"Large Slime","floor":14,"turns":6},{"damage":29,"enemies":"Hexaghost","floor":16,"turns":13},{"damage":23,"enemies":"2 Thieves","floor":18,"turns":5},{"damage":16,"enemies":"3 Byrds","floor":21,"turns":7},{"damage":42,"enemies":"Gremlin Leader","floor":23,"turns":3}],"seed_played":"5570836424850547635","potions_obtained":[{"floor":1,"key":"Poison Potion"},{"floor":13,"key":"Energy Potion"},{"floor":16,"key":"Ancient Potion"},{"floor":18,"key":"Energy Potion"}],"is_trial":false,"path_per_floor":["M","?","M","?","?","R","M","?","T","?","$","R","M","M","R","B",null,"M","?","?","M","?","E"],"character_chosen":"THE_SILENT","items_purchased":["Infinite Blades","Swift Strike"],"campfire_rested":2,"item_purchase_floors":[11,11],"current_hp_per_floor":[48,48,48,48,41,41,35,21,21,14,14,35,33,28,49,20,58,35,35,28,32,32,0],"gold":50,"neow_bonus":"RANDOM_COLORLESS_2","is_prod":false,"is_daily":false,"chose_seed":false,"campfire_upgraded":1,"win_rate":0,"timestamp":1570411960,"path_taken":["M","?","M","?","?","R","?","?","T","?","$","R","M","M","R","BOSS","M","?","?","?","?","E"],"build_version":"2019-10-04","purchased_purges":0,"victory":false,"max_hp_per_floor":[70,70,70,70,70,70,70,70,70,70,70,70,70,70,70,70,70,70,49,54,54,54,54],"card_choices":[{"not_picked":["Thinking Ahead","Secret Technique"],"picked":"Mayhem","floor":0},{"not_picked":["Deadly Poison","Bane"],"picked":"Blur","floor":1},{"not_picked":["Dodge and Roll","Deadly Poison"],"picked":"Flying Knee","floor":3},{"not_picked":["Accuracy","Calculated Gamble"],"picked":"PiercingWail","floor":7},{"not_picked":["Infinite Blades","Masterful Stab"],"picked":"Terror","floor":13},{"not_picked":["Bane","Flying Knee"],"picked":"Outmaneuver","floor":14},{"not_picked":["After Image","A Thousand Cuts"],"picked":"Night Terror","floor":16},{"not_picked":["Endless Agony","Backflip+1"],"picked":"PiercingWail","floor":18},{"not_picked":["Poisoned Stab","Acrobatics"],"picked":"Concentrate+1","floor":21}],"player_experience":162730,"relics_obtained":[{"floor":9,"key":"Matryoshka"}],"event_choices":[{"damage_healed":0,"gold_gain":0,"player_choice":"Grow","damage_taken":0,"max_hp_gain":0,"max_hp_loss":0,"event_name":"Living Wall","floor":2,"gold_loss":0,"cards_upgraded":["Mayhem"]},{"damage_healed":0,"gold_gain":0,"player_choice":"Box","damage_taken":0,"relics_obtained":["Orichalcum"],"max_hp_gain":0,"max_hp_loss":0,"event_name":"Big Fish","floor":4,"gold_loss":0,"cards_obtained":["Regret"]},{"damage_healed":0,"gold_gain":0,"player_choice":"Success","damage_taken":7,"relics_obtained":["Boot"],"max_hp_gain":0,"max_hp_loss":0,"event_name":"Scrap Ooze","floor":5,"gold_loss":0},{"damage_healed":0,"gold_gain":0,"player_choice":"Entered Light","damage_taken":14,"max_hp_gain":0,"max_hp_loss":0,"event_name":"Shining Light","floor":8,"gold_loss":0,"cards_upgraded":["PiercingWail","Defend_G"]},{"cards_removed":["Regret"],"damage_healed":0,"gold_gain":0,"player_choice":"Card Removal","damage_taken":7,"max_hp_gain":0,"max_hp_loss":0,"event_name":"Golden Wing","floor":10,"gold_loss":0},{"damage_healed":0,"gold_gain":0,"player_choice":"Became a vampire","damage_taken":0,"max_hp_gain":0,"max_hp_loss":21,"event_name":"Vampires","floor":19,"gold_loss":0,"cards_obtained":["Bite","Bite","Bite","Bite","Bite"]},{"damage_healed":0,"gold_gain":0,"player_choice":"Shed Blood","damage_taken":12,"max_hp_gain":5,"max_hp_loss":0,"event_name":"Forgotten Altar","floor":20,"gold_loss":0},{"damage_healed":0,"gold_gain":0,"player_choice":"Obtained Relic","damage_taken":0,"relics_obtained":["Tough Bandages"],"max_hp_gain":0,"max_hp_loss":0,"event_name":"Addict","floor":22,"gold_loss":85}],"is_beta":true,"boss_relics":[{"not_picked":["Sozu","Coffee Dripper"],"picked":"Runic Pyramid"}],"items_purged_floors":[],"is_endless":false,"potions_floor_spawned":[1,13,16,18],"killed_by":"Gremlin Leader","ascension_level":5}