{"gold_per_floor":[111,127,139,154,154,193,193,232,232,232,232,232,232,0,0,120,120,136,51,76,0,99,99,113,113],"floor_reached":25,"playtime":1147,"items_purged":["Parasite"],"score":272,"play_id":"d51770d3-2e8b-423b-adc8-19051b76676d","local_time":"20191011212950","is_ascension_mode":true,"campfire_choices":[{"floor":7,"key":"REST"},{"data":"Neutralize","floor":11,"key":"SMITH"},{"data":"Deflect","floor":13,"key":"SMITH"},{"floor":15,"key":"REST"},{"data":"Glass Knife","floor":23,"key":"SMITH"}],"neow_cost":"NONE","seed_source_timestamp":4765814936544,"circlet_count":0,"master_deck":["Strike_G","Strike_G","Strike_G","Strike_G","Strike_G","Defend_G","Defend_G","Defend_G","Defend_G","Defend_G","Survivor","Neutralize+1","Dodge and Roll+1","Deadly Poison","Deflect+1","Acrobatics","Masterful Stab","All Out Attack","Infinite Blades","Backflip","Outmaneuver","Glass Knife+1","Cloak And Dagger","Dash","Sucker Punch+1"],"relics":["Ring of the Snake","Golden Idol","Oddly Smooth Stone","Juzu Bracelet","Ancient Tea Set","Black Star","White Beast Statue"],"potions_floor_usage":[6,6,24,25,25],"damage_taken":[{"damage":0,"enemies":"Small Slimes","floor":1,"turns":3},{"damage":0,"enemies":"2 Louse","floor":2,"turns":4},{"damage":0,"enemies":"Cultist","floor":3,"turns":5},{"damage":15,"enemies":"Exordium Thugs","floor":4,"turns":7},{"damage":10,"enemies":"3 Sentries","floor":6,"turns":14},{"damage":26,"enemies":"Lagavulin","floor":8,"turns":9},{"damage":21,"enemies":"Hexaghost","floor":16,"turns":13},{"damage":23,"enemies":"Chosen","floor":18,"turns":6},{"damage":30,"enemies":"Spheric Guardian","floor":20,"turns":6},{"damage":1,"enemies":"3 Cultists","floor":24,"turns":5},{"damage":45,"enemies":"Slavers","floor":25,"turns":4}],"seed_played":"6198304795721090582","potions_obtained":[{"floor":0,"key":"FearPotion"},{"floor":0,"key":"SmokeBomb"},{"floor":0,"key":"FairyPotion"},{"floor":1,"key":"Dexterity Potion"},{"floor":16,"key":"Dexterity Potion"},{"floor":20,"key":"Explosive Potion"},{"floor":24,"key":"Fire Potion"}],"is_trial":false,"path_per_floor":["M","M","M","M","?","E","R","E","T","?","R","?","R","$","R","B",null,"M","?","M","?","?","R","M","E"],"character_chosen":"THE_SILENT","items_purchased":["Infinite Blades","Backflip","Outmaneuver"],"campfire_rested":2,"item_purchase_floors":[14,14,14],"current_hp_per_floor":[63,63,63,48,31,21,42,16,16,16,16,33,33,33,53,32,58,35,35,5,5,5,5,4,0],"gold":113,"neow_bonus":"THREE_SMALL_POTIONS","is_prod":false,"is_daily":false,"chose_seed":false,"campfire_upgraded":3,"win_rate":0,"timestamp":1570782590,"path_taken":["M","M","M","M","?","E","R","E","T","?","R","?","R","$","R","BOSS","M","?","M","?","?","R","M","E"],"build_version":"2019-10-10","purchased_purges":1,"victory":false,"max_hp_per_floor":[70,70,70,70,70,70,70,70,70,70,70,70,70,67,67,67,67,67,67,67,67,67,67,67,67],"card_choices":[{"not_picked":["Cloak And Dagger","Quick Slash"],"picked":"Dodge and Roll","floor":1},{"not_picked":["Underhanded Strike","Riddle With Holes"],"picked":"Deadly Poison","floor":2},{"not_picked":["Predator","PiercingWail"],"picked":"Deflect","floor":3},{"not_picked":["Phantasmal Killer","Accuracy"],"picked":"Acrobatics","floor":4},{"not_picked":["Sucker Punch","Tactician"],"picked":"Masterful Stab","floor":6},{"not_picked":["Flechettes","Bane"],"picked":"All Out Attack","floor":8},{"not_picked":["Adrenaline","Tools of the Trade"],"picked":"Glass Knife","floor":16},{"not_picked":["Blade Dance","Poisoned Stab"],"picked":"Cloak And Dagger","floor":18},{"not_picked":["Outmaneuver","Riddle With Holes"],"picked":"Dash","floor":20},{"not_picked":["Slice+1","All Out Attack"],"picked":"Sucker Punch+1","floor":24}],"player_experience":177778,"relics_obtained":[{"floor":6,"key":"Oddly Smooth Stone"},{"floor":8,"key":"Juzu Bracelet"},{"floor":9,"key":"Ancient Tea Set"}],"event_choices":[{"damage_healed":0,"gold_gain":0,"player_choice":"Take Damage","damage_taken":17,"relics_obtained":["Golden Idol"],"max_hp_gain":0,"max_hp_loss":0,"event_name":"Golden Idol","floor":5,"gold_loss":0},{"damage_healed":0,"gold_gain":0,"player_choice":"Grow","damage_taken":0,"max_hp_gain":0,"max_hp_loss":0,"event_name":"Living Wall","floor":10,"gold_loss":0,"cards_upgraded":["Dodge and Roll"]},{"damage_healed":17,"gold_gain":0,"player_choice":"Healed and dodged fight","damage_taken":0,"max_hp_gain":0,"max_hp_loss":0,"event_name":"Mushrooms","floor":12,"gold_loss":0,"cards_obtained":["Parasite"]},{"damage_healed":0,"gold_gain":0,"player_choice":"Obtained Relic","damage_taken":0,"relics_obtained":["White Beast Statue"],"max_hp_gain":0,"max_hp_loss":0,"event_name":"Addict","floor":19,"gold_loss":85},{"damage_healed":0,"gold_gain":0,"player_choice":"Paid Fearfully","damage_taken":0,"max_hp_gain":0,"max_hp_loss":0,"event_name":"Masked Bandits","floor":21,"gold_loss":76},{"damage_healed":0,"gold_gain":99,"player_choice":"Stole From Cult","damage_taken":0,"max_hp_gain":0,"max_hp_loss":0,"event_name":"Nest","floor":22,"gold_loss":0}],"is_beta":true,"boss_relics":[{"not_picked":["Ectoplasm","Empty Cage"],"picked":"Black Star"}],"items_purged_floors":[14],"is_endless":false,"potions_floor_spawned":[1,2,16,20,24],"killed_by":"Slavers","ascension_level":6}