{"gold_per_floor":[115,125,144,157,168,168,186,211,236,236,248,85,98,109,109,210,210,224,243,255,275,25,58,58,58,58,58],"floor_reached":27,"playtime":2616,"items_purged":[],"score":266,"play_id":"0c343272-fb48-4692-90b1-28bbefb14e5c","local_time":"20190909222411","is_ascension_mode":false,"campfire_choices":[{"data":"Heavy Blade","floor":6,"key":"SMITH"},{"data":"Feed","floor":10,"key":"SMITH"},{"data":"Anger","floor":15,"key":"SMITH"},{"data":"Metallicize","floor":24,"key":"SMITH"}],"neow_cost":"PERCENT_DAMAGE","seed_source_timestamp":10310373427590,"circlet_count":0,"master_deck":["Strike_R+1","Strike_R+1","Strike_R+1","Strike_R+1","Strike_R+1","Defend_R+1","Defend_R+1","Defend_R+1","Defend_R+1","Bash","Flame Barrier","Rage","Metallicize+1","Heavy Blade+1","Inflame","Second Wind","Feed+1","Anger+1","Blind","Flex","Twin Strike","Thunderclap","Shrug It Off","Impervious","Fire Breathing","Battle Trance","Heavy Blade+1","Anger+1","Panache","Intimidate","Inflame+1"],"relics":["Burning Blood","Nunchaku","Bottled Lightning","Ancient Tea Set","Coffee Dripper","Toxic Egg 2","Meat on the Bone"],"potions_floor_usage":[16,16,16,20,23,23,23],"damage_taken":[{"damage":1,"enemies":"Cultist","floor":1,"turns":3},{"damage":4,"enemies":"2 Louse","floor":2,"turns":4},{"damage":2,"enemies":"Jaw Worm","floor":3,"turns":4},{"damage":4,"enemies":"Looter","floor":4,"turns":3},{"damage":36,"enemies":"Gremlin Gang","floor":5,"turns":7},{"damage":3,"enemies":"Red Slaver","floor":7,"turns":6},{"damage":22,"enemies":"Lagavulin","floor":8,"turns":6},{"damage":2,"enemies":"2 Fungi Beasts","floor":11,"turns":4},{"damage":1,"enemies":"3 Louse","floor":13,"turns":3},{"damage":2,"enemies":"Looter","floor":14,"turns":4},{"damage":55,"enemies":"The Guardian","floor":16,"turns":12},{"damage":10,"enemies":"Spheric Guardian","floor":18,"turns":4},{"damage":13,"enemies":"Shell Parasite","floor":19,"turns":9},{"damage":21,"enemies":"Snecko","floor":20,"turns":7},{"damage":27,"enemies":"Centurion and Healer","floor":21,"turns":8},{"damage":49,"enemies":"Slavers","floor":23,"turns":8},{"damage":22,"enemies":"Snake Plant","floor":27,"turns":3}],"seed_played":"6826538850845763378","potions_obtained":[{"floor":3,"key":"Regen Potion"},{"floor":4,"key":"LiquidBronze"},{"floor":5,"key":"FearPotion"},{"floor":16,"key":"SpeedPotion"},{"floor":18,"key":"FearPotion"},{"floor":19,"key":"SkillPotion"},{"floor":21,"key":"AttackPotion"}],"is_trial":false,"path_per_floor":["M","M","M","M","M","R","M","E","T","R","M","$","M","M","R","B",null,"M","M","M","M","$","E","R","?","T","M"],"character_chosen":"IRONCLAD","items_purchased":["Blind","Flex","Twin Strike","Panache","Intimidate"],"campfire_rested":0,"item_purchase_floors":[12,12,12,22,22],"current_hp_per_floor":[61,63,67,69,39,39,42,26,26,26,34,34,43,47,47,17,92,92,89,78,61,61,18,18,18,18,0],"gold":58,"neow_bonus":"ONE_RARE_RELIC","is_prod":false,"is_daily":false,"chose_seed":false,"campfire_upgraded":4,"win_rate":0.0,"timestamp":1568024651,"path_taken":["M","?","M","M","M","R","M","E","T","R","M","$","M","M","R","BOSS","M","M","M","?","$","E","R","?","T","M"],"build_version":"2019-07-17","purchased_purges":0,"victory":false,"max_hp_per_floor":[80,80,80,80,80,80,80,80,80,80,84,84,88,88,88,92,92,96,100,104,108,108,108,108,108,108,108],"card_choices":[{"not_picked":["Sword Boomerang","Perfected Strike"],"picked":"Flame Barrier","floor":1},{"not_picked":["Perfected Strike","Power Through"],"picked":"Rage","floor":2},{"not_picked":["Flex","Reckless Charge"],"picked":"Metallicize","floor":3},{"not_picked":["Thunderclap","Searing Blow"],"picked":"Heavy Blade","floor":4},{"not_picked":["Dual Wield","Seeing Red"],"picked":"Inflame","floor":5},{"not_picked":["True Grit","Thunderclap"],"picked":"Second Wind","floor":7},{"not_picked":["Pummel","Twin Strike"],"picked":"Feed","floor":8},{"not_picked":["Second Wind","Shrug It Off"],"picked":"Anger","floor":11},{"not_picked":["Bloodletting","Twin Strike"],"picked":"Thunderclap","floor":13},{"not_picked":["Heavy Blade","Clothesline"],"picked":"Shrug It Off","floor":14},{"not_picked":["Reaper","Brutality"],"picked":"Impervious","floor":16},{"not_picked":["Perfected Strike+1","Twin Strike+1"],"picked":"Fire Breathing","floor":18},{"not_picked":["Sword Boomerang","Pommel Strike+1"],"picked":"Battle Trance","floor":19},{"not_picked":["Thunderclap+1","Pommel Strike"],"picked":"Heavy Blade+1","floor":20},{"not_picked":["Dropkick","Pommel Strike"],"picked":"Anger+1","floor":21},{"not_picked":["Armaments","Iron Wave"],"picked":"Inflame+1","floor":23}],"player_experience":40798,"relics_obtained":[{"floor":8,"key":"Bottled Lightning"},{"floor":9,"key":"Ancient Tea Set"},{"floor":23,"key":"Toxic Egg 2"},{"floor":26,"key":"Meat on the Bone"}],"event_choices":[{"damage_healed":0,"gold_gain":0,"player_choice":"Simplicity","damage_taken":0,"max_hp_gain":0,"max_hp_loss":0,"event_name":"Back to Basics","floor":25,"gold_loss":0,"cards_upgraded":["Strike_R","Strike_R","Strike_R","Strike_R","Strike_R","Defend_R","Defend_R","Defend_R","Defend_R"]}],"is_beta":false,"boss_relics":[{"not_picked":["Eternal Feather","Mark of Pain"],"picked":"Coffee Dripper"}],"items_purged_floors":[],"is_endless":false,"potions_floor_spawned":[3,4,5,11,13,16,18,19,21],"killed_by":"Snake Plant","ascension_level":0}