{"gold_per_floor":[117,117,117,137,155,155,198,198,252,264,231,243],"floor_reached":12,"playtime":1127,"items_purged":[],"score":76,"play_id":"4b84775c-afd4-41fe-b9dd-361e64e61315","local_time":"20190904194546","is_ascension_mode":false,"campfire_choices":[{"data":"Footwork","floor":6,"key":"SMITH"},{"floor":10,"key":"REST"}],"neow_cost":"NONE","seed_source_timestamp":23067213778518,"circlet_count":0,"master_deck":["Strike_G","Strike_G","Strike_G","Strike_G","Strike_G","Defend_G","Defend_G","Defend_G","Defend_G","Defend_G","Survivor","Neutralize","Acrobatics","Prepared","Footwork+1","Dodge and Roll","Crippling Poison","Prepared"],"relics":["Ring of the Snake","Golden Idol","Boot","MawBank"],"potions_floor_usage":[],"damage_taken":[{"damage":2,"enemies":"Small Slimes","floor":1,"turns":5},{"damage":0,"enemies":"2 Louse","floor":4,"turns":3},{"damage":3,"enemies":"Jaw Worm","floor":5,"turns":4},{"damage":48,"enemies":"3 Sentries","floor":7,"turns":22},{"damage":0,"enemies":"Looter","floor":11,"turns":5},{"damage":26,"enemies":"Gremlin Nob","floor":12,"turns":5}],"seed_played":"-8948635847029044503","potions_obtained":[{"floor":5,"key":"PowerPotion"},{"floor":7,"key":"Dexterity Potion"}],"is_trial":false,"path_per_floor":["M","?","?","M","M","R","E","?","T","R","M","?"],"character_chosen":"THE_SILENT","items_purchased":[],"campfire_rested":1,"item_purchase_floors":[],"current_hp_per_floor":[68,65,65,65,62,62,14,2,2,21,21,0],"gold":243,"neow_bonus":"THREE_CARDS","is_prod":false,"is_daily":false,"chose_seed":false,"campfire_upgraded":1,"win_rate":0.0,"timestamp":1567583146,"path_taken":["M","?","?","M","M","R","E","?","T","R","?","?"],"build_version":"2019-07-17","purchased_purges":0,"victory":false,"max_hp_per_floor":[70,65,65,65,65,65,65,65,65,65,65,65],"card_choices":[{"not_picked":["Finisher","Dagger Spray"],"picked":"Acrobatics","floor":0},{"not_picked":["Backstab","Quick Slash"],"picked":"Prepared","floor":1},{"not_picked":["Acrobatics","Dagger Spray"],"picked":"Footwork","floor":4},{"not_picked":["Distraction","Flechettes"],"picked":"Dodge and Roll","floor":5},{"not_picked":["Heel Hook","Outmaneuver"],"picked":"Crippling Poison","floor":7},{"not_picked":["Quick Slash","Underhanded Strike"],"picked":"Prepared","floor":11}],"player_experience":8632,"relics_obtained":[{"floor":7,"key":"Boot"},{"floor":9,"key":"MawBank"}],"event_choices":[{"damage_healed":0,"gold_gain":0,"player_choice":"Lose Max HP","damage_taken":0,"relics_obtained":["Golden Idol"],"max_hp_gain":0,"max_hp_loss":5,"event_name":"Golden Idol","floor":2,"gold_loss":0},{"damage_healed":0,"gold_gain":0,"player_choice":"Ignored","damage_taken":0,"max_hp_gain":0,"max_hp_loss":0,"event_name":"Liars Game","floor":3,"gold_loss":0},{"damage_healed":0,"gold_gain":0,"player_choice":"Fled","damage_taken":12,"max_hp_gain":0,"max_hp_loss":0,"event_name":"Scrap Ooze","floor":8,"gold_loss":0},{"damage_healed":0,"gold_gain":0,"player_choice":"Searched \u00271\u0027 times","damage_taken":0,"max_hp_gain":0,"max_hp_loss":0,"event_name":"Dead Adventurer","floor":12,"gold_loss":0}],"is_beta":false,"boss_relics":[],"items_purged_floors":[],"is_endless":false,"potions_floor_spawned":[5,7],"killed_by":"Gremlin Nob","ascension_level":0}