{"gold_per_floor":[112,82,102,25,44,71,71,90,90,90,120,189,200,218,218,321,321,337,337,337,350,365,365],"floor_reached":23,"playtime":1439,"items_purged":[],"score":203,"play_id":"247ead79-781a-4194-9942-06722828c865","local_time":"20190925232419","is_ascension_mode":false,"campfire_choices":[{"floor":15,"key":"REST"}],"neow_cost":"NONE","seed_source_timestamp":41539464387791,"circlet_count":0,"master_deck":["Strike_R","Strike_R","Strike_R","Strike_R","Strike_R","Defend_R","Defend_R","Defend_R","Defend_R","Bash","Shrug It Off","Metallicize","Bloodletting","Body Slam","Parasite","Rage+1","Armaments+1","Fire Breathing","Berserk","Armaments+1","Dual Wield+1","Pommel Strike+1","Seeing Red+1"],"relics":["Burning Blood","NeowsBlessing","Mango","Letter Opener","Eternal Feather","Toxic Egg 2","HornCleat","SacredBark"],"potions_floor_usage":[6,8,11,13,16,18],"damage_taken":[{"damage":0,"enemies":"2 Louse","floor":1,"turns":1},{"damage":0,"enemies":"Cultist","floor":3,"turns":1},{"damage":0,"enemies":"Small Slimes","floor":5,"turns":1},{"damage":44,"enemies":"Gremlin Nob","floor":6,"turns":6},{"damage":16,"enemies":"Exordium Thugs","floor":8,"turns":11},{"damage":47,"enemies":"Lagavulin","floor":11,"turns":13},{"damage":4,"enemies":"Large Slime","floor":13,"turns":9},{"damage":10,"enemies":"Blue Slaver","floor":14,"turns":5},{"damage":31,"enemies":"The Guardian","floor":16,"turns":20},{"damage":18,"enemies":"Spheric Guardian","floor":18,"turns":10},{"damage":9,"enemies":"Chosen","floor":21,"turns":7},{"damage":18,"enemies":"Snake Plant","floor":22,"turns":7},{"damage":52,"enemies":"3 Cultists","floor":23,"turns":7}],"seed_played":"3224697973830748308","potions_obtained":[{"floor":1,"key":"ElixirPotion"},{"floor":2,"key":"Dexterity Potion"},{"floor":2,"key":"SpeedPotion"},{"floor":6,"key":"PowerPotion"},{"floor":14,"key":"Swift Potion"},{"floor":16,"key":"Dexterity Potion"}],"is_trial":false,"path_per_floor":["M","?","M","$","M","E","?","M","T","?","E","T","M","M","R","B",null,"M","?","?","M","M","M"],"character_chosen":"IRONCLAD","items_purchased":["Metallicize"],"campfire_rested":1,"item_purchase_floors":[4],"current_hp_per_floor":[80,80,80,80,80,56,44,34,34,57,16,16,18,14,51,26,94,82,66,66,63,51,0],"gold":365,"neow_bonus":"THREE_ENEMY_KILL","is_prod":false,"is_daily":false,"chose_seed":false,"campfire_upgraded":0,"win_rate":0,"timestamp":1569410659,"path_taken":["M","?","M","?","M","E","?","?","T","?","E","?","M","?","R","BOSS","M","?","?","M","M","M"],"build_version":"2019-09-24","purchased_purges":0,"victory":false,"max_hp_per_floor":[80,80,80,80,80,94,94,94,94,94,94,94,94,94,94,94,94,94,94,94,94,94,94],"card_choices":[{"not_picked":["Corruption","Feel No Pain"],"picked":"Shrug It Off","floor":1},{"not_picked":["Heavy Blade","Flex","Sword Boomerang"],"picked":"SKIP","floor":3},{"not_picked":["Whirlwind","Perfected Strike","Clash"],"picked":"SKIP","floor":5},{"not_picked":["Infernal Blade","Evolve"],"picked":"Bloodletting","floor":6},{"not_picked":["Sword Boomerang","Dropkick"],"picked":"Body Slam","floor":8},{"not_picked":["Wild Strike","Sword Boomerang"],"picked":"Rage","floor":11},{"not_picked":["Clash","Clothesline"],"picked":"Armaments+1","floor":13},{"not_picked":["Clothesline","Immolate"],"picked":"Fire Breathing","floor":14},{"not_picked":["Fiend Fire","Limit Break+1"],"picked":"Berserk","floor":16},{"not_picked":["Pommel Strike","Corruption"],"picked":"Armaments+1","floor":18},{"not_picked":["Sword Boomerang","Bloodletting+1"],"picked":"Pommel Strike+1","floor":21},{"not_picked":["Burning Pact+1","Body Slam"],"picked":"Seeing Red+1","floor":22}],"player_experience":103937,"relics_obtained":[{"floor":6,"key":"Mango"},{"floor":9,"key":"Eternal Feather"},{"floor":11,"key":"Toxic Egg 2"},{"floor":12,"key":"HornCleat"}],"event_choices":[{"damage_healed":0,"gold_gain":0,"player_choice":"Bought 2 Potions","damage_taken":0,"max_hp_gain":0,"max_hp_loss":0,"event_name":"The Woman in Blue","floor":2,"gold_loss":0},{"damage_healed":0,"gold_gain":0,"player_choice":"Success","damage_taken":12,"relics_obtained":["Letter Opener"],"max_hp_gain":0,"max_hp_loss":0,"event_name":"Scrap Ooze","floor":7,"gold_loss":0},{"damage_healed":23,"gold_gain":0,"player_choice":"Healed and dodged fight","damage_taken":0,"max_hp_gain":0,"max_hp_loss":0,"event_name":"Mushrooms","floor":10,"gold_loss":0,"cards_obtained":["Parasite"]},{"damage_healed":0,"gold_gain":0,"player_choice":"Obtained Book","damage_taken":16,"max_hp_gain":0,"max_hp_loss":0,"event_name":"Cursed Tome","floor":19,"gold_loss":0},{"damage_healed":0,"gold_gain":0,"player_choice":"Read","damage_taken":0,"max_hp_gain":0,"max_hp_loss":0,"event_name":"The Library","floor":20,"gold_loss":0,"cards_obtained":["Dual Wield"]}],"is_beta":true,"boss_relics":[{"not_picked":["Coffee Dripper","Runic Cube"],"picked":"SacredBark"}],"items_purged_floors":[],"is_endless":false,"potions_floor_spawned":[1,6,14,16],"killed_by":"3 Cultists","ascension_level":0}