{"gold_per_floor":[118,118,137,149,169,169,187,187,212,238,74,74,92,92,92,171,171,188,208,208],"floor_reached":20,"playtime":1325,"items_purged":["Strike_B"],"score":352,"play_id":"5849164c-1e50-42f1-ade7-18c1623a2b3f","local_time":"20191012171423","is_ascension_mode":true,"campfire_choices":[{"floor":6,"key":"REST"},{"floor":8,"key":"REST"},{"floor":12,"key":"REST"},{"data":"Genetic Algorithm","floor":15,"key":"SMITH"}],"neow_cost":"NONE","seed_source_timestamp":1192161611925300,"circlet_count":0,"master_deck":["AscendersBane","Strike_B","Strike_B","Defend_B","Defend_B","Defend_B+1","Defend_B","Zap","Dualcast+1","Genetic Algorithm+1","Fusion","Cold Snap","Coolheaded","Force Field","Ball Lightning","Leap","Consume","Cold Snap","Creative AI","Hologram","Recycle"],"special_seed":0,"relics":["Snecko Eye","War Paint","Ancient Tea Set","Runic Dome"],"potions_floor_usage":[7,10,14,16],"damage_taken":[{"damage":1,"enemies":"2 Louse","floor":1,"turns":3},{"damage":7,"enemies":"Cultist","floor":3,"turns":5},{"damage":2,"enemies":"Small Slimes","floor":4,"turns":4},{"damage":43,"enemies":"Exordium Thugs","floor":5,"turns":7},{"damage":29,"enemies":"Gremlin Gang","floor":7,"turns":8},{"damage":12,"enemies":"3 Sentries","floor":10,"turns":9},{"damage":7,"enemies":"Lots of Slimes","floor":13,"turns":6},{"damage":21,"enemies":"The Guardian","floor":16,"turns":15},{"damage":7,"enemies":"3 Byrds","floor":18,"turns":6},{"damage":4,"enemies":"Spheric Guardian","floor":19,"turns":8},{"damage":59,"enemies":"3 Cultists","floor":20,"turns":6}],"seed_played":"1663874299249890345","potions_obtained":[{"floor":5,"key":"Block Potion"},{"floor":7,"key":"Fire Potion"},{"floor":14,"key":"Fruit Juice"},{"floor":14,"key":"AttackPotion"},{"floor":16,"key":"SteroidPotion"}],"is_trial":false,"path_per_floor":["M","?","M","M","M","R","M","R","T","E","$","R","M","?","R","B",null,"M","M","M"],"character_chosen":"DEFECT","items_purchased":["Consume"],"campfire_rested":3,"item_purchase_floors":[11],"current_hp_per_floor":[63,63,56,54,11,32,3,24,24,12,12,33,26,31,31,10,60,53,49,0],"gold":208,"neow_bonus":"BOSS_RELIC","is_prod":false,"is_daily":false,"chose_seed":false,"campfire_upgraded":1,"win_rate":0,"timestamp":1570893263,"path_taken":["M","?","M","M","M","R","?","R","T","E","$","R","M","?","R","BOSS","M","M","M"],"build_version":"2019-07-17","purchased_purges":1,"victory":false,"max_hp_per_floor":[71,71,71,71,71,71,71,71,71,71,71,71,71,76,76,76,76,76,76,76],"card_choices":[{"not_picked":["Ball Lightning","Sweeping Beam"],"picked":"Genetic Algorithm","floor":1},{"not_picked":["Redo","Scrape"],"picked":"Cold Snap","floor":3},{"not_picked":["Gash","Hologram"],"picked":"Coolheaded","floor":4},{"not_picked":["Cold Snap","Redo"],"picked":"Force Field","floor":5},{"not_picked":["Turbo","Gash"],"picked":"Ball Lightning","floor":7},{"not_picked":["Double Energy","Reboot"],"picked":"Leap","floor":10},{"not_picked":["Beam Cell","Hologram"],"picked":"Cold Snap","floor":13},{"not_picked":["Rainbow","Electrodynamics"],"picked":"Creative AI","floor":16},{"not_picked":["Stack","Coolheaded"],"picked":"Hologram","floor":18},{"not_picked":["Gash","Skim"],"picked":"Recycle","floor":19}],"player_experience":475480,"relics_obtained":[{"floor":9,"key":"War Paint"},{"floor":10,"key":"Ancient Tea Set"}],"event_choices":[{"damage_healed":0,"gold_gain":0,"cards_transformed":["Strike_B"],"player_choice":"Transformed","damage_taken":0,"max_hp_gain":0,"max_hp_loss":0,"event_name":"Transmorgrifier","floor":2,"gold_loss":0,"cards_obtained":["Fusion"]},{"damage_healed":0,"gold_gain":0,"player_choice":"Got Potions","damage_taken":0,"max_hp_gain":0,"max_hp_loss":0,"event_name":"Lab","floor":14,"gold_loss":0}],"is_beta":false,"boss_relics":[{"not_picked":["Empty Cage","Eternal Feather"],"picked":"Runic Dome"}],"items_purged_floors":[11],"is_endless":false,"potions_floor_spawned":[5,7,16],"killed_by":"3 Cultists","ascension_level":20}