{"gold_per_floor":[109,109,123,123,133,133,166,154,154,178,192,192,207,221,221,322,322,341,341,62,62,80,80,93,110,110,110,129,147,147,173,173,173],"floor_reached":33,"playtime":7479,"items_purged":["Pain"],"score":251,"play_id":"40102ede-b1af-488f-bbe1-2dd2e3d63ce5","local_time":"20190928221442","is_ascension_mode":false,"campfire_choices":[{"data":"Rupture","floor":6.0,"key":"SMITH"},{"floor":15.0,"key":"REST"},{"floor":23,"key":"REST"},{"floor":27,"key":"REST"},{"floor":32,"key":"REST"}],"neow_cost":"","seed_source_timestamp":0,"circlet_count":0,"master_deck":["Strike_R","Strike_R","Strike_R","Strike_R","Strike_R","Defend_R","Defend_R","Defend_R","Defend_R","Bash","Iron Wave","Rupture+1","Searing Blow","Cleave","Fire Breathing","Cleave","Trip","Entrench","Sever Soul","Rage","Barricade","Iron Wave+1","Clothesline","Discovery","Dropkick","Swift Strike","Flex+1","Sword Boomerang+1","Perfected Strike","Shrug It Off+1"],"special_seed":0,"relics":["Black Blood","Mango","Self Forming Clay","Champion Belt","Orichalcum","Sundial","Happy Flower","Red Mask"],"potions_floor_usage":[22,33,33],"damage_taken":[{"damage":7.0,"enemies":"Cultist","floor":1.0,"turns":6.0},{"damage":6.0,"enemies":"2 Louse","floor":3.0,"turns":3.0},{"damage":15.0,"enemies":"Jaw Worm","floor":5.0,"turns":4.0},{"damage":42.0,"enemies":"3 Sentries","floor":7.0,"turns":11.0},{"damage":19.0,"enemies":"Exordium Thugs","floor":8.0,"turns":4.0},{"damage":28.0,"enemies":"Gremlin Gang","floor":11.0,"turns":4.0},{"damage":14.0,"enemies":"Large Slime","floor":13.0,"turns":6.0},{"damage":9.0,"enemies":"Blue Slaver","floor":14.0,"turns":6.0},{"damage":29.0,"enemies":"The Guardian","floor":16.0,"turns":9.0},{"damage":8,"enemies":"Chosen","floor":18,"turns":6},{"damage":38,"enemies":"3 Byrds","floor":22,"turns":8},{"damage":30,"enemies":"3 Cultists","floor":24,"turns":6},{"damage":16,"enemies":"Snecko","floor":25,"turns":5},{"damage":18,"enemies":"Snake Plant","floor":28,"turns":4},{"damage":25,"enemies":"Centurion and Healer","floor":29,"turns":9},{"damage":46,"enemies":"Masked Bandits","floor":31,"turns":6},{"damage":61,"enemies":"Champ","floor":33,"turns":14}],"seed_played":"9210747051945800421","potions_obtained":[{"floor":1.0,"key":"Strength Potion"},{"floor":3.0,"key":"Regen Potion"},{"floor":8.0,"key":"GamblersBrew"},{"floor":11.0,"key":"PowerPotion"},{"floor":24,"key":"Block Potion"},{"floor":28,"key":"Swift Potion"},{"floor":31,"key":"Explosive Potion"}],"is_trial":false,"path_per_floor":["M","?","M","?","M","R","E","M","T","T","M","?","M","M","R","B",null,"M","?","$","?","M","R","M","M","T","R","M","M","T","?","R","B"],"character_chosen":"IRONCLAD","items_purchased":["Clothesline","Discovery","Dropkick"],"campfire_rested":4,"item_purchase_floors":[20,20,20],"current_hp_per_floor":[79,75,75,94,85,85,64,51,51,51,29,29,21,18,46,23,94,94,94,94,67,54,82,62,56,56,84,76,61,61,25,53,0],"gold":173,"neow_bonus":"","is_prod":false,"is_daily":false,"chose_seed":false,"campfire_upgraded":1,"win_rate":0.0,"timestamp":1569705282,"path_taken":["M","?","M","?","M","R","E","M","T","?","?","?","M","?","R","BOSS","M","?","$","?","M","R","?","M","T","R","M","M","?","?","R","BOSS"],"build_version":"2019-07-17","purchased_purges":1,"victory":false,"max_hp_per_floor":[80,94,94,94,94,94,94,94,94,94,94,94,94,94,94,94,94,94,94,94,94,94,94,94,94,94,94,94,94,94,94,94,94],"card_choices":[{"not_picked":["Pommel Strike","Headbutt"],"picked":"Iron Wave","floor":1.0},{"not_picked":["Reckless Charge","Feel No Pain"],"picked":"Rupture","floor":3.0},{"not_picked":["Twin Strike","Cleave"],"picked":"Searing Blow","floor":5.0},{"not_picked":["Pommel Strike","Warcry"],"picked":"Cleave","floor":7.0},{"not_picked":["Hemokinesis","True Grit"],"picked":"Fire Breathing","floor":8.0},{"not_picked":["Twin Strike","Fiend Fire"],"picked":"Cleave","floor":11.0},{"not_picked":["Warcry","Twin Strike"],"picked":"Sever Soul","floor":13.0},{"not_picked":["Pommel Strike","Warcry"],"picked":"Rage","floor":14.0},{"not_picked":["Fiend Fire","Feed"],"picked":"Barricade","floor":16.0},{"not_picked":["Blood for Blood","Shrug It Off"],"picked":"Iron Wave+1","floor":18},{"not_picked":["Ghostly Armor","Dual Wield+1"],"picked":"Flex+1","floor":22},{"not_picked":["Hemokinesis","Shrug It Off"],"picked":"Sword Boomerang+1","floor":24},{"not_picked":["Warcry+1","Cleave"],"picked":"Perfected Strike","floor":25},{"not_picked":["Fiend Fire","Anger","Shrug It Off"],"picked":"SKIP","floor":28},{"not_picked":["Entrench+1","True Grit+1"],"picked":"Shrug It Off+1","floor":29}],"player_experience":0,"relics_obtained":[{"floor":7.0,"key":"Self Forming Clay"},{"floor":9.0,"key":"Champion Belt"},{"floor":10.0,"key":"Orichalcum"},{"floor":26,"key":"Sundial"},{"floor":30,"key":"Happy Flower"},{"floor":31,"key":"Red Mask"}],"event_choices":[{"damage_healed":0.0,"max_hp_gain":0.0,"max_hp_loss":0.0,"gold_gain":0.0,"event_name":"Scrap Ooze","player_choice":"Success","floor":2.0,"gold_loss":0.0,"damage_taken":18.0,"relics_obtained":["Mango"]},{"damage_healed":31.0,"max_hp_gain":0.0,"max_hp_loss":0.0,"gold_gain":0.0,"event_name":"Big Fish","player_choice":"Banana","floor":4.0,"gold_loss":0.0,"damage_taken":0.0},{"damage_healed":0.0,"max_hp_gain":0.0,"max_hp_loss":0.0,"gold_gain":0.0,"event_name":"Match and Keep!","player_choice":"3 cards matched","floor":12.0,"gold_loss":0.0,"damage_taken":0.0,"cards_obtained":["Trip","Entrench","Pain"]},{"damage_healed":0,"gold_gain":0,"player_choice":"Ignored","damage_taken":0,"max_hp_gain":0,"max_hp_loss":0,"event_name":"Vampires","floor":19,"gold_loss":0},{"damage_healed":0,"gold_gain":0,"player_choice":"CARD POTION ","damage_taken":27,"max_hp_gain":0,"max_hp_loss":0,"event_name":"Knowing Skull","floor":21,"potions_obtained":["Regen Potion"],"gold_loss":0,"cards_obtained":["Swift Strike"]},{"damage_healed":0,"gold_gain":0,"player_choice":"Fought Bandits","damage_taken":0,"max_hp_gain":0,"max_hp_loss":0,"event_name":"Masked Bandits","floor":31,"gold_loss":0}],"is_beta":false,"boss_relics":[{"not_picked":["Coffee Dripper","Ectoplasm"],"picked":"Black Blood"}],"items_purged_floors":[20],"is_endless":false,"potions_floor_spawned":[1,3,8,11,24,28,31],"killed_by":"Champ","ascension_level":0}