{"gold_per_floor":[109,109,109,109,8,36,36,62,62,62,86,96,96,109,109,180,180,192,210,210,125,145,145,180,41,41,73,86,96,96,112,112,189,189,209,209,223,239,36,36,36,62,62,74,86,0,0,17,17,17,17,17,17,17,47,47],"floor_reached":57,"playtime":4653,"items_purged":["Strike_G","Strike_G","Strike_G"],"score":2735,"play_id":"0fd1991b-d350-44ab-aa91-1d4a9f4e1592","local_time":"20191013184959","is_ascension_mode":true,"campfire_choices":[{"data":"Deadly Poison","floor":7,"key":"SMITH"},{"data":"Neutralize","floor":10,"key":"SMITH"},{"data":"Survivor","floor":13,"key":"SMITH"},{"data":"Predator","floor":15,"key":"SMITH"},{"data":"Corpse Explosion","floor":23,"key":"SMITH"},{"floor":30,"key":"REST"},{"data":"Footwork","floor":32,"key":"SMITH"},{"data":"Wraith Form v2","floor":40,"key":"SMITH"},{"floor":47,"key":"REST"},{"floor":49,"key":"RECALL"},{"data":"Footwork","floor":53,"key":"SMITH"}],"neow_cost":"NONE","seed_source_timestamp":23573305746114,"circlet_count":0,"master_deck":["AscendersBane","Strike_G","Strike_G+1","Defend_G","Defend_G","Defend_G","Defend_G","Defend_G+1","Survivor+1","Neutralize+1","Deadly Poison+1","PiercingWail","PiercingWail","Corpse Explosion+1","Backflip+1","Backflip","Footwork+1","Footwork+1","Backflip","Dodge and Roll","Blur","Wraith Form v2+1","Backflip+1","Noxious Fumes","Noxious Fumes","Well Laid Plans","Dodge and Roll","Backflip","Footwork+1"],"relics":["Ring of the Serpent","NeowsBlessing","Potion Belt","Orichalcum","Letter Opener","Cursed Key","Bag of Marbles","Centennial Puzzle","Omamori","Shuriken","Smiling Mask","Red Mask","The Specimen"],"potions_floor_usage":[19,24,24,27,42,56,56,56,56],"damage_taken":[{"damage":0,"enemies":"2 Louse","floor":1,"turns":1},{"damage":0,"enemies":"Lagavulin","floor":6,"turns":1},{"damage":0,"enemies":"3 Sentries","floor":8,"turns":1},{"damage":0,"enemies":"Small Slimes","floor":12,"turns":3},{"damage":1,"enemies":"Jaw Worm","floor":14,"turns":5},{"damage":12,"enemies":"Hexaghost","floor":16,"turns":10},{"damage":2,"enemies":"2 Thieves","floor":18,"turns":3},{"damage":0,"enemies":"3 Byrds","floor":19,"turns":2},{"damage":0,"enemies":"Snake Plant","floor":22,"turns":4},{"damage":20,"enemies":"Book of Stabbing","floor":24,"turns":6},{"damage":11,"enemies":"Slavers","floor":27,"turns":3},{"damage":2,"enemies":"Centurion and Healer","floor":28,"turns":5},{"damage":2,"enemies":"Sentry and Sphere","floor":29,"turns":6},{"damage":0,"enemies":"Snake Plant","floor":31,"turns":4},{"damage":25,"enemies":"Collector","floor":33,"turns":11},{"damage":3,"enemies":"Orb Walker","floor":35,"turns":5},{"damage":2,"enemies":"3 Darklings","floor":37,"turns":4},{"damage":0,"enemies":"Writhing Mass","floor":38,"turns":8},{"damage":1,"enemies":"Nemesis","floor":42,"turns":11},{"damage":15,"enemies":"Jaw Worm Horde","floor":44,"turns":5},{"damage":11,"enemies":"3 Darklings","floor":45,"turns":4},{"damage":1,"enemies":"Spire Growth","floor":48,"turns":10},{"damage":10,"enemies":"Time Eater","floor":50,"turns":20},{"damage":6,"enemies":"Donu and Deca","floor":51,"turns":11},{"damage":6,"enemies":"Shield and Spear","floor":55,"turns":10},{"damage":22,"enemies":"The Heart","floor":56,"turns":15}],"seed_played":"4081781688540877803","potions_obtained":[{"floor":8,"key":"Strength Potion"},{"floor":14,"key":"Dexterity Potion"},{"floor":16,"key":"SkillPotion"},{"floor":18,"key":"Fire Potion"},{"floor":22,"key":"Dexterity Potion"},{"floor":27,"key":"SpeedPotion"},{"floor":29,"key":"Weak Potion"},{"floor":35,"key":"GhostInAJar"},{"floor":42,"key":"SteroidPotion"},{"floor":55,"key":"SkillPotion"}],"is_trial":false,"path_per_floor":["M","?","?","?","$","E","R","E","T","R","T","M","R","M","R","B",null,"M","M","?","?","M","R","E","$","T","E","M","M","R","M","R","B",null,"M","?","M","M","$","R","?","E","T","M","M","?","R","M","R","B","B",null,"R","$","E","B",null],"character_chosen":"THE_SILENT","items_purchased":["Deadly Poison","Footwork","Well Laid Plans"],"campfire_rested":2,"item_purchase_floors":[5,25,39],"current_hp_per_floor":[59,39,39,44,44,44,44,44,44,44,44,44,44,43,43,31,61,59,59,59,59,59,59,39,39,39,28,26,24,45,45,45,20,58,55,55,53,53,53,53,53,52,52,37,26,26,46,45,45,35,29,58,58,58,52,30],"gold":47,"neow_bonus":"THREE_ENEMY_KILL","is_prod":false,"is_daily":false,"chose_seed":false,"campfire_upgraded":8,"win_rate":0,"timestamp":1570985399,"path_taken":["M","?","?","?","?","E","R","E","T","R","?","M","R","M","R","BOSS","M","M","?","?","M","R","E","?","T","E","M","M","R","M","R","BOSS","M","?","M","M","$","R","?","E","T","M","M","?","R","M","R","BOSS","BOSS","R","$","E","BOSS"],"build_version":"2019-07-17","purchased_purges":3,"victory":true,"max_hp_per_floor":[66,66,66,71,71,71,71,71,71,71,71,71,71,71,71,71,71,71,71,71,71,71,71,71,71,71,71,71,71,71,71,71,71,71,71,71,71,71,71,71,67,67,67,67,67,67,67,67,67,67,67,67,67,67,67,67],"card_choices":[{"not_picked":["Slice","Prepared","Outmaneuver"],"picked":"SKIP","floor":1},{"not_picked":["Heel Hook","Terror"],"picked":"PiercingWail","floor":6},{"not_picked":["Eviscerate","Blur","Blade Dance"],"picked":"SKIP","floor":8},{"not_picked":["Prepared","Deflect"],"picked":"PiercingWail","floor":12},{"not_picked":["Slice","Infinite Blades"],"picked":"Predator","floor":14},{"not_picked":["Unload","Die Die Die"],"picked":"Corpse Explosion","floor":16},{"not_picked":["Heel Hook","Outmaneuver"],"picked":"Backflip+1","floor":18},{"not_picked":["Prepared","Bane+1"],"picked":"Backflip","floor":19},{"not_picked":["Reflex","Quick Slash","Heel Hook"],"picked":"SKIP","floor":22},{"not_picked":["Escape Plan+1","Doppelganger"],"picked":"Footwork+1","floor":24},{"not_picked":["Unload","Accuracy"],"picked":"Backflip","floor":27},{"not_picked":["Flying Knee","Bane","Acrobatics"],"picked":"SKIP","floor":28},{"not_picked":["Quick Slash","Acrobatics"],"picked":"Dodge and Roll","floor":29},{"not_picked":["Acrobatics","Dagger Throw"],"picked":"Blur","floor":31},{"not_picked":["After Image","Die Die Die"],"picked":"Wraith Form v2","floor":33},{"not_picked":["Quick Slash+1","Setup"],"picked":"Backflip+1","floor":35},{"not_picked":["Dagger Spray","Riddle With Holes"],"picked":"Noxious Fumes","floor":37},{"not_picked":["Cloak And Dagger","Predator"],"picked":"Noxious Fumes","floor":38},{"not_picked":["Flechettes+1","Phantasmal Killer"],"picked":"Dodge and Roll","floor":42},{"not_picked":["Quick Slash","Distraction"],"picked":"Backflip","floor":44},{"not_picked":["Quick Slash","Well Laid Plans"],"picked":"Footwork","floor":45},{"not_picked":["Slice+1","Flying Knee","Cloak And Dagger"],"picked":"SKIP","floor":48},{"not_picked":["Dagger Spray","Reflex+1","Prepared"],"picked":"SKIP","floor":55}],"player_experience":1496592,"relics_obtained":[{"floor":6,"key":"Potion Belt"},{"floor":8,"key":"Orichalcum"},{"floor":9,"key":"Letter Opener"},{"floor":24,"key":"Centennial Puzzle"},{"floor":27,"key":"Omamori"},{"floor":42,"key":"Shuriken"},{"floor":43,"key":"Smiling Mask"},{"floor":55,"key":"The Specimen"}],"event_choices":[{"damage_healed":0,"gold_gain":0,"player_choice":"Entered Light","damage_taken":20,"max_hp_gain":0,"max_hp_loss":0,"event_name":"Shining Light","floor":2,"gold_loss":0,"cards_upgraded":["Strike_G","Defend_G"]},{"damage_healed":0,"gold_gain":0,"player_choice":"Ignored","damage_taken":0,"max_hp_gain":0,"max_hp_loss":0,"event_name":"Liars Game","floor":3,"gold_loss":0},{"damage_healed":0,"gold_gain":0,"player_choice":"Donut","damage_taken":0,"max_hp_gain":5,"max_hp_loss":0,"event_name":"Big Fish","floor":4,"gold_loss":0},{"damage_healed":0,"gold_gain":0,"player_choice":"Ignored","damage_taken":0,"max_hp_gain":0,"max_hp_loss":0,"event_name":"Vampires","floor":20,"gold_loss":0},{"damage_healed":0,"gold_gain":0,"player_choice":"Obtained Relic","damage_taken":0,"relics_obtained":["Bag of Marbles"],"max_hp_gain":0,"max_hp_loss":0,"event_name":"Addict","floor":21,"gold_loss":85},{"cards_removed":["Predator"],"damage_healed":0,"gold_gain":0,"player_choice":"Removed Attack","damage_taken":0,"max_hp_gain":0,"max_hp_loss":0,"event_name":"Falling","floor":36,"gold_loss":0},{"damage_healed":0,"gold_gain":0,"player_choice":"Max HP","damage_taken":0,"max_hp_gain":0,"max_hp_loss":4,"event_name":"Winding Halls","floor":41,"gold_loss":0},{"damage_healed":0,"gold_gain":0,"player_choice":"Paid","damage_taken":0,"relics_obtained":["Red Mask"],"max_hp_gain":0,"max_hp_loss":0,"event_name":"Tomb of Lord Red Mask","floor":46,"gold_loss":86}],"is_beta":false,"boss_relics":[{"not_picked":["Velvet Choker","Tiny House"],"picked":"Cursed Key"},{"not_picked":["Fusion Hammer","Calling Bell"],"picked":"Ring of the Serpent"}],"items_purged_floors":[5,25,39],"is_endless":false,"potions_floor_spawned":[8,14,16,18,22,27,29,35,37,42,55],"ascension_level":20}