{"gold_per_floor":[109,120,133,133,144,144,173,184,184,195,195,32,32,32,32,135,135,155,170,170,170,181,181,210,210,292,217,217,236,236,254,254,254],"floor_reached":33,"playtime":6167,"items_purged":[],"score":267,"play_id":"13f8cdf2-9a64-4be1-9373-63d37c515911","local_time":"20191003234542","is_ascension_mode":false,"campfire_choices":[{"data":"Neutralize","floor":6,"key":"SMITH"},{"floor":13,"key":"REST"},{"data":"Noxious Fumes","floor":15,"key":"SMITH"},{"floor":23,"key":"REST"},{"floor":25,"key":"REST"},{"floor":32,"key":"REST"}],"neow_cost":"NONE","seed_source_timestamp":364483506069200,"circlet_count":0,"master_deck":["Strike_G+1","Strike_G+1","Strike_G+1","Strike_G+1","Strike_G+1","Defend_G+1","Defend_G+1","Defend_G+1","Defend_G+1","Defend_G+1","Neutralize+1","Finisher","Bullet Time","Deadly Poison","Well Laid Plans","Crippling Poison+1","Caltrops","Night Terror","Noxious Fumes+1","Crippling Poison","Poisoned Stab","Corpse Explosion","PiercingWail","Outmaneuver","Dodge and Roll","Backflip","Footwork","PiercingWail","Wraith Form v2","Dodge and Roll","Bouncing Flask","PiercingWail","Poisoned Stab+1"],"relics":["Ring of the Snake","NeowsBlessing","Juzu Bracelet","Gremlin Horn","Orrery","MutagenicStrength","Bottled Flame","Ninja Scroll"],"potions_floor_usage":[5,24,24,29,33,33],"damage_taken":[{"damage":0,"enemies":"Small Slimes","floor":1,"turns":1},{"damage":0,"enemies":"Jaw Worm","floor":2,"turns":1},{"damage":0,"enemies":"2 Louse","floor":3,"turns":1},{"damage":9,"enemies":"Blue Slaver","floor":5,"turns":5},{"damage":13,"enemies":"Lagavulin","floor":7,"turns":8},{"damage":1,"enemies":"2 Fungi Beasts","floor":8,"turns":2},{"damage":6,"enemies":"Exordium Wildlife","floor":10,"turns":5},{"damage":25,"enemies":"The Guardian","floor":16,"turns":9},{"damage":13,"enemies":"3 Byrds","floor":18,"turns":3},{"damage":12,"enemies":"Chosen","floor":19,"turns":8},{"damage":5,"enemies":"Snecko","floor":22,"turns":5},{"damage":24,"enemies":"Book of Stabbing","floor":24,"turns":7},{"damage":36,"enemies":"Sentry and Sphere","floor":29,"turns":7},{"damage":6,"enemies":"Chosen and Byrds","floor":31,"turns":5},{"damage":51,"enemies":"Collector","floor":33,"turns":11}],"seed_played":"6508508844494925708","potions_obtained":[{"floor":2,"key":"FairyPotion"},{"floor":5,"key":"Fruit Juice"},{"floor":8,"key":"Weak Potion"},{"floor":22,"key":"EntropicBrew"},{"floor":31,"key":"GhostInAJar"}],"is_trial":false,"path_per_floor":["M","M","M","?","M","R","E","M","T","M","?","$","R","?","R","B",null,"M","M","?","?","M","R","E","R","T","?","?","M","?","M","R","B"],"character_chosen":"THE_SILENT","items_purchased":["Noxious Fumes","Crippling Poison","Poisoned Stab"],"campfire_rested":4,"item_purchase_floors":[12,12,12],"current_hp_per_floor":[70,70,70,70,66,66,53,52,52,46,46,46,68,53,53,28,75,62,50,50,50,45,67,43,65,65,65,65,29,15,9,33,0],"gold":254,"neow_bonus":"THREE_ENEMY_KILL","is_prod":false,"is_daily":false,"chose_seed":false,"campfire_upgraded":2,"win_rate":0.0,"timestamp":1570142742,"path_taken":["M","M","M","?","M","R","E","M","T","M","?","?","R","?","R","BOSS","M","M","?","?","M","R","E","R","T","?","?","M","?","M","R","BOSS"],"build_version":"2019-07-17","purchased_purges":0,"victory":false,"max_hp_per_floor":[70,70,70,70,75,75,75,75,75,75,75,75,75,75,75,75,75,75,75,75,75,75,75,75,75,75,75,75,75,80,80,80,80],"card_choices":[{"not_picked":["Blade Dance","Sucker Punch"],"picked":"Finisher","floor":1},{"not_picked":["Blade Dance","Dodge and Roll"],"picked":"Bullet Time","floor":2},{"not_picked":["Dagger Throw","Deflect"],"picked":"Deadly Poison","floor":3},{"not_picked":["Deadly Poison","Sucker Punch"],"picked":"Well Laid Plans","floor":5},{"not_picked":["Prepared","Quick Slash"],"picked":"Crippling Poison","floor":7},{"not_picked":["Blade Dance","Quick Slash"],"picked":"Caltrops","floor":8},{"not_picked":["Infinite Blades","Prepared"],"picked":"Night Terror","floor":10},{"not_picked":["Bullet Time","Night Terror"],"picked":"Corpse Explosion","floor":16},{"not_picked":["Prepared","Slice"],"picked":"PiercingWail","floor":17},{"not_picked":["Choke","All Out Attack"],"picked":"Outmaneuver","floor":17},{"not_picked":["Deadly Poison","Heel Hook"],"picked":"Dodge and Roll","floor":17},{"not_picked":["Dagger Spray","Quick Slash"],"picked":"Backflip","floor":17},{"not_picked":["Deadly Poison","Backflip"],"picked":"Footwork","floor":17},{"not_picked":["Outmaneuver","Caltrops"],"picked":"PiercingWail","floor":18},{"not_picked":["Quick Slash+1","Outmaneuver+1"],"picked":"Wraith Form v2","floor":19},{"not_picked":["Dagger Spray+1","Outmaneuver"],"picked":"Dodge and Roll","floor":22},{"not_picked":["PiercingWail","Dodge and Roll+1"],"picked":"Bouncing Flask","floor":24},{"not_picked":["Riddle With Holes","Sucker Punch"],"picked":"PiercingWail","floor":29},{"not_picked":["Well Laid Plans","Prepared"],"picked":"Poisoned Stab+1","floor":31}],"player_experience":32652,"relics_obtained":[{"floor":7,"key":"Juzu Bracelet"},{"floor":9,"key":"Gremlin Horn"},{"floor":24,"key":"Bottled Flame"},{"floor":26,"key":"Ninja Scroll"}],"event_choices":[{"damage_healed":0,"gold_gain":0,"player_choice":"Ignored","damage_taken":0,"max_hp_gain":0,"max_hp_loss":0,"event_name":"Liars Game","floor":4,"gold_loss":0},{"damage_healed":0,"gold_gain":0,"player_choice":"Grow","damage_taken":0,"max_hp_gain":0,"max_hp_loss":0,"event_name":"Living Wall","floor":11,"gold_loss":0,"cards_upgraded":["Crippling Poison"]},{"damage_healed":0,"gold_gain":0,"player_choice":"Entered Light","damage_taken":15,"max_hp_gain":0,"max_hp_loss":0,"event_name":"Shining Light","floor":14,"gold_loss":0,"cards_upgraded":["Strike_G","Strike_G"]},{"damage_healed":0,"gold_gain":0,"player_choice":"Simplicity","damage_taken":0,"max_hp_gain":0,"max_hp_loss":0,"event_name":"Back to Basics","floor":20,"gold_loss":0,"cards_upgraded":["Strike_G","Strike_G","Strike_G","Defend_G","Defend_G","Defend_G","Defend_G","Defend_G"]},{"damage_healed":0,"gold_gain":0,"player_choice":"Inject Mutagens","damage_taken":0,"relics_obtained":["MutagenicStrength"],"max_hp_gain":0,"max_hp_loss":0,"event_name":"Drug Dealer","floor":21,"gold_loss":0},{"cards_removed":["Survivor"],"damage_healed":0,"gold_gain":0,"player_choice":"Gave Gold","damage_taken":0,"max_hp_gain":0,"max_hp_loss":0,"event_name":"Beggar","floor":27,"gold_loss":75},{"damage_healed":0,"gold_gain":0,"player_choice":"Ignored","damage_taken":0,"max_hp_gain":0,"max_hp_loss":0,"event_name":"Vampires","floor":28,"gold_loss":0},{"damage_healed":0,"gold_gain":0,"player_choice":"Shed Blood","damage_taken":19,"max_hp_gain":5,"max_hp_loss":0,"event_name":"Forgotten Altar","floor":30,"gold_loss":0}],"is_beta":false,"boss_relics":[{"not_picked":["Ring of the Serpent","Runic Dome"],"picked":"Orrery"}],"items_purged_floors":[],"is_endless":false,"potions_floor_spawned":[2,5,8,22,31],"killed_by":"Collector","ascension_level":0}