{"gold_per_floor":[109,119,132,57,132,132,159,169,169,182,182,182,182],"floor_reached":13,"playtime":436,"items_purged":["Strike_B"],"score":170,"play_id":"498e185e-bf2a-474f-a35a-5b313e625859","local_time":"20191012100229","is_ascension_mode":true,"campfire_choices":[{"data":"Reinforced Body","floor":6.0,"key":"SMITH"},{"floor":11.0,"key":"REST"}],"neow_cost":"PERCENT_DAMAGE","seed_source_timestamp":1167113808770100,"circlet_count":0,"master_deck":["AscendersBane","Strike_B","Strike_B","Strike_B","Defend_B","Defend_B","Defend_B","Defend_B","Zap","Dualcast","Conserve Battery","Reinforced Body+1","Cold Snap","Streamline","Chaos+1","Leap"],"special_seed":0,"relics":["Cracked Core","Matryoshka","Lantern","Thread and Needle"],"potions_floor_usage":[],"damage_taken":[{"damage":7.0,"enemies":"Jaw Worm","floor":1.0,"turns":4.0},{"damage":0.0,"enemies":"Cultist","floor":2.0,"turns":3.0},{"damage":0.0,"enemies":"Small Slimes","floor":3.0,"turns":4.0},{"damage":34.0,"enemies":"Lagavulin","floor":7.0,"turns":10.0},{"damage":2.0,"enemies":"Looter","floor":8.0,"turns":4.0},{"damage":4.0,"enemies":"Large Slime","floor":10.0,"turns":5.0},{"damage":50,"enemies":"Gremlin Nob","floor":13,"turns":4}],"seed_played":"-4349365593751865593","potions_obtained":[{"floor":1.0,"key":"Ancient Potion"},{"floor":7.0,"key":"Weak Potion"}],"is_trial":false,"path_per_floor":["M","M","M","$","?","R","E","M","T","M","R","?","E"],"character_chosen":"DEFECT","items_purchased":[],"campfire_rested":1,"item_purchase_floors":[],"current_hp_per_floor":[53,53,53,53,42,42,8,6,6,2,27,27,0],"gold":182,"neow_bonus":"TWENTY_PERCENT_HP_BONUS","is_prod":false,"is_daily":false,"chose_seed":false,"campfire_upgraded":1,"win_rate":0,"timestamp":1570867349,"path_taken":["M","M","M","$","?","R","E","M","T","M","R","?","E"],"build_version":"2019-07-17","purchased_purges":1,"victory":false,"max_hp_per_floor":[85,85,85,85,85,85,85,85,85,85,85,85,85],"card_choices":[{"not_picked":["Recycle","Turbo"],"picked":"Conserve Battery","floor":1.0},{"not_picked":["Steam","Force Field"],"picked":"Reinforced Body","floor":2.0},{"not_picked":["Reinforced Body","Double Energy"],"picked":"Cold Snap","floor":3.0},{"not_picked":["Stack","Storm"],"picked":"Streamline","floor":7.0},{"not_picked":["Leap","FTL"],"picked":"Chaos","floor":8.0},{"not_picked":["Stack","Sweeping Beam"],"picked":"Leap","floor":10.0}],"player_experience":466842,"relics_obtained":[{"floor":7.0,"key":"Matryoshka"},{"floor":9.0,"key":"Lantern"},{"floor":9.0,"key":"Thread and Needle"}],"event_choices":[{"damage_healed":0.0,"max_hp_gain":0.0,"max_hp_loss":0.0,"gold_gain":75.0,"event_name":"World of Goop","player_choice":"Gather Gold","floor":5.0,"gold_loss":0.0,"damage_taken":11.0},{"damage_healed":0.0,"max_hp_gain":0.0,"max_hp_loss":0.0,"gold_gain":0.0,"event_name":"Accursed Blacksmith","player_choice":"Forge","floor":12.0,"gold_loss":0.0,"damage_taken":0.0,"cards_upgraded":["Chaos"]}],"is_beta":false,"boss_relics":[],"items_purged_floors":[4],"is_endless":false,"potions_floor_spawned":[1,7,8],"killed_by":"Gremlin Nob","ascension_level":20}