{"gold_per_floor":[113,126,126,137,149,174,174,200,200,20,20,52,68,79,79,175,175,188,238,251,23,41,74,74,91,114,114,146,162,162,173,173,173],"floor_reached":33,"playtime":1973,"items_purged":["Pain"],"score":371,"play_id":"ab5fabc1-35a4-498b-9a3e-89c73db51b8a","local_time":"20191005170520","is_ascension_mode":true,"campfire_choices":[{"data":"Venomology","floor":7,"key":"SMITH"},{"floor":15,"key":"REST"},{"data":"Night Terror","floor":24,"key":"SMITH"},{"floor":27,"key":"REST"},{"floor":30,"key":"REST"},{"data":"Glass Knife","floor":32,"key":"SMITH"}],"neow_cost":"NONE","seed_source_timestamp":17901981175693,"circlet_count":0,"master_deck":["Strike_G","Strike_G","Strike_G","Strike_G","Strike_G","Defend_G","Defend_G","Defend_G","Defend_G","Defend_G","Survivor","Neutralize","Finisher","Dagger Throw","Flying Knee","Night Terror+1","Venomology+1","Glass Knife+1","Metamorphosis","Eviscerate","Leg Sweep","Bullet Time","Accuracy","Swift Strike","Blade Dance","PiercingWail","Escape Plan","Slice+1","Bullet Time","Footwork","Well Laid Plans"],"relics":["Ring of the Snake","WarpedTongs","Smiling Mask","Darkstone Periapt","Singing Bowl","Boot","Ninja Scroll","WristBlade","TungstenRod","Omamori","Sundial"],"potions_floor_usage":[6,6,8,12,12,16,16,16,18,22,22,25,25,28,33,33,33,33],"damage_taken":[{"damage":0,"enemies":"Jaw Worm","floor":1,"turns":6},{"damage":2,"enemies":"Cultist","floor":2,"turns":4},{"damage":2,"enemies":"2 Louse","floor":4,"turns":4},{"damage":2,"enemies":"2 Fungi Beasts","floor":5,"turns":3},{"damage":30,"enemies":"Gremlin Nob","floor":6,"turns":4},{"damage":18,"enemies":"Lagavulin","floor":8,"turns":9},{"damage":6,"enemies":"Gremlin Nob","floor":12,"turns":3},{"damage":5,"enemies":"Lots of Slimes","floor":13,"turns":4},{"damage":1,"enemies":"Gremlin Gang","floor":14,"turns":3},{"damage":22,"enemies":"The Guardian","floor":16,"turns":7},{"damage":17,"enemies":"Spheric Guardian","floor":18,"turns":4},{"damage":6,"enemies":"Shell Parasite","floor":20,"turns":4},{"damage":7,"enemies":"Snake Plant","floor":22,"turns":2},{"damage":21,"enemies":"Slavers","floor":23,"turns":3},{"damage":12,"enemies":"Sentry and Sphere","floor":25,"turns":4},{"damage":18,"enemies":"Gremlin Leader","floor":28,"turns":7},{"damage":6,"enemies":"Snecko","floor":29,"turns":4},{"damage":1,"enemies":"Centurion and Healer","floor":31,"turns":7},{"damage":58,"enemies":"Champ","floor":33,"turns":8}],"seed_played":"-5705409387126513983","potions_obtained":[{"floor":1,"key":"Strength Potion"},{"floor":2,"key":"SteroidPotion"},{"floor":8,"key":"SpeedPotion"},{"floor":13,"key":"PowerPotion"},{"floor":20,"key":"Block Potion"},{"floor":25,"key":"DuplicationPotion"}],"is_trial":false,"path_per_floor":["M","M","?","M","M","E","R","E","T","$","?","E","M","M","R","B",null,"M","?","M","$","M","E","R","M","T","R","E","M","R","M","R","B"],"character_chosen":"THE_SILENT","items_purchased":["Metamorphosis","Swift Strike","Blade Dance","PiercingWail"],"campfire_rested":3,"item_purchase_floors":[10,21,21,21],"current_hp_per_floor":[77,75,75,73,71,41,41,23,23,23,16,10,7,6,29,7,79,62,62,58,58,51,32,32,20,20,44,26,20,44,43,43,0],"gold":173,"neow_bonus":"TEN_PERCENT_HP_BONUS","is_prod":false,"is_daily":false,"chose_seed":false,"campfire_upgraded":3,"win_rate":0,"timestamp":1570248320,"path_taken":["M","M","?","M","M","E","R","E","T","?","?","E","M","M","R","BOSS","M","?","M","$","M","E","R","?","T","R","E","?","R","M","R","BOSS"],"build_version":"2019-10-04","purchased_purges":1,"victory":false,"max_hp_per_floor":[77,77,77,77,77,77,77,77,77,77,77,77,79,79,79,79,79,79,79,81,81,81,83,83,83,83,83,83,83,83,83,83,83],"card_choices":[{"not_picked":["PiercingWail","Cloak And Dagger"],"picked":"Finisher","floor":1},{"not_picked":["Sucker Punch","Dodge and Roll"],"picked":"Dagger Throw","floor":2},{"not_picked":["PiercingWail","Deadly Poison"],"picked":"Flying Knee","floor":4},{"not_picked":["Riddle With Holes","Predator"],"picked":"Night Terror","floor":5},{"not_picked":["Choke","Catalyst"],"picked":"Venomology","floor":6},{"not_picked":["Dagger Throw","Dodge and Roll"],"picked":"Glass Knife","floor":8},{"not_picked":["Finisher","Heel Hook"],"picked":"Eviscerate","floor":12},{"not_picked":["Poisoned Stab","Backflip","Endless Agony"],"picked":"Singing Bowl","floor":13},{"not_picked":["Cloak And Dagger","Outmaneuver"],"picked":"Leg Sweep","floor":14},{"not_picked":["Phantasmal Killer","Unload"],"picked":"Bullet Time","floor":16},{"not_picked":["Caltrops+1","Blade Dance+1"],"picked":"Accuracy","floor":18},{"not_picked":["All Out Attack","Expertise","Deadly Poison"],"picked":"Singing Bowl","floor":20},{"not_picked":["Deflect","Bane"],"picked":"Escape Plan","floor":22},{"not_picked":["All Out Attack","Leg Sweep+1","Flechettes"],"picked":"Singing Bowl","floor":23},{"not_picked":["Deadly Poison","Bane+1"],"picked":"Slice+1","floor":25},{"not_picked":["Backflip+1","Flying Knee"],"picked":"Bullet Time","floor":28},{"not_picked":["Dodge and Roll","Quick Slash"],"picked":"Footwork","floor":29},{"not_picked":["Poisoned Stab","Sucker Punch"],"picked":"Well Laid Plans","floor":31}],"player_experience":151189,"relics_obtained":[{"floor":6,"key":"Smiling Mask"},{"floor":8,"key":"Darkstone Periapt"},{"floor":9,"key":"Singing Bowl"},{"floor":12,"key":"Ninja Scroll"},{"floor":23,"key":"TungstenRod"},{"floor":26,"key":"Omamori"},{"floor":28,"key":"Sundial"}],"event_choices":[{"damage_healed":0,"gold_gain":0,"player_choice":"Rummage","damage_taken":0,"relics_obtained":["WarpedTongs"],"max_hp_gain":0,"max_hp_loss":0,"event_name":"Accursed Blacksmith","floor":3,"gold_loss":0,"cards_obtained":["Pain"]},{"damage_healed":0,"gold_gain":0,"player_choice":"Success","damage_taken":7,"relics_obtained":["Boot"],"max_hp_gain":0,"max_hp_loss":0,"event_name":"Scrap Ooze","floor":11,"gold_loss":0},{"damage_healed":0,"gold_gain":100,"player_choice":"Bet on Murderer","damage_taken":0,"max_hp_gain":0,"max_hp_loss":0,"event_name":"The Joust","floor":19,"gold_loss":50}],"is_beta":true,"boss_relics":[{"not_picked":["Ring of the Serpent","Velvet Choker"],"picked":"WristBlade"}],"items_purged_floors":[21],"is_endless":false,"potions_floor_spawned":[1,2,8,13,14,20,25,31],"killed_by":"Champ","ascension_level":4}