{"gold_per_floor":[113,132,15,27,38,71,71,105,105,121,121,139,157,187,187,260,260,275,291,291,305,317,347,357,357,380,406,21,21,71,85,85,164,164,175,187,187,100,119,119,149,165,165,165,179,214,214,214,214,214,214,214,214,29,54,54],"floor_reached":56,"playtime":4223,"items_purged":["Zap","Bite"],"score":1967,"play_id":"99a52882-f075-4604-bd73-b47e783a52f8","local_time":"20191012234333","is_ascension_mode":true,"campfire_choices":[{"data":"Sunder","floor":7,"key":"SMITH"},{"data":"Self Repair","floor":11,"key":"SMITH"},{"data":"Doom and Gloom","floor":15,"key":"SMITH"},{"data":"Fission","floor":25,"key":"SMITH"},{"data":"Loop","floor":29,"key":"SMITH"},{"floor":32,"key":"RECALL"},{"data":"Capacitor","floor":40,"key":"SMITH"},{"data":"Normality","floor":44,"key":"PURGE"},{"data":"Parasite","floor":47,"key":"PURGE"},{"data":"Coolheaded","floor":49,"key":"SMITH"},{"data":"Biased Cognition","floor":53,"key":"SMITH"}],"neow_cost":"NONE","seed_source_timestamp":2699783848254,"circlet_count":0,"master_deck":["AscendersBane","Defend_B","Defend_B","Defend_B","Defend_B","Dualcast","Leap","Sunder+1","Doom and Gloom+1","Self Repair+1","Echo Form","Cold Snap","FTL","Fission+1","Bite","Bite","Bite","Bite","Glacier","Loop+1","Biased Cognition+1","Consume+1","Coolheaded+1","Capacitor+1","Echo Form","Static Discharge"],"relics":["Cracked Core","NeowsBlessing","Matryoshka","Oddly Smooth Stone","Bronze Scales","PreservedInsect","DataDisk","Coffee Dripper","Ancient Tea Set","Centennial Puzzle","Anchor","Vajra","Mummified Hand","Cursed Key","Peace Pipe","Pear","Strawberry"],"potions_floor_usage":[8,55,55,55,55],"damage_taken":[{"damage":0,"enemies":"Cultist","floor":1,"turns":1},{"damage":0,"enemies":"Small Slimes","floor":2,"turns":1},{"damage":0,"enemies":"Jaw Worm","floor":4,"turns":1},{"damage":1,"enemies":"Exordium Wildlife","floor":5,"turns":3},{"damage":32,"enemies":"Gremlin Nob","floor":6,"turns":4},{"damage":15,"enemies":"3 Sentries","floor":8,"turns":5},{"damage":7,"enemies":"Exordium Thugs","floor":10,"turns":4},{"damage":3,"enemies":"Blue Slaver","floor":12,"turns":2},{"damage":0,"enemies":"2 Fungi Beasts","floor":13,"turns":3},{"damage":8,"enemies":"Gremlin Nob","floor":14,"turns":3},{"damage":18,"enemies":"The Guardian","floor":16,"turns":9},{"damage":22,"enemies":"2 Thieves","floor":18,"turns":2},{"damage":20,"enemies":"Shell Parasite","floor":19,"turns":5},{"damage":30,"enemies":"Cultist and Chosen","floor":21,"turns":7},{"damage":7,"enemies":"Centurion and Healer","floor":22,"turns":6},{"damage":36,"enemies":"Gremlin Leader","floor":23,"turns":5},{"damage":10,"enemies":"Snecko","floor":24,"turns":5},{"damage":1,"enemies":"Slavers","floor":27,"turns":3},{"damage":0,"enemies":"Shelled Parasite and Fungi","floor":31,"turns":3},{"damage":34,"enemies":"Champ","floor":33,"turns":8},{"damage":0,"enemies":"3 Shapes","floor":35,"turns":2},{"damage":0,"enemies":"Orb Walker","floor":36,"turns":3},{"damage":40,"enemies":"3 Darklings","floor":39,"turns":9},{"damage":8,"enemies":"Nemesis","floor":41,"turns":7},{"damage":21,"enemies":"Maw","floor":42,"turns":8},{"damage":27,"enemies":"Writhing Mass","floor":45,"turns":8},{"damage":16,"enemies":"Reptomancer","floor":46,"turns":6},{"damage":50,"enemies":"Awakened One","floor":50,"turns":31},{"damage":28,"enemies":"Donu and Deca","floor":51,"turns":13},{"damage":49,"enemies":"Shield and Spear","floor":55,"turns":9},{"damage":86,"enemies":"The Heart","floor":56,"turns":3}],"seed_played":"-446598254850542330","potions_obtained":[{"floor":4,"key":"Poison Potion"},{"floor":6,"key":"Swift Potion"},{"floor":8,"key":"SteroidPotion"},{"floor":10,"key":"Poison Potion"},{"floor":18,"key":"EntropicBrew"},{"floor":19,"key":"Explosive Potion"},{"floor":27,"key":"Swift Potion"},{"floor":39,"key":"Ancient Potion"}],"is_trial":false,"path_per_floor":["M","M","$","M","M","E","R","E","T","M","R","M","M","E","R","B",null,"M","M","?","M","M","E","M","R","T","E","$","R","?","M","R","B",null,"M","M","?","$","M","R","E","M","T","R","M","E","R","T","R","B","B",null,"R","$","E","B"],"character_chosen":"DEFECT","items_purchased":["Doom and Gloom","Self Repair","Mummified Hand","Loop","Capacitor","Static Discharge"],"campfire_rested":0,"item_purchase_floors":[3,3,28,28,38,54],"current_hp_per_floor":[64,64,64,64,63,38,38,30,30,30,30,27,37,39,39,41,64,52,52,49,28,49,27,49,49,49,49,49,49,45,49,49,49,49,49,49,49,49,49,49,49,49,49,49,44,54,54,54,54,56,56,56,56,56,63,0],"gold":54,"neow_bonus":"THREE_ENEMY_KILL","is_prod":false,"is_daily":false,"chose_seed":false,"campfire_upgraded":8,"win_rate":0,"timestamp":1570916613,"path_taken":["M","?","$","?","M","E","R","E","T","?","R","?","M","E","R","BOSS","M","M","?","M","M","E","M","R","T","E","$","R","?","M","R","BOSS","M","M","?","$","M","R","E","M","T","R","M","E","R","?","R","BOSS","BOSS","R","$","E","BOSS"],"build_version":"2019-07-17","purchased_purges":2,"victory":false,"max_hp_per_floor":[71,71,71,71,71,71,71,71,71,71,71,71,71,71,71,71,71,71,71,49,49,49,49,49,49,49,49,49,49,49,49,49,49,49,49,49,49,49,49,49,49,49,49,49,49,59,56,56,56,56,56,56,56,56,63,63],"card_choices":[{"not_picked":["Streamline","Turbo"],"picked":"Leap","floor":1},{"not_picked":["Chill","Steam"],"picked":"Sunder","floor":2},{"not_picked":["Go for the Eyes","Gash","Beam Cell"],"picked":"SKIP","floor":4},{"not_picked":["Gash","Turbo","Blizzard"],"picked":"SKIP","floor":5},{"not_picked":["Capacitor","Hologram"],"picked":"Echo Form","floor":6},{"not_picked":["Stack","FTL"],"picked":"Cold Snap","floor":8},{"not_picked":["Hologram","Rebound","Leap"],"picked":"SKIP","floor":10},{"not_picked":["Reprogram","Hello World"],"picked":"FTL","floor":12},{"not_picked":["Auto Shields","Barrage","Darkness"],"picked":"SKIP","floor":13},{"not_picked":["Barrage","Go for the Eyes","Tempest"],"picked":"SKIP","floor":14},{"not_picked":["Amplify","Multi-Cast"],"picked":"Fission","floor":16},{"not_picked":["Barrage+1","Gash","Chill"],"picked":"SKIP","floor":18},{"not_picked":["Sunder","Lockon","Redo"],"picked":"SKIP","floor":19},{"not_picked":["Conserve Battery","Double Energy"],"picked":"Glacier","floor":21},{"not_picked":["Gash","Ball Lightning","Stack"],"picked":"SKIP","floor":22},{"not_picked":["BootSequence","Sweeping Beam","Beam Cell"],"picked":"SKIP","floor":23},{"not_picked":["Beam Cell","Cold Snap","Barrage"],"picked":"SKIP","floor":24},{"not_picked":["Cold Snap","Scrape","Sunder"],"picked":"SKIP","floor":27},{"not_picked":["Sunder","Streamline","Doom and Gloom"],"picked":"SKIP","floor":31},{"not_picked":["Reboot","Thunder Strike"],"picked":"Biased Cognition","floor":33},{"not_picked":["Ball Lightning","Stack+1"],"picked":"Consume+1","floor":35},{"not_picked":["Sunder","Streamline"],"picked":"Coolheaded","floor":36},{"not_picked":["Gash","Barrage","Rebound"],"picked":"SKIP","floor":39},{"not_picked":["Streamline","FTL","White Noise"],"picked":"SKIP","floor":41},{"not_picked":["Barrage","Consume+1","Loop"],"picked":"SKIP","floor":42},{"not_picked":["Static Discharge","Steam Power+1","Redo"],"picked":"SKIP","floor":45},{"not_picked":["Beam Cell","Melter+1"],"picked":"Echo Form","floor":46},{"not_picked":["Ball Lightning","FTL+1","Leap"],"picked":"SKIP","floor":55}],"player_experience":1492022,"relics_obtained":[{"floor":6,"key":"Matryoshka"},{"floor":8,"key":"Oddly Smooth Stone"},{"floor":9,"key":"Bronze Scales"},{"floor":9,"key":"PreservedInsect"},{"floor":14,"key":"DataDisk"},{"floor":23,"key":"Ancient Tea Set"},{"floor":26,"key":"Centennial Puzzle"},{"floor":26,"key":"Anchor"},{"floor":27,"key":"Vajra"},{"floor":41,"key":"Peace Pipe"},{"floor":46,"key":"Pear"},{"floor":55,"key":"Strawberry"}],"event_choices":[{"damage_healed":0,"gold_gain":0,"player_choice":"Became a vampire","damage_taken":0,"max_hp_gain":0,"max_hp_loss":22,"event_name":"Vampires","floor":20,"gold_loss":0,"cards_obtained":["Bite","Bite","Bite","Bite","Bite"]},{"damage_healed":0,"gold_gain":50,"player_choice":"Touch","damage_taken":4,"max_hp_gain":0,"max_hp_loss":0,"event_name":"FaceTrader","floor":30,"gold_loss":0},{"damage_healed":0,"gold_gain":0,"player_choice":"Ignored","damage_taken":0,"max_hp_gain":0,"max_hp_loss":0,"event_name":"Tomb of Lord Red Mask","floor":37,"gold_loss":0}],"is_beta":false,"boss_relics":[{"not_picked":["Lizard Tail","Eternal Feather"],"picked":"Coffee Dripper"},{"not_picked":["Busted Crown","Runic Dome"],"picked":"Cursed Key"}],"items_purged_floors":[28,54],"is_endless":false,"potions_floor_spawned":[4,6,8,10,13,16,18,19,22,27,33,39,41,42,46],"killed_by":"The Heart","ascension_level":20}