{"gold_per_floor":[114,114,114,132,146,179,179,199,274,1,176,188,188,40,40,163,163,178,178,201,8,22,63,63,107,156,156,156,246,260,280,280,409,409,428,442,442,442,442,473,473,508,531,46,81,81,81,24,24,24,24,24,0,43,43],"floor_reached":56,"playtime":3256,"items_purged":["Regret","Defend_B"],"score":1319,"play_id":"5220bd03-5f30-4785-b5de-4268b09351dc","local_time":"20190925154946","is_ascension_mode":false,"campfire_choices":[{"data":"Chill","floor":7,"key":"SMITH"},{"data":"Defragment","floor":15,"key":"SMITH"},{"data":"Mayhem","floor":24,"key":"SMITH"},{"floor":27,"key":"REST"},{"data":"White Noise","floor":32,"key":"SMITH"},{"data":"Madness","floor":41,"key":"SMITH"},{"floor":47,"key":"DIG"},{"floor":49,"key":"RECALL"},{"floor":52,"key":"DIG"}],"neow_cost":"NONE","seed_source_timestamp":12426160964563,"circlet_count":0,"master_deck":["Strike_B","Defend_B","Zap","Dualcast","Cold Snap","Ball Lightning","Lockon","Storm","Chill+1","Force Field","Defragment+1","Dramatic Entrance","Glacier","White Noise+1","Heatsinks","Amplify","Sunder+1","Undo","Mayhem+1","Loop+1","Loop","Aggregate+1","Deep Breath","Fusion+1","Self Repair","Machine Learning","Core Surge+1","Fission+1","Undo+1","Reboot","Amplify","Finesse","Deep Breath","Madness+1","Biased Cognition","Electrodynamics","Chill","Meteor Strike","Heatsinks","Capacitor+1","Glacier","White Noise","Loop","Skim"],"relics":["Cracked Core","Torii","Bottled Tornado","Golden Idol","Philosopher\u0027s Stone","Nloth\u0027s Gift","PreservedInsect","Eternal Feather","Astrolabe","Lizard Tail","Anchor","Shovel","Lantern","Membership Card","Mercury Hourglass","Meat on the Bone","Letter Opener","Sundial","Pantograph"],"potions_floor_usage":[16,16,16,20,30,30,30,33,42,42,42,45,50,55,55,55],"damage_taken":[{"damage":1,"enemies":"Small Slimes","floor":1,"turns":3},{"damage":2,"enemies":"2 Louse","floor":4,"turns":3},{"damage":2,"enemies":"Cultist","floor":5,"turns":3},{"damage":22,"enemies":"3 Sentries","floor":6,"turns":9},{"damage":3,"enemies":"2 Fungi Beasts","floor":8,"turns":3},{"damage":1,"enemies":"Blue Slaver","floor":12,"turns":3},{"damage":15,"enemies":"The Guardian","floor":16,"turns":11},{"damage":18,"enemies":"2 Thieves","floor":18,"turns":4},{"damage":2,"enemies":"Shell Parasite","floor":20,"turns":7},{"damage":0,"enemies":"Centurion and Healer","floor":22,"turns":6},{"damage":29,"enemies":"Gremlin Leader","floor":23,"turns":8},{"damage":14,"enemies":"Slavers","floor":25,"turns":4},{"damage":1,"enemies":"Snecko","floor":30,"turns":3},{"damage":0,"enemies":"3 Cultists","floor":31,"turns":2},{"damage":7,"enemies":"Automaton","floor":33,"turns":8},{"damage":10,"enemies":"Orb Walker","floor":35,"turns":3},{"damage":30,"enemies":"3 Darklings","floor":36,"turns":3},{"damage":0,"enemies":"Giant Head","floor":40,"turns":5},{"damage":30,"enemies":"Nemesis","floor":42,"turns":8},{"damage":13,"enemies":"Giant Head","floor":45,"turns":6},{"damage":11,"enemies":"Awakened One","floor":50,"turns":6},{"damage":29,"enemies":"Shield and Spear","floor":54,"turns":3},{"damage":65,"enemies":"The Heart","floor":55,"turns":8}],"seed_played":"-1748710385834237443","potions_obtained":[{"floor":4,"key":"Strength Potion"},{"floor":8,"key":"FearPotion"},{"floor":12,"key":"Regen Potion"},{"floor":18,"key":"Weak Potion"},{"floor":25,"key":"Swift Potion"},{"floor":30,"key":"AttackPotion"},{"floor":36,"key":"Explosive Potion"},{"floor":40,"key":"EntropicBrew"},{"floor":54,"key":"FocusPotion"}],"is_trial":false,"path_per_floor":["M","?","?","M","M","E","R","M","T","$","?","M","?","$","R","B",null,"M","?","M","$","M","E","R","E","T","R","?","?","M","M","R","B",null,"M","M","?","T","?","E","R","E","T","$","E","?","R","$","R","B",null,"R","$","E","B",null],"character_chosen":"DEFECT","items_purchased":["Defragment","Dramatic Entrance","Regen Potion","White Noise","Heatsinks","Mayhem","Membership Card","Mercury Hourglass","Chill","PotionOfCapacity","Meteor Strike","Heatsinks","White Noise","Loop","Strength Potion"],"campfire_rested":1,"item_purchase_floors":[10,10,10,14,14,21,44,44,44,44,44,44,48,48,53],"current_hp_per_floor":[74,67,67,65,63,41,41,38,38,38,38,37,19,19,19,59,75,57,57,55,55,55,26,26,12,12,49,49,14,13,13,31,31,75,65,42,32,32,32,39,60,30,30,30,24,24,48,48,72,75,75,75,75,60,29],"gold":43,"neow_bonus":"THREE_CARDS","is_prod":false,"is_daily":false,"chose_seed":false,"campfire_upgraded":5,"win_rate":0,"timestamp":1569383386,"path_taken":["M","?","?","M","M","E","R","M","T","$","?","M","?","$","R","BOSS","M","?","?","$","M","E","R","E","T","R","?","?","?","M","R","BOSS","M","M","?","?","?","E","R","E","T","$","E","?","R","$","R","BOSS","R","$","E","BOSS"],"build_version":"2019-09-24","purchased_purges":2,"victory":true,"max_hp_per_floor":[75,75,75,75,75,75,75,75,75,75,75,75,75,75,75,75,75,75,75,75,75,75,75,75,75,75,75,75,75,75,75,75,75,75,75,75,75,75,75,75,75,75,75,75,75,75,75,75,75,75,75,75,75,75,75],"card_choices":[{"not_picked":["Reinforced Body","Turbo"],"picked":"Cold Snap","floor":0},{"not_picked":["Compile Driver","Beam Cell"],"picked":"Ball Lightning","floor":1},{"not_picked":["Cold Snap","Stack"],"picked":"Lockon","floor":4},{"not_picked":["Coolheaded","Barrage"],"picked":"Storm","floor":5},{"not_picked":["Double Energy","Chaos"],"picked":"Chill","floor":6},{"not_picked":["Reinforced Body","Coolheaded"],"picked":"Force Field","floor":8},{"not_picked":["Steam Power","Ball Lightning"],"picked":"Glacier","floor":12},{"not_picked":["Biased Cognition","Rainbow"],"picked":"Amplify","floor":16},{"not_picked":["Barrage+1","Redo"],"picked":"Sunder+1","floor":18},{"not_picked":["Skim","Hologram+1"],"picked":"Undo","floor":20},{"not_picked":["Aggregate","Streamline"],"picked":"Loop+1","floor":22},{"not_picked":["Reprogram","Beam Cell"],"picked":"Loop","floor":23},{"not_picked":["Barrage","Hello World"],"picked":"Aggregate+1","floor":25},{"not_picked":["Cold Snap","Hyperbeam"],"picked":"Fusion+1","floor":30},{"not_picked":["Rebound","Leap"],"picked":"Self Repair","floor":31},{"not_picked":["Seek","Thunder Strike"],"picked":"Machine Learning","floor":33},{"not_picked":["Reprogram","Force Field"],"picked":"Reboot","floor":35},{"not_picked":["Turbo+1","Gash+1"],"picked":"Amplify","floor":36},{"not_picked":["Blind","Swift Strike"],"picked":"Finesse","floor":37},{"not_picked":["Transmutation","Flash of Steel"],"picked":"Deep Breath","floor":37},{"not_picked":["HandOfGreed","Panacea"],"picked":"Madness","floor":37},{"not_picked":["Hello World","Steam Power+1"],"picked":"Biased Cognition","floor":40},{"not_picked":["All For One","Fusion+1"],"picked":"Electrodynamics","floor":42},{"not_picked":["Redo+1","Force Field+1"],"picked":"Capacitor+1","floor":45},{"not_picked":["Undo","Conserve Battery+1"],"picked":"Skim","floor":54}],"player_experience":96820,"relics_obtained":[{"floor":6,"key":"Ancient Tea Set"},{"floor":9,"key":"Bottled Tornado"},{"floor":23,"key":"PreservedInsect"},{"floor":25,"key":"Eternal Feather"},{"floor":38,"key":"Lizard Tail"},{"floor":40,"key":"Anchor"},{"floor":42,"key":"Shovel"},{"floor":43,"key":"Lantern"},{"floor":45,"key":"Meat on the Bone"},{"floor":47,"key":"Letter Opener"},{"floor":52,"key":"Sundial"},{"floor":54,"key":"Pantograph"}],"event_choices":[{"cards_removed":["Strike_B"],"damage_healed":0,"gold_gain":0,"player_choice":"Card Removal","damage_taken":7,"max_hp_gain":0,"max_hp_loss":0,"event_name":"Golden Wing","floor":2,"gold_loss":0},{"damage_healed":0,"gold_gain":0,"player_choice":"Box","damage_taken":0,"relics_obtained":["Torii"],"max_hp_gain":0,"max_hp_loss":0,"event_name":"Big Fish","floor":3,"gold_loss":0,"cards_obtained":["Regret"]},{"damage_healed":0,"gold_gain":175,"player_choice":"AGREE","damage_taken":0,"max_hp_gain":0,"max_hp_loss":0,"event_name":"Liars Game","floor":11,"gold_loss":0,"cards_obtained":["Doubt"]},{"damage_healed":0,"gold_gain":0,"player_choice":"Take Damage","damage_taken":18,"relics_obtained":["Golden Idol"],"max_hp_gain":0,"max_hp_loss":0,"event_name":"Golden Idol","floor":13,"gold_loss":0},{"damage_healed":0,"gold_gain":0,"player_choice":"Traded Relic","damage_taken":0,"relics_obtained":["Nloth\u0027s Gift"],"max_hp_gain":0,"max_hp_loss":0,"event_name":"N\u0027loth","floor":19,"relics_lost":["Ancient Tea Set"],"gold_loss":0},{"cards_removed":["Doubt"],"damage_healed":0,"gold_gain":0,"player_choice":"Elegance","damage_taken":0,"max_hp_gain":0,"max_hp_loss":0,"event_name":"Back to Basics","floor":28,"gold_loss":0},{"damage_healed":0,"gold_gain":90,"player_choice":"CARD GOLD POTION POTION ","damage_taken":35,"max_hp_gain":0,"max_hp_loss":0,"event_name":"Knowing Skull","floor":29,"potions_obtained":["EssenceOfDarkness","DuplicationPotion"],"gold_loss":0,"cards_obtained":["Deep Breath"]},{"damage_healed":0,"gold_gain":0,"player_choice":"Memory 3","damage_taken":10,"max_hp_gain":0,"max_hp_loss":0,"event_name":"SensoryStone","floor":37,"gold_loss":0},{"cards_removed":["Strike_B"],"damage_healed":0,"gold_gain":0,"player_choice":"Removed Attack","damage_taken":0,"max_hp_gain":0,"max_hp_loss":0,"event_name":"Falling","floor":39,"gold_loss":0},{"damage_healed":0,"gold_gain":0,"player_choice":"1 cards matched","damage_taken":0,"max_hp_gain":0,"max_hp_loss":0,"event_name":"Match and Keep!","floor":46,"gold_loss":0,"cards_obtained":["Glacier"]}],"is_beta":true,"boss_relics":[{"not_picked":["Cursed Key","Runic Dome"],"picked":"Philosopher\u0027s Stone"},{"not_picked":["Empty Cage","Coffee Dripper"],"picked":"Astrolabe"}],"items_purged_floors":[10,44],"is_endless":false,"potions_floor_spawned":[4,8,12,18,25,30,36,40,54],"ascension_level":0}