{"gold_per_floor":[366,380,380,399,412,412,431,464,539,564,564,91,122,122,122,226,226,246,266,266,286,333,363,363,363,436,436,436,105,119,139,139,243,243,255,255,271,271,291,325,325,351,351,371,371,382,414,24,24,24],"floor_reached":51,"playtime":2560,"items_purged":["Injury"],"score":1131,"play_id":"dce0c242-b3c9-42ef-bd7e-0eedcfcaae60","local_time":"20191013220445","is_ascension_mode":true,"campfire_choices":[{"data":"Clothesline","floor":6,"key":"SMITH"},{"data":"Feed","floor":11,"key":"SMITH"},{"data":"Shockwave","floor":15,"key":"SMITH"},{"floor":25,"key":"REST"},{"data":"Offering","floor":27,"key":"SMITH"},{"data":"Bludgeon","floor":32,"key":"SMITH"},{"data":"Fiend Fire","floor":41,"key":"SMITH"},{"data":"Burning Pact","floor":49,"key":"SMITH"}],"neow_cost":"CURSE","seed_source_timestamp":36292512692311,"circlet_count":0,"master_deck":["Strike_R+1","Strike_R+1","Strike_R+1","Defend_R+1","Defend_R+1","Defend_R+1","Defend_R+1","Bash","Hemokinesis+1","Clothesline+1","Power Through+1","Impervious","Dual Wield","Feed+1","Sentinel","Shrug It Off","Inflame","Shockwave+1","Offering+1","Headbutt","Evolve","Rupture","Ghostly Armor","Burning Pact+1","Bludgeon+1","Shockwave","Corruption+1","Fiend Fire+1","Pommel Strike+1","Entrench","True Grit","Wild Strike+1","Dark Embrace","Bloodletting+1","Seeing Red","Offering+1","Metallicize","Body Slam"],"relics":["Burning Blood","Potion Belt","Self Forming Clay","Dead Branch","Charon\u0027s Ashes","PreservedInsect","Snecko Eye","Pocketwatch","Oddly Smooth Stone","Calipers","Bottled Tornado","Matryoshka","Cursed Key","Unceasing Top","Eternal Feather","Regal Pillow","Gremlin Horn","Pen Nib","Lantern","DollysMirror"],"potions_floor_usage":[8,16,21,23,50],"damage_taken":[{"damage":2,"enemies":"Jaw Worm","floor":1,"turns":3},{"damage":3,"enemies":"2 Louse","floor":2,"turns":2},{"damage":14,"enemies":"Small Slimes","floor":4,"turns":2},{"damage":2,"enemies":"3 Louse","floor":5,"turns":3},{"damage":12,"enemies":"2 Fungi Beasts","floor":7,"turns":4},{"damage":11,"enemies":"Gremlin Nob","floor":8,"turns":4},{"damage":19,"enemies":"Lagavulin","floor":10,"turns":7},{"damage":14,"enemies":"3 Sentries","floor":13,"turns":7},{"damage":35,"enemies":"Slime Boss","floor":16,"turns":13},{"damage":9,"enemies":"Chosen","floor":18,"turns":4},{"damage":10,"enemies":"Spheric Guardian","floor":19,"turns":5},{"damage":28,"enemies":"Centurion and Healer","floor":21,"turns":8},{"damage":26,"enemies":"Book of Stabbing","floor":23,"turns":4},{"damage":2,"enemies":"Chosen and Byrds","floor":30,"turns":3},{"damage":8,"enemies":"Snake Plant","floor":31,"turns":3},{"damage":10,"enemies":"Automaton","floor":33,"turns":3},{"damage":6,"enemies":"Orb Walker","floor":35,"turns":1},{"damage":0,"enemies":"3 Shapes","floor":37,"turns":1},{"damage":2,"enemies":"Sphere and 2 Shapes","floor":39,"turns":2},{"damage":6,"enemies":"Nemesis","floor":40,"turns":3},{"damage":6,"enemies":"Reptomancer","floor":42,"turns":1},{"damage":6,"enemies":"Writhing Mass","floor":44,"turns":3},{"damage":6,"enemies":"Jaw Worm Horde","floor":46,"turns":3},{"damage":27,"enemies":"Nemesis","floor":47,"turns":3},{"damage":17,"enemies":"Time Eater","floor":50,"turns":4}],"seed_played":"-3719325051953014869","potions_obtained":[{"floor":2,"key":"DuplicationPotion"},{"floor":7,"key":"Regen Potion"},{"floor":10,"key":"SteroidPotion"},{"floor":13,"key":"GamblersBrew"},{"floor":18,"key":"PowerPotion"},{"floor":23,"key":"SpeedPotion"},{"floor":31,"key":"SpeedPotion"},{"floor":33,"key":"LiquidBronze"},{"floor":37,"key":"SpeedPotion"},{"floor":40,"key":"Dexterity Potion"},{"floor":47,"key":"Swift Potion"}],"is_trial":false,"path_per_floor":["M","M","?","M","M","R","M","E","T","E","R","$","E","?","R","B",null,"M","M","?","M","T","E","?","R","T","R","?","$","M","M","R","B",null,"M","?","M","?","M","E","R","E","T","M","?","M","E","$","R","B",null],"character_chosen":"IRONCLAD","items_purchased":["Shrug It Off","Charon\u0027s Ashes","Inflame","Bludgeon","Matryoshka","Lantern","DollysMirror","Metallicize","Body Slam"],"campfire_rested":1,"item_purchase_floors":[12,12,12,29,29,48,48,48,48],"current_hp_per_floor":[80,80,80,72,76,76,70,65,65,55,55,55,51,34,34,20,87,88,88,88,74,74,54,54,84,84,84,84,84,88,86,86,82,103,103,103,103,103,103,103,103,103,103,103,100,104,87,87,108,97],"gold":24,"neow_bonus":"TWO_FIFTY_GOLD","is_prod":false,"is_daily":false,"chose_seed":false,"campfire_upgraded":7,"win_rate":0,"timestamp":1570957485,"path_taken":["M","M","?","M","M","R","M","E","T","E","R","$","E","?","R","BOSS","M","M","?","M","?","E","?","R","T","R","?","$","M","M","R","BOSS","M","?","?","?","M","E","R","E","T","M","?","M","E","$","R","BOSS"],"build_version":"2019-10-11","purchased_purges":1,"victory":true,"max_hp_per_floor":[80,80,80,80,80,80,80,80,80,83,83,83,87,87,87,87,87,91,95,95,103,103,103,103,103,103,103,103,103,103,103,103,103,103,103,103,103,103,103,103,103,103,103,103,100,104,108,108,108,108],"card_choices":[{"not_picked":["Rage","Perfected Strike"],"picked":"Hemokinesis","floor":1},{"not_picked":["Heavy Blade","Headbutt"],"picked":"Clothesline","floor":2},{"not_picked":["Body Slam","Perfected Strike"],"picked":"Power Through","floor":4},{"not_picked":["Clothesline","Clash"],"picked":"Impervious","floor":5},{"not_picked":["Warcry","Thunderclap"],"picked":"Dual Wield","floor":7},{"not_picked":["Sentinel","Clothesline"],"picked":"Feed","floor":8},{"not_picked":["Body Slam","Thunderclap"],"picked":"Sentinel","floor":10},{"not_picked":["Ghostly Armor","Sword Boomerang"],"picked":"Shockwave","floor":13},{"not_picked":["Immolate","Barricade"],"picked":"Offering","floor":16},{"not_picked":["Iron Wave","Body Slam"],"picked":"Headbutt","floor":18},{"not_picked":["True Grit","Ghostly Armor"],"picked":"Evolve","floor":19},{"not_picked":["True Grit","Pommel Strike+1"],"picked":"Rupture","floor":21},{"not_picked":["Second Wind+1","Warcry+1"],"picked":"Ghostly Armor","floor":23},{"not_picked":["Thunderclap","Armaments"],"picked":"Shockwave","floor":30},{"not_picked":["Impervious","Havoc"],"picked":"Corruption+1","floor":31},{"not_picked":["Limit Break","Barricade"],"picked":"Fiend Fire","floor":33},{"not_picked":["Blood for Blood","Warcry+1"],"picked":"Pommel Strike+1","floor":35},{"not_picked":["Shrug It Off","Brutality"],"picked":"Entrench","floor":37},{"not_picked":["Clothesline","Flex+1"],"picked":"True Grit","floor":39},{"not_picked":["Sentinel","Twin Strike+1"],"picked":"Wild Strike+1","floor":40},{"not_picked":["Whirlwind","Carnage"],"picked":"Dark Embrace","floor":42},{"not_picked":["Armaments+1","Pummel"],"picked":"Bloodletting+1","floor":44},{"not_picked":["True Grit+1","Combust","Headbutt"],"picked":"SKIP","floor":46},{"not_picked":["Pummel+1","Havoc+1"],"picked":"Seeing Red","floor":47}],"player_experience":197752,"relics_obtained":[{"floor":8,"key":"Potion Belt"},{"floor":9,"key":"Self Forming Clay"},{"floor":10,"key":"Dead Branch"},{"floor":13,"key":"PreservedInsect"},{"floor":22,"key":"Oddly Smooth Stone"},{"floor":23,"key":"Calipers"},{"floor":26,"key":"Bottled Tornado"},{"floor":40,"key":"Unceasing Top"},{"floor":42,"key":"Eternal Feather"},{"floor":43,"key":"Regal Pillow"},{"floor":43,"key":"Gremlin Horn"},{"floor":47,"key":"Pen Nib"}],"event_choices":[{"damage_healed":0,"gold_gain":0,"player_choice":"Grow","damage_taken":0,"max_hp_gain":0,"max_hp_loss":0,"event_name":"Living Wall","floor":3,"gold_loss":0,"cards_upgraded":["Hemokinesis"]},{"damage_healed":0,"gold_gain":0,"player_choice":"Entered Light","damage_taken":17,"max_hp_gain":0,"max_hp_loss":0,"event_name":"Shining Light","floor":14,"gold_loss":0,"cards_upgraded":["Defend_R","Power Through"]},{"damage_healed":0,"gold_gain":0,"player_choice":"Opened","damage_taken":0,"relics_obtained":["Pocketwatch"],"max_hp_gain":0,"max_hp_loss":0,"event_name":"The Mausoleum","floor":20,"gold_loss":0},{"damage_healed":0,"gold_gain":0,"player_choice":"Simplicity","damage_taken":0,"max_hp_gain":0,"max_hp_loss":0,"event_name":"Back to Basics","floor":24,"gold_loss":0,"cards_upgraded":["Strike_R","Strike_R","Strike_R","Strike_R","Strike_R","Defend_R","Defend_R","Defend_R"]},{"damage_healed":0,"gold_gain":0,"player_choice":"Read","damage_taken":0,"max_hp_gain":0,"max_hp_loss":0,"event_name":"The Library","floor":28,"gold_loss":0,"cards_obtained":["Burning Pact"]},{"cards_removed":["Strike_R"],"damage_healed":0,"gold_gain":0,"player_choice":"Purged","damage_taken":0,"max_hp_gain":0,"max_hp_loss":0,"event_name":"Purifier","floor":36,"gold_loss":0},{"cards_removed":["Strike_R"],"damage_healed":0,"gold_gain":0,"player_choice":"Removed Attack","damage_taken":0,"max_hp_gain":0,"max_hp_loss":0,"event_name":"Falling","floor":38,"gold_loss":0},{"cards_removed":["Parasite","Pain"],"damage_healed":0,"gold_gain":0,"player_choice":"Removed Curses","damage_taken":0,"max_hp_gain":0,"max_hp_loss":0,"event_name":"Fountain of Cleansing","floor":45,"gold_loss":0}],"is_beta":true,"boss_relics":[{"not_picked":["Runic Pyramid","Philosopher\u0027s Stone"],"picked":"Snecko Eye"},{"not_picked":["Pandora\u0027s Box","Astrolabe"],"picked":"Cursed Key"}],"items_purged_floors":[12],"is_endless":false,"potions_floor_spawned":[2,7,10,13,18,23,31,33,37,40,47],"ascension_level":3}