{"gold_per_floor":[115,129,149,149,74,74,107,107,107,137,153,153,187,187,187,263,263,279,297,308,47,63,63,88,99,178,197,216,216],"floor_reached":29,"playtime":2309,"items_purged":["Strike_R","Pain"],"score":559,"play_id":"a7507ef3-155d-4504-9e91-8ecf1c2d8275","local_time":"20191012174908","is_ascension_mode":true,"campfire_choices":[{"data":"Bash","floor":6,"key":"SMITH"},{"data":"Anger","floor":8,"key":"SMITH"},{"data":"Barricade","floor":15,"key":"SMITH"},{"floor":23,"key":"REST"}],"neow_cost":"NONE","seed_source_timestamp":21386002225864,"circlet_count":0,"master_deck":["AscendersBane","Strike_R","Strike_R+1","Strike_R","Defend_R","Defend_R","Defend_R","Defend_R","Bash+1","Clothesline+1","Anger+1","Armaments","Flame Barrier","Barricade+1","Feed","Body Slam+1","Shrug It Off","Entrench"],"relics":["Burning Blood","Blue Candle","Whetstone","StoneCalendar","Strawberry","WarpedTongs","Velvet Choker","Dream Catcher","Bag of Marbles"],"potions_floor_usage":[10,16,19,24,28,29],"damage_taken":[{"damage":6,"enemies":"2 Louse","floor":1,"turns":4},{"damage":0,"enemies":"Cultist","floor":2,"turns":3},{"damage":11,"enemies":"Small Slimes","floor":3,"turns":4},{"damage":25,"enemies":"Lagavulin","floor":7,"turns":7},{"damage":8,"enemies":"Gremlin Nob","floor":10,"turns":3},{"damage":12,"enemies":"Gremlin Gang","floor":11,"turns":5},{"damage":23,"enemies":"3 Sentries","floor":13,"turns":7},{"damage":8,"enemies":"The Guardian","floor":16,"turns":14},{"damage":9,"enemies":"Shell Parasite","floor":18,"turns":7},{"damage":35,"enemies":"3 Byrds","floor":19,"turns":5},{"damage":48,"enemies":"Sentry and Sphere","floor":20,"turns":10},{"damage":7,"enemies":"Centurion and Healer","floor":22,"turns":7},{"damage":18,"enemies":"Gremlin Leader","floor":24,"turns":9},{"damage":8,"enemies":"Snecko","floor":25,"turns":6},{"damage":0,"enemies":"Chosen and Byrds","floor":27,"turns":6},{"damage":24,"enemies":"Cultist and Chosen","floor":28,"turns":6},{"damage":43,"enemies":"Slavers","floor":29,"turns":4}],"seed_played":"-6565332063927878533","potions_obtained":[{"floor":1,"key":"Weak Potion"},{"floor":7,"key":"Poison Potion"},{"floor":10,"key":"SteroidPotion"},{"floor":16,"key":"BloodPotion"},{"floor":22,"key":"Weak Potion"},{"floor":24,"key":"Fire Potion"}],"is_trial":false,"path_per_floor":["M","M","M","?","$","R","E","R","T","E","M","?","E","?","R","B",null,"M","M","M","$","M","R","E","M","T","M","M","E"],"character_chosen":"IRONCLAD","items_purchased":["Dream Catcher"],"campfire_rested":1,"item_purchase_floors":[21],"current_hp_per_floor":[68,74,69,69,69,69,50,50,50,48,42,37,27,27,27,25,68,65,60,22,22,25,52,40,42,42,48,34,0],"gold":216,"neow_bonus":"THREE_CARDS","is_prod":false,"is_daily":false,"chose_seed":false,"campfire_upgraded":3,"win_rate":0,"timestamp":1570895348,"path_taken":["M","M","M","?","$","R","E","R","T","E","?","?","E","?","R","BOSS","M","?","?","$","M","R","E","M","T","M","M","E"],"build_version":"2019-07-17","purchased_purges":2,"victory":false,"max_hp_per_floor":[75,75,75,75,75,75,75,75,75,75,75,75,82,82,82,82,82,82,85,89,89,93,93,93,97,97,97,101,101],"card_choices":[{"not_picked":["Second Wind","Havoc"],"picked":"Clothesline","floor":0},{"not_picked":["Evolve","Sword Boomerang"],"picked":"Anger","floor":1},{"not_picked":["Clothesline","Wild Strike","Havoc"],"picked":"SKIP","floor":2},{"not_picked":["Body Slam","Exhume"],"picked":"Armaments","floor":3},{"not_picked":["Dual Wield","Heavy Blade"],"picked":"Flame Barrier","floor":7},{"not_picked":["Cleave","Carnage","Power Through"],"picked":"SKIP","floor":10},{"not_picked":["Burning Pact","Second Wind","Intimidate"],"picked":"SKIP","floor":11},{"not_picked":["Cleave","Heavy Blade"],"picked":"Barricade","floor":13},{"not_picked":["Reaper","Barricade"],"picked":"Feed","floor":16},{"not_picked":["Sword Boomerang","Cleave","Second Wind"],"picked":"SKIP","floor":18},{"not_picked":["Wild Strike","Flex","Whirlwind"],"picked":"SKIP","floor":19},{"not_picked":["Warcry","Flex","Perfected Strike+1"],"picked":"SKIP","floor":20},{"not_picked":["Rage","Havoc","Iron Wave"],"picked":"SKIP","floor":22},{"not_picked":["Power Through","Headbutt+1"],"picked":"Body Slam+1","floor":23},{"not_picked":["Havoc","Warcry","Pummel"],"picked":"SKIP","floor":24},{"not_picked":["Second Wind","Body Slam","Barricade"],"picked":"SKIP","floor":25},{"not_picked":["Wild Strike","Warcry"],"picked":"Shrug It Off","floor":27},{"not_picked":["Uppercut+1","Heavy Blade+1"],"picked":"Entrench","floor":28}],"player_experience":1489130,"relics_obtained":[{"floor":7,"key":"Blue Candle"},{"floor":9,"key":"Whetstone"},{"floor":10,"key":"StoneCalendar"},{"floor":13,"key":"Strawberry"},{"floor":24,"key":"Bag of Marbles"}],"event_choices":[{"cards_removed":["Strike_R"],"damage_healed":0,"gold_gain":0,"player_choice":"Card Removal","damage_taken":0,"max_hp_gain":0,"max_hp_loss":0,"event_name":"Wheel of Change","floor":4,"gold_loss":0},{"damage_healed":0,"gold_gain":0,"player_choice":"Fled","damage_taken":5,"max_hp_gain":0,"max_hp_loss":0,"event_name":"Scrap Ooze","floor":12,"gold_loss":0},{"damage_healed":0,"gold_gain":0,"player_choice":"Rummage","damage_taken":0,"relics_obtained":["WarpedTongs"],"max_hp_gain":0,"max_hp_loss":0,"event_name":"Accursed Blacksmith","floor":14,"gold_loss":0,"cards_obtained":["Pain"]}],"is_beta":false,"boss_relics":[{"not_picked":["Philosopher\u0027s Stone","Eternal Feather"],"picked":"Velvet Choker"}],"items_purged_floors":[5,21],"is_endless":false,"potions_floor_spawned":[1,7,10,13,16,22,24,25],"killed_by":"Slavers","ascension_level":20}