{"gold_per_floor":[118,218,236,251,28,60,60,73,143,156,174,8,8,24,24,124,124,144,144,160,173,193,193,210,210,210,230,230,246,257,282,282,378,378,390,390,403,503,32,32,44,78,78,97,117,0,0,0],"floor_reached":48,"playtime":6542,"items_purged":[],"score":540,"play_id":"6b44f293-ab6c-4fdf-b4b6-a2e60549743b","local_time":"20190904213511","is_ascension_mode":false,"campfire_choices":[{"floor":7,"key":"REST"},{"floor":15,"key":"REST"},{"floor":23,"key":"REST"},{"floor":25,"key":"REST"},{"floor":28,"key":"REST"},{"floor":32,"key":"REST"},{"floor":40,"key":"REST"}],"neow_cost":"NONE","seed_source_timestamp":24211354950929,"circlet_count":0,"master_deck":["Strike_G","Strike_G","Strike_G","Defend_G","Defend_G","Defend_G","Defend_G","Survivor","Neutralize","Deflect+1","Flying Knee","Prepared","Footwork","Escape Plan","Dagger Throw+1","Deflect","Unload","Footwork","Acrobatics","Crippling Poison","Noxious Fumes+1","Acrobatics","Crippling Poison","Flying Knee","Deflect+1","Glass Knife+1","Leg Sweep+1","Acrobatics","Envenom","Bane","Infinite Blades","Outmaneuver","All Out Attack","Backstab","PiercingWail+1","Blade Dance+1","Tools of the Trade","Deadly Poison+1","Madness+1","Madness+1","Acrobatics+1","Backflip+1","Noxious Fumes","Prepared+1","PiercingWail+1","Riddle With Holes+1","Backflip+1","Deadly Poison+1","Outmaneuver+1"],"relics":["Ring of the Snake","NeowsBlessing","Tough Bandages","Ninja Scroll","Astrolabe","Toxic Egg 2","Orichalcum","HoveringKite","Thread and Needle","The Specimen","Meat on the Bone","Unceasing Top","Red Mask"],"potions_floor_usage":[21,24,33,33,33,42,48],"damage_taken":[{"damage":0,"enemies":"Small Slimes","floor":1,"turns":1},{"damage":0,"enemies":"Cultist","floor":3,"turns":1},{"damage":0,"enemies":"2 Louse","floor":4,"turns":1},{"damage":24,"enemies":"Lagavulin","floor":6,"turns":13},{"damage":6,"enemies":"Looter","floor":8,"turns":3},{"damage":0,"enemies":"Large Slime","floor":10,"turns":7},{"damage":0,"enemies":"3 Louse","floor":11,"turns":3},{"damage":0,"enemies":"Gremlin Gang","floor":14,"turns":4},{"damage":19,"enemies":"Slime Boss","floor":16,"turns":11},{"damage":8,"enemies":"Spheric Guardian","floor":18,"turns":8},{"damage":6,"enemies":"3 Byrds","floor":20,"turns":5},{"damage":39,"enemies":"3 Cultists","floor":21,"turns":6},{"damage":0,"enemies":"Cultist and Chosen","floor":22,"turns":6},{"damage":13,"enemies":"Sentry and Sphere","floor":24,"turns":7},{"damage":9,"enemies":"Centurion and Healer","floor":27,"turns":7},{"damage":6,"enemies":"3 Cultists","floor":29,"turns":9},{"damage":4,"enemies":"Snecko","floor":30,"turns":5},{"damage":37,"enemies":"Slavers","floor":31,"turns":6},{"damage":27,"enemies":"Automaton","floor":33,"turns":9},{"damage":14,"enemies":"3 Darklings","floor":35,"turns":5},{"damage":1,"enemies":"Orb Walker","floor":37,"turns":4},{"damage":0,"enemies":"Mind Bloom Boss Battle","floor":38,"turns":8},{"damage":15,"enemies":"Transient","floor":41,"turns":5},{"damage":41,"enemies":"Nemesis","floor":42,"turns":11},{"damage":6,"enemies":"Jaw Worm Horde","floor":44,"turns":6},{"damage":0,"enemies":"4 Shapes","floor":45,"turns":4},{"damage":52,"enemies":"2 Orb Walkers","floor":48,"turns":6}],"seed_played":"7295266057457382582","potions_obtained":[{"floor":4,"key":"Swift Potion"},{"floor":6,"key":"LiquidBronze"},{"floor":11,"key":"LiquidBronze"},{"floor":14,"key":"Strength Potion"},{"floor":18,"key":"Block Potion"},{"floor":29,"key":"AttackPotion"},{"floor":30,"key":"SteroidPotion"},{"floor":33,"key":"FearPotion"},{"floor":41,"key":"Regen Potion"},{"floor":42,"key":"Ancient Potion"}],"is_trial":false,"path_per_floor":["M","?","M","M","$","E","R","M","T","M","M","$","?","M","R","B",null,"M","?","M","M","M","R","M","R","T","M","R","M","M","E","R","B",null,"M","?","M","?","$","R","M","E","T","M","M","?","?","?"],"character_chosen":"THE_SILENT","items_purchased":["Footwork","Escape Plan","Dagger Throw","Deflect","Noxious Fumes","Acrobatics","Crippling Poison","The Specimen","Noxious Fumes","Prepared+1","PiercingWail+1"],"campfire_rested":7,"item_purchase_floors":[5,5,5,5,12,12,12,39,39,39,39],"current_hp_per_floor":[70,70,70,70,70,46,67,61,61,61,61,61,47,47,68,49,70,62,62,56,17,17,38,25,46,46,37,58,52,48,11,32,5,70,56,47,46,46,46,67,52,26,26,32,44,44,44,0],"gold":0,"neow_bonus":"THREE_ENEMY_KILL","is_prod":false,"is_daily":false,"chose_seed":false,"campfire_upgraded":0,"win_rate":0.0,"timestamp":1567589711,"path_taken":["M","?","?","M","$","E","R","M","T","M","?","?","?","M","R","BOSS","M","?","M","M","?","R","M","R","T","M","R","M","M","E","R","BOSS","M","?","M","?","$","R","M","E","T","M","M","?","?","?"],"build_version":"2019-07-17","purchased_purges":0,"victory":false,"max_hp_per_floor":[70,70,70,70,70,70,70,70,70,70,70,70,70,70,70,70,70,70,70,70,70,70,70,70,70,70,70,70,70,70,70,70,70,70,70,70,70,70,70,70,70,70,70,70,70,70,70,70],"card_choices":[{"not_picked":["Masterful Stab","PiercingWail"],"picked":"Deflect","floor":1},{"not_picked":["Slice","Quick Slash"],"picked":"Flying Knee","floor":3},{"not_picked":["Flying Knee","Deflect"],"picked":"Prepared","floor":4},{"not_picked":["Choke","Prepared"],"picked":"Unload","floor":6},{"not_picked":["Heel Hook","Underhanded Strike"],"picked":"Footwork","floor":8},{"not_picked":["Deadly Poison","Bane"],"picked":"Acrobatics","floor":10},{"not_picked":["Bullet Time","Prepared"],"picked":"Crippling Poison","floor":11},{"not_picked":["Quick Slash","Heel Hook"],"picked":"Flying Knee","floor":14},{"not_picked":["Phantasmal Killer","Doppelganger"],"picked":"A Thousand Cuts","floor":16},{"not_picked":["Blade Dance","Reflex"],"picked":"Acrobatics","floor":18},{"not_picked":["Backflip","Dagger Throw"],"picked":"Envenom","floor":20},{"not_picked":["Deflect","Reflex"],"picked":"Bane","floor":21},{"not_picked":["Quick Slash","Outmaneuver"],"picked":"Infinite Blades","floor":22},{"not_picked":["Acrobatics","Wraith Form v2"],"picked":"Outmaneuver","floor":24},{"not_picked":["Poisoned Stab","Underhanded Strike"],"picked":"All Out Attack","floor":27},{"not_picked":["Masterful Stab+1","Underhanded Strike"],"picked":"Backstab","floor":29},{"not_picked":["Flying Knee","Slice"],"picked":"PiercingWail+1","floor":30},{"not_picked":["PiercingWail+1","Reflex+1"],"picked":"Blade Dance+1","floor":31},{"not_picked":["Die Die Die","Wraith Form v2"],"picked":"Tools of the Trade","floor":33},{"not_picked":["Backflip+1","Footwork+1"],"picked":"Deadly Poison+1","floor":35},{"not_picked":["Dodge and Roll+1","Backstab+1"],"picked":"Acrobatics+1","floor":37},{"not_picked":["Dagger Spray","Quick Slash"],"picked":"Backflip+1","floor":38},{"not_picked":["Deadly Poison+1","Dash+1"],"picked":"Riddle With Holes+1","floor":41},{"not_picked":["Dash","Escape Plan+1"],"picked":"Backflip+1","floor":42},{"not_picked":["Riddle With Holes","Deflect+1"],"picked":"Deadly Poison+1","floor":44},{"not_picked":["Backflip+1","Underhanded Strike+1"],"picked":"Outmaneuver+1","floor":45}],"player_experience":9759,"relics_obtained":[{"floor":6,"key":"Tough Bandages"},{"floor":9,"key":"Ninja Scroll"},{"floor":26,"key":"Toxic Egg 2"},{"floor":31,"key":"Orichalcum"},{"floor":38,"key":"Thread and Needle"},{"floor":42,"key":"Meat on the Bone"},{"floor":43,"key":"Unceasing Top"}],"event_choices":[{"damage_healed":0,"gold_gain":100,"player_choice":"Pray","damage_taken":0,"max_hp_gain":0,"max_hp_loss":0,"event_name":"Golden Shrine","floor":2,"gold_loss":0},{"damage_healed":0,"gold_gain":0,"player_choice":"Entered Light","damage_taken":14,"max_hp_gain":0,"max_hp_loss":0,"event_name":"Shining Light","floor":13,"gold_loss":0,"cards_upgraded":["Dagger Throw","Deflect"]},{"damage_healed":0,"gold_gain":0,"player_choice":"Upgraded","damage_taken":0,"max_hp_gain":0,"max_hp_loss":0,"event_name":"Upgrade Shrine","floor":19,"gold_loss":0,"cards_upgraded":["Noxious Fumes"]},{"damage_healed":0,"gold_gain":0,"player_choice":"Embrace Madness","damage_taken":9,"max_hp_gain":0,"max_hp_loss":0,"event_name":"Winding Halls","floor":36,"gold_loss":0,"cards_obtained":["Madness","Madness"]},{"damage_healed":0,"gold_gain":0,"player_choice":"Fight","damage_taken":0,"max_hp_gain":0,"max_hp_loss":0,"event_name":"MindBloom","floor":38,"gold_loss":0},{"damage_healed":0,"gold_gain":0,"player_choice":"Paid","damage_taken":0,"relics_obtained":["Red Mask"],"max_hp_gain":0,"max_hp_loss":0,"event_name":"Tomb of Lord Red Mask","floor":46,"gold_loss":117},{"cards_removed":["A Thousand Cuts"],"damage_healed":0,"gold_gain":0,"player_choice":"Removed Power","damage_taken":0,"max_hp_gain":0,"max_hp_loss":0,"event_name":"Falling","floor":47,"gold_loss":0},{"damage_healed":0,"gold_gain":0,"player_choice":"Fight","damage_taken":0,"max_hp_gain":0,"max_hp_loss":0,"event_name":"Mysterious Sphere","floor":48,"gold_loss":0}],"is_beta":false,"boss_relics":[{"not_picked":["Tiny House","Runic Dome"],"picked":"Astrolabe"},{"not_picked":["Runic Pyramid","White Beast Statue"],"picked":"HoveringKite"}],"items_purged_floors":[],"is_endless":false,"potions_floor_spawned":[4,6,11,14,16,18,29,30,31,33,41,42],"killed_by":"2 Orb Walkers","ascension_level":0}