{"gold_per_floor":[110,110,110,128,140,140,166,183,183,210,226,256,276,287,287,389,389,403,403,6,25,40,68,68,102,126,126,126,126,126,126,126,229,229,241,341,341,21,38,69,69,86,86,114,165,177,177,177,177,177,177,177,14,47,47],"floor_reached":55,"playtime":4621,"items_purged":[],"score":871,"play_id":"620a89b4-962c-4e00-bd56-810c1c55ea89","local_time":"20190927000802","is_ascension_mode":true,"campfire_choices":[{"data":"Endless Agony","floor":6,"key":"SMITH"},{"data":"Finisher","floor":15,"key":"SMITH"},{"data":"Metamorphosis","floor":24,"key":"SMITH"},{"floor":30,"key":"RECALL"},{"data":"Leg Sweep","floor":32,"key":"SMITH"},{"floor":47,"key":"REST"},{"floor":49,"key":"REST"},{"data":"Madness","floor":52,"key":"SMITH"}],"neow_cost":"TEN_PERCENT_HP_LOSS","seed_source_timestamp":16085421835689,"circlet_count":0,"master_deck":["Survivor","Neutralize","PiercingWail","Endless Agony+1","Finisher+1","Backflip","Masterful Stab","Caltrops+1","Leg Sweep+1","Concentrate","Accuracy+1","Night Terror+1","Predator","Bullet Time","Infinite Blades+1","Poisoned Stab","Adrenaline","Skewer","Escape Plan","Night Terror","Malaise","Grand Finale","Slice","Metamorphosis+1","Footwork+1","Dramatic Entrance","Escape Plan","Caltrops+1","Dash","Blade Dance","Bullet Time","Calculated Gamble+1","Deflect+1","Accuracy+1","Slice+1","Outmaneuver+1","Flash of Steel","Secret Technique","Madness+1","Accuracy+1","Dagger Throw+1","Chrysalis","Adrenaline"],"relics":["Ring of the Snake","StoneCalendar","Orichalcum","Gambling Chip","Frozen Egg 2","Bronze Scales","Mercury Hourglass","Odd Mushroom","Pandora\u0027s Box","Pantograph","Omamori","Potion Belt","Enchiridion","Calling Bell","Centennial Puzzle","Paper Crane","Calipers","Unceasing Top","Shuriken","Anchor","Boot","Pocketwatch","Tough Bandages","Bottled Tornado"],"potions_floor_usage":[13,18,22,23,33,33,50,50,54],"damage_taken":[{"damage":3,"enemies":"Small Slimes","floor":1,"turns":7},{"damage":1,"enemies":"Jaw Worm","floor":4,"turns":7},{"damage":0,"enemies":"Cultist","floor":5,"turns":4},{"damage":3,"enemies":"Gremlin Nob","floor":7,"turns":4},{"damage":0,"enemies":"Blue Slaver","floor":8,"turns":3},{"damage":6,"enemies":"Lots of Slimes","floor":11,"turns":3},{"damage":5,"enemies":"3 Sentries","floor":12,"turns":6},{"damage":0,"enemies":"The Mushroom Lair","floor":13,"turns":2},{"damage":0,"enemies":"2 Fungi Beasts","floor":14,"turns":1},{"damage":16,"enemies":"Hexaghost","floor":16,"turns":7},{"damage":14,"enemies":"2 Thieves","floor":18,"turns":4},{"damage":0,"enemies":"Chosen","floor":21,"turns":3},{"damage":17,"enemies":"Centurion and Healer","floor":22,"turns":4},{"damage":0,"enemies":"Gremlin Leader","floor":23,"turns":5},{"damage":2,"enemies":"Book of Stabbing","floor":25,"turns":4},{"damage":13,"enemies":"Champ","floor":33,"turns":8},{"damage":15,"enemies":"3 Darklings","floor":35,"turns":3},{"damage":0,"enemies":"Mind Bloom Boss Battle","floor":36,"turns":5},{"damage":6,"enemies":"Orb Walker","floor":39,"turns":3},{"damage":4,"enemies":"Giant Head","floor":40,"turns":8},{"damage":11,"enemies":"4 Shapes","floor":42,"turns":6},{"damage":11,"enemies":"Reptomancer","floor":44,"turns":5},{"damage":19,"enemies":"2 Orb Walkers","floor":45,"turns":4},{"damage":0,"enemies":"Transient","floor":46,"turns":5},{"damage":46,"enemies":"Awakened One","floor":50,"turns":14},{"damage":35,"enemies":"Shield and Spear","floor":54,"turns":6},{"damage":53,"enemies":"The Heart","floor":55,"turns":6}],"seed_played":"-2274625302077507058","potions_obtained":[{"floor":4,"key":"Energy Potion"},{"floor":7,"key":"GhostInAJar"},{"floor":12,"key":"GamblersBrew"},{"floor":13,"key":"Explosive Potion"},{"floor":14,"key":"AttackPotion"},{"floor":18,"key":"Regen Potion"},{"floor":25,"key":"FearPotion"},{"floor":39,"key":"Poison Potion"},{"floor":40,"key":"GamblersBrew"},{"floor":46,"key":"Explosive Potion"}],"is_trial":false,"path_per_floor":["M","?","T","M","M","R","E","M","T","T","M","E","?","M","R","B",null,"M","?","$","M","M","E","R","E","T","?","?","$","R","?","R","B",null,"M","?","?","$","M","E","?","M","T","E","?","M","R","?","R","B",null,"R","$","E","B"],"character_chosen":"THE_SILENT","items_purchased":["Metamorphosis","Footwork+1","Dramatic Entrance","Escape Plan","Shuriken","Accuracy+1","Chrysalis"],"campfire_rested":2,"item_purchase_floors":[20,20,20,20,38,38,53],"current_hp_per_floor":[60,57,57,56,56,56,53,53,53,53,47,42,42,42,42,26,63,49,49,49,49,32,32,32,30,30,14,35,35,35,35,35,56,63,48,63,63,63,57,53,43,32,32,21,2,2,20,20,38,17,63,63,63,28,0],"gold":47,"neow_bonus":"ONE_RARE_RELIC","is_prod":false,"is_daily":false,"chose_seed":false,"campfire_upgraded":5,"win_rate":0,"timestamp":1569499682,"path_taken":["M","?","?","?","M","R","E","M","T","?","M","E","?","M","R","BOSS","M","?","$","M","?","E","R","E","T","?","?","?","R","?","R","BOSS","M","?","?","$","?","E","?","M","T","E","?","M","R","?","R","BOSS","R","$","E","BOSS"],"build_version":"2019-09-25","purchased_purges":0,"victory":false,"max_hp_per_floor":[63,63,63,63,63,63,63,63,63,63,63,63,63,63,63,63,63,63,63,63,63,63,63,63,63,63,63,63,63,63,63,63,63,63,63,63,63,63,63,63,63,63,63,63,63,63,63,63,63,63,63,63,63,63,63],"card_choices":[{"not_picked":["Bane","Underhanded Strike"],"picked":"PiercingWail","floor":1},{"not_picked":["Sucker Punch","Flechettes"],"picked":"Endless Agony","floor":4},{"not_picked":["Dagger Spray","Blur"],"picked":"Finisher","floor":5},{"not_picked":["Acrobatics","Finisher"],"picked":"Backflip","floor":7},{"not_picked":["Crippling Poison","Dagger Throw"],"picked":"Masterful Stab","floor":8},{"not_picked":["Dagger Throw","Deadly Poison"],"picked":"Caltrops+1","floor":11},{"not_picked":["Eviscerate","Venomology"],"picked":"Leg Sweep","floor":12},{"not_picked":["Outmaneuver","Quick Slash"],"picked":"Concentrate","floor":13},{"not_picked":["Bane","Backstab"],"picked":"Accuracy+1","floor":14},{"not_picked":["Storm of Steel","Adrenaline"],"picked":"Night Terror","floor":16},{"not_picked":["Poisoned Stab","Deadly Poison"],"picked":"Slice","floor":18},{"not_picked":["Backflip+1","Concentrate"],"picked":"Caltrops+1","floor":21},{"not_picked":["Backflip","Skewer+1","Flying Knee"],"picked":"SKIP","floor":22},{"not_picked":["Underhanded Strike","Backflip"],"picked":"Dash","floor":23},{"not_picked":["Night Terror","PiercingWail+1"],"picked":"Blade Dance","floor":25},{"not_picked":["Corpse Explosion","Night Terror"],"picked":"Bullet Time","floor":33},{"not_picked":["Masterful Stab","Sucker Punch+1"],"picked":"Calculated Gamble+1","floor":35},{"not_picked":["Poisoned Stab+1","Dash"],"picked":"Deflect+1","floor":36},{"not_picked":["Riddle With Holes","Quick Slash"],"picked":"Slice+1","floor":39},{"not_picked":["Catalyst","Calculated Gamble+1"],"picked":"Outmaneuver+1","floor":40},{"not_picked":["Purity","Metamorphosis"],"picked":"Flash of Steel","floor":41},{"not_picked":["Enlightenment","Good Instincts"],"picked":"Secret Technique","floor":41},{"not_picked":["Good Instincts","Panacea"],"picked":"Madness","floor":41},{"not_picked":["Masterful Stab","Blade Dance+1"],"picked":"Accuracy+1","floor":42},{"not_picked":["Endless Agony","Flechettes","Bouncing Flask+1"],"picked":"SKIP","floor":44},{"not_picked":["Acrobatics","Dagger Spray"],"picked":"Dagger Throw+1","floor":45},{"not_picked":["Dagger Throw","Dagger Spray","Predator"],"picked":"SKIP","floor":46},{"not_picked":["Dash+1","Caltrops+1"],"picked":"Adrenaline","floor":54}],"player_experience":109056,"relics_obtained":[{"floor":7,"key":"Gambling Chip"},{"floor":9,"key":"Frozen Egg 2"},{"floor":10,"key":"Bronze Scales"},{"floor":12,"key":"Mercury Hourglass"},{"floor":13,"key":"Odd Mushroom"},{"floor":23,"key":"Pantograph"},{"floor":25,"key":"Omamori"},{"floor":26,"key":"Potion Belt"},{"floor":27,"key":"Enchiridion"},{"floor":34,"key":"Centennial Puzzle"},{"floor":34,"key":"Paper Crane"},{"floor":34,"key":"Calipers"},{"floor":36,"key":"Unceasing Top"},{"floor":40,"key":"Anchor"},{"floor":43,"key":"Boot"},{"floor":44,"key":"Pocketwatch"},{"floor":45,"key":"Tough Bandages"},{"floor":54,"key":"Bottled Tornado"}],"event_choices":[{"damage_healed":0,"gold_gain":0,"player_choice":"Success","damage_taken":3,"relics_obtained":["Orichalcum"],"max_hp_gain":0,"max_hp_loss":0,"event_name":"Scrap Ooze","floor":2,"gold_loss":0},{"damage_healed":0,"gold_gain":0,"player_choice":"Fought Mushrooms","damage_taken":0,"max_hp_gain":0,"max_hp_loss":0,"event_name":"Mushrooms","floor":13,"gold_loss":0},{"damage_healed":0,"gold_gain":0,"player_choice":"Upgraded","damage_taken":0,"max_hp_gain":0,"max_hp_loss":0,"event_name":"Upgrade Shrine","floor":19,"gold_loss":0,"cards_upgraded":["Night Terror"]},{"damage_healed":0,"gold_gain":0,"player_choice":"Obtained Book","damage_taken":16,"max_hp_gain":0,"max_hp_loss":0,"event_name":"Cursed Tome","floor":27,"gold_loss":0},{"damage_healed":21,"gold_gain":0,"player_choice":"Heal","damage_taken":0,"max_hp_gain":0,"max_hp_loss":0,"event_name":"The Library","floor":28,"gold_loss":0},{"damage_healed":0,"gold_gain":0,"player_choice":"Ignored","damage_taken":0,"max_hp_gain":0,"max_hp_loss":0,"event_name":"Ghosts","floor":31,"gold_loss":0},{"damage_healed":0,"gold_gain":0,"player_choice":"Fight","damage_taken":0,"max_hp_gain":0,"max_hp_loss":0,"event_name":"MindBloom","floor":36,"gold_loss":0},{"damage_healed":0,"gold_gain":0,"player_choice":"Ignored","damage_taken":0,"max_hp_gain":0,"max_hp_loss":0,"event_name":"Tomb of Lord Red Mask","floor":37,"gold_loss":0},{"damage_healed":0,"gold_gain":0,"player_choice":"Memory 3","damage_taken":10,"max_hp_gain":0,"max_hp_loss":0,"event_name":"SensoryStone","floor":41,"gold_loss":0},{"damage_healed":0,"gold_gain":0,"player_choice":"Fight","damage_taken":0,"max_hp_gain":0,"max_hp_loss":0,"event_name":"Mysterious Sphere","floor":45,"gold_loss":0},{"damage_healed":0,"gold_gain":0,"player_choice":"Ignored","damage_taken":0,"max_hp_gain":0,"max_hp_loss":0,"event_name":"SecretPortal","floor":48,"gold_loss":0}],"is_beta":true,"boss_relics":[{"not_picked":["Black Star","Velvet Choker"],"picked":"Pandora\u0027s Box"},{"not_picked":["Runic Dome","Sozu"],"picked":"Calling Bell"}],"items_purged_floors":[],"is_endless":false,"potions_floor_spawned":[4,7,12,13,14,16,18,21,25,39,40,46],"killed_by":"The Heart","ascension_level":2}