{"gold_per_floor":[118,131,151,151,151,151,185,71,71,87,87,107,12,12,12,108,108,126,126,146,161,177,212,212,227,275,295,40,75,85,99,99,203,203,215,235,254,254,267,267,267,278,278,278,304,304,337,356,356,356],"floor_reached":50,"playtime":3538,"items_purged":[],"score":573,"play_id":"c34506cf-519f-4786-907d-335b4801097e","local_time":"20190925200445","is_ascension_mode":false,"campfire_choices":[{"floor":6,"key":"RECALL"},{"data":"Intimidate","floor":11,"key":"SMITH"},{"data":"Spot Weakness","floor":15,"key":"SMITH"},{"data":"Heavy Blade","floor":24,"key":"SMITH"},{"data":"Armaments","floor":32,"key":"SMITH"},{"data":"Demon Form","floor":40,"key":"SMITH"},{"data":"Dark Shackles","floor":44,"key":"SMITH"},{"floor":49,"key":"REST"}],"neow_cost":"NONE","seed_source_timestamp":27464372697847,"circlet_count":0,"master_deck":["Strike_R","Strike_R","Strike_R","Strike_R","Defend_R+1","Defend_R","Defend_R","Bash","Disarm","Iron Wave","Inflame","Intimidate+1","Uppercut","Rupture","Shockwave","Clothesline","Flex","Spot Weakness+1","Flex","Reaper","Rage","Heavy Blade+1","Cleave+1","Infernal Blade+1","Inflame+1","Impervious","Iron Wave","Shrug It Off","Armaments+1","Finesse","Dropkick","Intimidate","Shrug It Off","Immolate","Seeing Red+1","Demon Form+1","Flex+1","Heavy Blade","Thunderclap+1","Dark Shackles+1","Swift Strike","The Bomb","Sword Boomerang+1","Parasite","Intimidate","Seeing Red","Whirlwind","Battle Trance"],"relics":["Burning Blood","NeowsBlessing","White Beast Statue","Ornamental Fan","Ancient Tea Set","Philosopher\u0027s Stone","Potion Belt","Omamori","War Paint","Calling Bell","Art of War","Matryoshka","Calipers","MealTicket","Self Forming Clay","Shovel"],"potions_floor_usage":[7,16,16,22,23,23,23,29,33,33,33,35,36,37,45,45,45,47,48,48,48,50],"damage_taken":[{"damage":0,"enemies":"Cultist","floor":1,"turns":1},{"damage":0,"enemies":"Jaw Worm","floor":2,"turns":1},{"damage":0,"enemies":"Small Slimes","floor":3,"turns":1},{"damage":25,"enemies":"3 Sentries","floor":7,"turns":9},{"damage":16,"enemies":"Exordium Thugs","floor":10,"turns":6},{"damage":11,"enemies":"Lots of Slimes","floor":12,"turns":6},{"damage":20,"enemies":"Hexaghost","floor":16,"turns":10},{"damage":19,"enemies":"Chosen","floor":18,"turns":5},{"damage":15,"enemies":"Spheric Guardian","floor":20,"turns":4},{"damage":6,"enemies":"Centurion and Healer","floor":21,"turns":9},{"damage":41,"enemies":"Chosen and Byrds","floor":22,"turns":7},{"damage":31,"enemies":"Slavers","floor":23,"turns":4},{"damage":40,"enemies":"3 Cultists","floor":25,"turns":6},{"damage":14,"enemies":"Centurion and Healer","floor":27,"turns":6},{"damage":25,"enemies":"Book of Stabbing","floor":29,"turns":4},{"damage":11,"enemies":"Snake Plant","floor":30,"turns":4},{"damage":4,"enemies":"Cultist and Chosen","floor":31,"turns":7},{"damage":39,"enemies":"Champ","floor":33,"turns":12},{"damage":15,"enemies":"3 Darklings","floor":35,"turns":4},{"damage":20,"enemies":"Orb Walker","floor":36,"turns":5},{"damage":40,"enemies":"4 Shapes","floor":37,"turns":5},{"damage":11,"enemies":"3 Darklings","floor":39,"turns":5},{"damage":44,"enemies":"Writhing Mass","floor":42,"turns":7},{"damage":32,"enemies":"Nemesis","floor":45,"turns":7},{"damage":92,"enemies":"Giant Head","floor":47,"turns":10},{"damage":30,"enemies":"Spire Growth","floor":48,"turns":4},{"damage":50,"enemies":"Awakened One","floor":50,"turns":3}],"seed_played":"-8301977755000992932","potions_obtained":[{"floor":2,"key":"SkillPotion"},{"floor":10,"key":"AttackPotion"},{"floor":12,"key":"Swift Potion"},{"floor":16,"key":"DuplicationPotion"},{"floor":18,"key":"ElixirPotion"},{"floor":20,"key":"Energy Potion"},{"floor":21,"key":"PowerPotion"},{"floor":22,"key":"Explosive Potion"},{"floor":23,"key":"Explosive Potion"},{"floor":25,"key":"GamblersBrew"},{"floor":27,"key":"Fire Potion"},{"floor":29,"key":"Strength Potion"},{"floor":30,"key":"PowerPotion"},{"floor":31,"key":"Explosive Potion"},{"floor":33,"key":"SkillPotion"},{"floor":35,"key":"SkillPotion"},{"floor":36,"key":"BloodPotion"},{"floor":37,"key":"Weak Potion"},{"floor":39,"key":"Dexterity Potion"},{"floor":42,"key":"SpeedPotion"},{"floor":45,"key":"Explosive Potion"},{"floor":47,"key":"Block Potion"},{"floor":48,"key":"EssenceOfSteel"}],"is_trial":false,"path_per_floor":["M","M","M","?","?","R","E","$","T","M","R","M","$","?","R","B",null,"M","?","M","M","M","E","R","M","T","M","$","E","M","M","R","B",null,"M","M","M","?","M","R","?","M","T","R","E","?","E","M","R","B"],"character_chosen":"IRONCLAD","items_purchased":["Rupture","Shockwave","Spot Weakness","Flex","Armaments","Finesse","Dropkick","Intimidate"],"campfire_rested":1,"item_purchase_floors":[8,8,13,13,28,28,28,28],"current_hp_per_floor":[80,80,80,73,73,73,54,54,54,44,44,39,39,32,32,18,80,78,78,77,80,53,64,64,46,46,58,58,49,51,72,72,51,80,71,65,59,49,44,44,64,32,32,32,22,80,31,7,31,0],"gold":356,"neow_bonus":"THREE_ENEMY_KILL","is_prod":false,"is_daily":false,"chose_seed":false,"campfire_upgraded":6,"win_rate":0,"timestamp":1569398685,"path_taken":["M","?","M","?","?","R","E","$","T","M","R","M","?","?","R","BOSS","M","?","M","M","M","E","R","M","T","M","?","E","M","?","R","BOSS","M","?","?","?","M","R","?","M","T","R","E","?","E","M","R","BOSS"],"build_version":"2019-09-24","purchased_purges":0,"victory":false,"max_hp_per_floor":[80,80,80,80,80,80,80,80,80,80,80,80,80,80,80,80,80,80,80,80,80,80,80,80,80,80,80,80,80,80,80,80,80,80,80,80,80,80,80,80,80,80,80,80,80,80,80,80,80,80],"card_choices":[{"not_picked":["True Grit","Headbutt"],"picked":"Disarm","floor":1},{"not_picked":["Thunderclap","Carnage"],"picked":"Iron Wave","floor":2},{"not_picked":["Entrench","Twin Strike"],"picked":"Inflame","floor":3},{"not_picked":["Pommel Strike","Perfected Strike"],"picked":"Uppercut","floor":7},{"not_picked":["Body Slam","Perfected Strike"],"picked":"Clothesline","floor":10},{"not_picked":["True Grit","Twin Strike"],"picked":"Flex","floor":12},{"not_picked":["Dark Embrace","Fiend Fire"],"picked":"Reaper","floor":16},{"not_picked":["Shrug It Off","Clash"],"picked":"Rage","floor":18},{"not_picked":["Twin Strike","Clash+1"],"picked":"Cleave+1","floor":20},{"not_picked":["Intimidate","Cleave+1"],"picked":"Infernal Blade","floor":21},{"not_picked":["Feel No Pain+1","Iron Wave"],"picked":"Inflame+1","floor":22},{"not_picked":["Thunderclap","Iron Wave"],"picked":"Impervious","floor":23},{"not_picked":["Clash","Perfected Strike"],"picked":"Iron Wave","floor":25},{"not_picked":["Twin Strike","Infernal Blade"],"picked":"Shrug It Off","floor":27},{"not_picked":["Body Slam","Thunderclap"],"picked":"Shrug It Off","floor":29},{"not_picked":["Clothesline","Warcry"],"picked":"Immolate","floor":30},{"not_picked":["Flame Barrier","Dropkick+1"],"picked":"Seeing Red+1","floor":31},{"not_picked":["Limit Break","Offering"],"picked":"Demon Form","floor":33},{"not_picked":["Infernal Blade","True Grit"],"picked":"Flex+1","floor":35},{"not_picked":["True Grit+1","Shrug It Off"],"picked":"Heavy Blade","floor":36},{"not_picked":["Wild Strike+1","Sword Boomerang"],"picked":"Thunderclap+1","floor":37},{"not_picked":["Deep Breath","Dramatic Entrance"],"picked":"Dark Shackles","floor":38},{"not_picked":["Good Instincts","Mind Blast"],"picked":"Swift Strike","floor":38},{"not_picked":["PanicButton","Blind"],"picked":"The Bomb","floor":38},{"not_picked":["Flex+1","Heavy Blade"],"picked":"Sword Boomerang+1","floor":39},{"not_picked":["Ghostly Armor","Perfected Strike"],"picked":"Intimidate","floor":42},{"not_picked":["Wild Strike","Entrench+1"],"picked":"Seeing Red","floor":45},{"not_picked":["Blood for Blood","Feed"],"picked":"Whirlwind","floor":47},{"not_picked":["Headbutt","Seeing Red"],"picked":"Battle Trance","floor":48}],"player_experience":100076,"relics_obtained":[{"floor":7,"key":"White Beast Statue"},{"floor":9,"key":"Ornamental Fan"},{"floor":23,"key":"Potion Belt"},{"floor":26,"key":"Omamori"},{"floor":29,"key":"War Paint"},{"floor":34,"key":"Art of War"},{"floor":34,"key":"Matryoshka"},{"floor":34,"key":"Calipers"},{"floor":43,"key":"MealTicket"},{"floor":45,"key":"Self Forming Clay"},{"floor":47,"key":"Shovel"}],"event_choices":[{"cards_removed":["Strike_R"],"damage_healed":0,"gold_gain":0,"player_choice":"Card Removal","damage_taken":7,"max_hp_gain":0,"max_hp_loss":0,"event_name":"Golden Wing","floor":4,"gold_loss":0},{"damage_healed":0,"gold_gain":0,"cards_transformed":["Defend_R"],"player_choice":"Change","damage_taken":0,"max_hp_gain":0,"max_hp_loss":0,"event_name":"Living Wall","floor":5,"gold_loss":0,"cards_obtained":["Intimidate"]},{"damage_healed":0,"gold_gain":0,"player_choice":"Success","damage_taken":7,"relics_obtained":["Ancient Tea Set"],"max_hp_gain":0,"max_hp_loss":0,"event_name":"Scrap Ooze","floor":14,"gold_loss":0},{"damage_healed":0,"gold_gain":0,"player_choice":"Read","damage_taken":0,"max_hp_gain":0,"max_hp_loss":0,"event_name":"The Library","floor":19,"gold_loss":0,"cards_obtained":["Heavy Blade"]},{"damage_healed":0,"gold_gain":0,"player_choice":"Memory 3","damage_taken":10,"max_hp_gain":0,"max_hp_loss":0,"event_name":"SensoryStone","floor":38,"gold_loss":0},{"damage_healed":20,"gold_gain":0,"player_choice":"Writhe","damage_taken":0,"max_hp_gain":0,"max_hp_loss":0,"event_name":"Winding Halls","floor":41,"gold_loss":0,"cards_obtained":["Writhe"]},{"damage_healed":58,"gold_gain":0,"player_choice":"Full Heal","damage_taken":0,"max_hp_gain":0,"max_hp_loss":0,"event_name":"Wheel of Change","floor":46,"gold_loss":0}],"is_beta":true,"boss_relics":[{"not_picked":["Busted Crown","Runic Pyramid"],"picked":"Philosopher\u0027s Stone"},{"not_picked":["Empty Cage","Black Blood"],"picked":"Calling Bell"}],"items_purged_floors":[],"is_endless":false,"potions_floor_spawned":[2,10,12,16,18,20,21,22,23,25,27,29,30,31,33,35,36,37,39,42,45,47,48],"killed_by":"Awakened One","ascension_level":0}