{"gold_per_floor":[113,132,145,165,165,165,189,189,189,189,203,223,98,115,115,219,219,232,109,128,139,139,139,64,64,134,134,148,166,146,161,161,265,265,284,6,1005,1005,271,271,303,323,347,347,361,381,381,391,391,391],"floor_reached":51,"playtime":2484,"items_purged":["Strike_R","Strike_R","Strike_R+1","Normality"],"score":771,"play_id":"2fb8b83e-6c65-4bbd-a73a-e85e945ddd51","local_time":"20181028203515","is_ascension_mode":false,"campfire_choices":[{"data":"Bash","floor":6.0,"key":"SMITH"},{"data":"Armaments","floor":8.0,"key":"SMITH"},{"data":"Clothesline","floor":15.0,"key":"SMITH"},{"data":"Armaments","floor":23.0,"key":"SMITH"},{"data":"Flex","floor":25.0,"key":"SMITH"},{"data":"Shrug It Off","floor":27.0,"key":"SMITH"},{"data":"Limit Break","floor":32,"key":"SMITH"},{"data":"Demon Form","floor":40,"key":"SMITH"},{"floor":47,"key":"REST"},{"floor":49,"key":"REST"}],"neow_cost":"NONE","seed_source_timestamp":43042075114607,"circlet_count":0,"master_deck":["Strike_R+1","Defend_R+1","Defend_R+1","Defend_R+1","Defend_R+1","Bash+1","Metallicize","Body Slam+1","Iron Wave","Armaments+1","Limit Break+1","Feel No Pain","Shrug It Off+1","Clothesline+1","Flex+1","Armaments+1","Shrug It Off","Limit Break","Clash","Shrug It Off","Clash","Clash","Demon Form+1","Normality","Sever Soul","Battle Trance","Pommel Strike+1","Second Wind+1","Madness","Madness","Flex","Warcry+1"],"special_seed":0,"relics":["Burning Blood","NeowsBlessing","Odd Mushroom","Question Card","Busted Crown","Letter Opener","Runic Dome","Happy Flower","Lantern","Toolbox","Shovel","Juzu Bracelet"],"potions_floor_usage":[41,50,50],"damage_taken":[{"damage":0.0,"enemies":"Jaw Worm","floor":1.0,"turns":1.0},{"damage":0.0,"enemies":"Cultist","floor":2.0,"turns":1.0},{"damage":0.0,"enemies":"2 Louse","floor":3.0,"turns":1.0},{"damage":0.0,"enemies":"Looter","floor":4.0,"turns":5.0},{"damage":32.0,"enemies":"The Mushroom Lair","floor":7.0,"turns":6.0},{"damage":11.0,"enemies":"3 Louse","floor":11.0,"turns":4.0},{"damage":15.0,"enemies":"Exordium Thugs","floor":12.0,"turns":6.0},{"damage":2.0,"enemies":"Exordium Wildlife","floor":14.0,"turns":3.0},{"damage":18.0,"enemies":"The Guardian","floor":16.0,"turns":15.0},{"damage":0.0,"enemies":"Shell Parasite","floor":18.0,"turns":7.0},{"damage":9.0,"enemies":"3 Byrds","floor":20.0,"turns":11.0},{"damage":2.0,"enemies":"Cultist and Chosen","floor":21.0,"turns":6.0},{"damage":0.0,"enemies":"Shelled Parasite and Fungi","floor":28.0,"turns":6.0},{"damage":0.0,"enemies":"Snake Plant","floor":29.0,"turns":2.0},{"damage":4,"enemies":"3 Cultists","floor":31,"turns":6},{"damage":0,"enemies":"Champ","floor":33,"turns":13},{"damage":21,"enemies":"3 Darklings","floor":35,"turns":6},{"damage":11,"enemies":"Nemesis","floor":41,"turns":7},{"damage":0,"enemies":"Orb Walker","floor":42,"turns":2},{"damage":0,"enemies":"Transient","floor":45,"turns":5},{"damage":35,"enemies":"Jaw Worm Horde","floor":46,"turns":4},{"damage":4,"enemies":"4 Shapes","floor":48,"turns":7},{"damage":41,"enemies":"Time Eater","floor":50,"turns":6}],"seed_played":"1695015571414062952","potions_obtained":[{"floor":1.0,"key":"Weak Potion"},{"floor":2.0,"key":"BloodPotion"},{"floor":7.0,"key":"PowerPotion"},{"floor":12.0,"key":"Block Potion"},{"floor":14.0,"key":"FearPotion"},{"floor":20.0,"key":"FearPotion"},{"floor":30,"key":"FearPotion"},{"floor":33,"key":"SkillPotion"},{"floor":48,"key":"Poison Potion"}],"is_trial":false,"path_per_floor":["M","M","M","M","?","R","?","R","T","?","M","M","$","M","R","B",null,"M","$","M","M","?","R","?","R","T","R","M","M","?","M","R","B",null,"M","$","?","?","$","R","E","M","T","?","M","M","R","M","R","B"],"character_chosen":"IRONCLAD","items_purchased":["Armaments","Shrug It Off","Happy Flower","Lantern","Sever Soul","Battle Trance","LiquidBronze","Toolbox"],"campfire_rested":2,"item_purchase_floors":[13,19,36,39,39,39,39,39],"current_hp_per_floor":[80,80,80,80,80,80,54,54,54,54,49,48,48,52,52,40,80,80,80,77,80,80,80,80,80,80,80,80,80,80,80,80,80,80,65,65,65,65,65,65,60,66,66,56,62,33,57,59,80,45],"gold":391,"neow_bonus":"THREE_ENEMY_KILL","is_prod":false,"is_daily":false,"chose_seed":false,"campfire_upgraded":8,"win_rate":0,"timestamp":1540726515,"path_taken":["M","M","M","M","?","R","?","R","T","?","M","?","$","M","R","BOSS","M","$","?","M","?","R","?","R","T","R","M","M","?","M","R","BOSS","M","$","?","?","$","R","E","?","T","?","M","M","R","M","R","BOSS"],"build_version":"2018-10-25v2","purchased_purges":4,"victory":true,"max_hp_per_floor":[80,80,80,80,80,80,80,80,80,80,80,80,80,80,80,80,80,80,80,80,80,80,80,80,80,80,80,80,80,80,80,80,80,80,80,80,80,80,80,80,80,80,80,80,80,80,80,80,80,80],"card_choices":[{"not_picked":["Body Slam","Feel No Pain"],"picked":"Metallicize","floor":1.0},{"not_picked":["Havoc","Reckless Charge"],"picked":"Body Slam","floor":2.0},{"not_picked":["Perfected Strike","Shockwave"],"picked":"Iron Wave","floor":3.0},{"not_picked":["Dual Wield","Twin Strike"],"picked":"Armaments","floor":4.0},{"not_picked":["Anger","Bludgeon"],"picked":"Shrug It Off","floor":7.0},{"not_picked":["Sword Boomerang","Cleave","Bloodletting"],"picked":"Clothesline","floor":11.0},{"not_picked":["Whirlwind","Warcry","Corruption"],"picked":"Flex","floor":12.0},{"not_picked":["Perfected Strike","Twin Strike","Sentinel"],"picked":"Shrug It Off","floor":14.0},{"not_picked":["Dark Embrace","Reaper","Bludgeon"],"picked":"Limit Break","floor":16.0},{"not_picked":["Corruption"],"picked":"Clash","floor":18.0},{"not_picked":["Blood for Blood","Evolve+1"],"picked":"SKIP","floor":20.0},{"not_picked":["Havoc+1","Armaments"],"picked":"SKIP","floor":21.0},{"not_picked":["Carnage"],"picked":"Clash","floor":28.0},{"not_picked":["Carnage"],"picked":"Clash","floor":29.0},{"not_picked":["Wild Strike","Havoc"],"picked":"SKIP","floor":31},{"not_picked":["Limit Break"],"picked":"Demon Form","floor":33},{"not_picked":["Armaments+1","Perfected Strike"],"picked":"SKIP","floor":35},{"not_picked":["Limit Break"],"picked":"Pommel Strike+1","floor":41},{"not_picked":["Ghostly Armor+1"],"picked":"Second Wind+1","floor":42},{"not_picked":["Anger","Twin Strike"],"picked":"SKIP","floor":45},{"not_picked":["Iron Wave+1"],"picked":"Flex","floor":46},{"not_picked":["Sword Boomerang"],"picked":"Warcry+1","floor":48}],"player_experience":365151,"relics_obtained":[{"floor":7.0,"key":"Odd Mushroom"},{"floor":9.0,"key":"Question Card"},{"floor":26.0,"key":"Letter Opener"},{"floor":41,"key":"Shovel"},{"floor":43,"key":"Juzu Bracelet"}],"event_choices":[{"damage_healed":0.0,"max_hp_gain":0.0,"max_hp_loss":0.0,"gold_gain":0.0,"event_name":"Match and Keep!","player_choice":"2 cards matched","floor":5.0,"gold_loss":0.0,"damage_taken":0.0,"cards_obtained":["Limit Break","Feel No Pain"]},{"damage_healed":0.0,"max_hp_gain":0.0,"max_hp_loss":0.0,"gold_gain":0.0,"event_name":"Mushrooms","player_choice":"Fought Mushrooms","floor":7.0,"gold_loss":0.0,"damage_taken":0.0},{"damage_healed":0.0,"max_hp_gain":0.0,"max_hp_loss":0.0,"gold_gain":0.0,"event_name":"Upgrade Shrine","player_choice":"Upgraded","floor":10.0,"gold_loss":0.0,"damage_taken":0.0,"cards_upgraded":["Body Slam"]},{"damage_healed":0.0,"max_hp_gain":0.0,"max_hp_loss":0.0,"gold_gain":0.0,"event_name":"Back to Basics","player_choice":"Simplicity","floor":22.0,"gold_loss":0.0,"damage_taken":0.0,"cards_upgraded":["Strike_R","Strike_R","Strike_R","Defend_R","Defend_R","Defend_R","Defend_R"]},{"cards_removed":["Strike_R"],"damage_healed":0.0,"max_hp_gain":0.0,"max_hp_loss":0.0,"gold_gain":0.0,"event_name":"Beggar","player_choice":"Gave Gold","floor":24.0,"gold_loss":75.0,"damage_taken":0.0},{"damage_healed":0,"gold_gain":0,"player_choice":"Bought 1 Potion","damage_taken":0,"max_hp_gain":0,"max_hp_loss":0,"event_name":"The Woman in Blue","floor":30,"gold_loss":0},{"damage_healed":0,"gold_gain":999,"player_choice":"Gold","damage_taken":0,"max_hp_gain":0,"max_hp_loss":0,"event_name":"MindBloom","floor":37,"gold_loss":0,"cards_obtained":["Normality","Normality"]},{"damage_healed":0,"gold_gain":0,"player_choice":"Ignored","damage_taken":0,"max_hp_gain":0,"max_hp_loss":0,"event_name":"Tomb of Lord Red Mask","floor":38,"gold_loss":0},{"damage_healed":0,"gold_gain":0,"player_choice":"Embrace Madness","damage_taken":10,"max_hp_gain":0,"max_hp_loss":0,"event_name":"Winding Halls","floor":44,"gold_loss":0,"cards_obtained":["Madness","Madness"]}],"is_beta":false,"boss_relics":[{"not_picked":["Philosopher\u0027s Stone","Ectoplasm"],"picked":"Busted Crown"},{"not_picked":["Runic Pyramid","White Beast Statue"],"picked":"Runic Dome"}],"items_purged_floors":[13,19,36,39],"is_endless":false,"potions_floor_spawned":[1,2,7,12,14,20,33,48],"ascension_level":0}