{"gold_per_floor":[110,135,146,2,2,28,92,92,118,118,129,143,143,157,157,259,259,275,288,213,90,90,121,148,148,171,182,182],"floor_reached":28,"playtime":1853,"items_purged":["Strike_R"],"score":236,"play_id":"12ab3a7b-e993-4e94-a584-ba0f4e12e143","local_time":"20190831123437","is_ascension_mode":false,"campfire_choices":[{"floor":8,"key":"REST"},{"data":"True Grit","floor":10,"key":"SMITH"},{"data":"Clothesline","floor":13,"key":"SMITH"},{"floor":15,"key":"REST"},{"floor":25,"key":"REST"}],"neow_cost":"NONE","seed_source_timestamp":601188276800380,"circlet_count":0,"master_deck":["Strike_R","Strike_R","Strike_R","Defend_R","Defend_R","Defend_R","Bash","Inflame","Armaments","True Grit+1","Uppercut","Heavy Blade","Evolve","Anger","Heavy Blade","Clothesline+1","Clothesline","Metallicize","Barricade","Entrench","Heavy Blade+1","Armaments","Impervious","Feel No Pain","Body Slam"],"relics":["Velvet Choker","Strawberry","Potion Belt","Bronze Scales","Oddly Smooth Stone","Mark of Pain","Bag of Marbles","Dream Catcher","Lantern"],"potions_floor_usage":[27],"damage_taken":[{"damage":0,"enemies":"Cultist","floor":1,"turns":3},{"damage":6,"enemies":"2 Louse","floor":3,"turns":3},{"damage":14,"enemies":"Lagavulin","floor":6,"turns":5},{"damage":34,"enemies":"Lagavulin Event","floor":7,"turns":6},{"damage":0,"enemies":"Jaw Worm","floor":11,"turns":2},{"damage":0,"enemies":"Looter","floor":12,"turns":3},{"damage":7,"enemies":"Exordium Thugs","floor":14,"turns":4},{"damage":26,"enemies":"Slime Boss","floor":16,"turns":8},{"damage":4,"enemies":"3 Byrds","floor":18,"turns":3},{"damage":10,"enemies":"Chosen","floor":19,"turns":4},{"damage":46,"enemies":"Gremlin Leader","floor":23,"turns":8},{"damage":20,"enemies":"Shelled Parasite and Fungi","floor":27,"turns":6},{"damage":19,"enemies":"Sentry and Sphere","floor":28,"turns":4}],"seed_played":"8007763922709007640","potions_obtained":[{"floor":3,"key":"SpeedPotion"},{"floor":7,"key":"FearPotion"},{"floor":11,"key":"Block Potion"},{"floor":12,"key":"Explosive Potion"},{"floor":16,"key":"AttackPotion"}],"is_trial":false,"path_per_floor":["M","T","M","$","?","E","?","R","T","R","M","M","R","M","R","B",null,"M","M","?","$","?","E","T","R","T","M","M"],"character_chosen":"IRONCLAD","items_purchased":["True Grit","Uppercut","Heavy Blade","Armaments"],"campfire_rested":3,"item_purchase_floors":[4,4,4,21],"current_hp_per_floor":[80,87,81,81,81,67,33,59,59,59,59,59,59,52,78,52,87,83,73,73,73,56,10,10,37,37,17,0],"gold":182,"neow_bonus":"BOSS_RELIC","is_prod":false,"is_daily":false,"chose_seed":false,"campfire_upgraded":2,"win_rate":0.0,"timestamp":1567272877,"path_taken":["M","?","M","$","?","E","?","R","T","R","M","M","R","M","R","BOSS","M","M","?","$","?","E","?","R","T","M","M"],"build_version":"2019-07-17","purchased_purges":1,"victory":false,"max_hp_per_floor":[80,87,87,87,87,87,87,87,87,87,87,87,87,87,87,87,87,87,87,87,87,92,92,92,92,92,92,92],"card_choices":[{"not_picked":["Flex","Cleave"],"picked":"Inflame","floor":1},{"not_picked":["Infernal Blade","Thunderclap"],"picked":"Armaments","floor":3},{"not_picked":["Infernal Blade","True Grit"],"picked":"Anger","floor":6},{"not_picked":["Fire Breathing","Pommel Strike"],"picked":"Heavy Blade","floor":7},{"not_picked":["Headbutt","Sever Soul"],"picked":"Clothesline","floor":11},{"not_picked":["Dual Wield","Combust"],"picked":"Clothesline","floor":12},{"not_picked":["Reckless Charge","Clothesline"],"picked":"Metallicize","floor":14},{"not_picked":["Impervious","Double Tap"],"picked":"Barricade","floor":16},{"not_picked":["Uppercut","Seeing Red"],"picked":"Entrench","floor":18},{"not_picked":["Dual Wield","Wild Strike"],"picked":"Heavy Blade+1","floor":19},{"not_picked":["Warcry+1","Hemokinesis"],"picked":"Impervious","floor":23},{"not_picked":["Anger","Burning Pact"],"picked":"Feel No Pain","floor":25},{"not_picked":["Pommel Strike","Wild Strike"],"picked":"Body Slam","floor":27}],"player_experience":30197,"relics_obtained":[{"floor":2,"key":"Strawberry"},{"floor":6,"key":"Potion Belt"},{"floor":7,"key":"Bronze Scales"},{"floor":9,"key":"Oddly Smooth Stone"},{"floor":23,"key":"Bag of Marbles"},{"floor":24,"key":"Dream Catcher"},{"floor":26,"key":"Lantern"}],"event_choices":[{"damage_healed":0,"gold_gain":0,"cards_transformed":["Defend_R"],"player_choice":"Change","damage_taken":0,"max_hp_gain":0,"max_hp_loss":0,"event_name":"Living Wall","floor":5,"gold_loss":0,"cards_obtained":["Evolve"]},{"damage_healed":0,"gold_gain":30,"player_choice":"Searched \u00273\u0027 times","damage_taken":0,"max_hp_gain":0,"max_hp_loss":0,"event_name":"Dead Adventurer","floor":7,"gold_loss":0},{"cards_removed":["Strike_R"],"damage_healed":0,"gold_gain":0,"player_choice":"Gave Gold","damage_taken":0,"max_hp_gain":0,"max_hp_loss":0,"event_name":"Beggar","floor":20,"gold_loss":75},{"damage_healed":0,"gold_gain":0,"player_choice":"Shed Blood","damage_taken":22,"max_hp_gain":5,"max_hp_loss":0,"event_name":"Forgotten Altar","floor":22,"gold_loss":0}],"is_beta":false,"boss_relics":[{"not_picked":["Sozu","Coffee Dripper"],"picked":"Mark of Pain"}],"items_purged_floors":[21],"is_endless":false,"potions_floor_spawned":[3,7,11,12,16,19,23],"killed_by":"Sentry and Sphere","ascension_level":0}