{"gold_per_floor":[111,123,191,211,231,260,260,274,298,298,310,330,20,40,40,136,136,150,166,265,23,33,33],"floor_reached":23,"playtime":2002,"items_purged":["Defend_R","Strike_R"],"score":197,"play_id":"223ae6b5-51f4-49bd-abe1-3b4c488c05ed","local_time":"20190831183626","is_ascension_mode":false,"campfire_choices":[{"floor":7,"key":"REST"},{"data":"Inflame","floor":15,"key":"SMITH"}],"neow_cost":"NONE","seed_source_timestamp":622748888874474,"circlet_count":0,"master_deck":["Strike_R","Strike_R","Strike_R","Strike_R","Defend_R","Defend_R","Defend_R","Bash","Clash","Heavy Blade","Pommel Strike","Thunderclap","Shrug It Off+1","Flex","Power Through","Inflame+1","Perfected Strike","Immolate","Bloodletting+1","Perfected Strike","Flex"],"relics":["Burning Blood","Boot","Peace Pipe","Oddly Smooth Stone","Vajra","Philosopher\u0027s Stone","Membership Card"],"potions_floor_usage":[16,16],"damage_taken":[{"damage":2,"enemies":"Small Slimes","floor":1,"turns":5},{"damage":2,"enemies":"2 Louse","floor":2,"turns":4},{"damage":0,"enemies":"Cultist","floor":4,"turns":3},{"damage":7,"enemies":"3 Louse","floor":5,"turns":3},{"damage":39,"enemies":"3 Sentries","floor":6,"turns":10},{"damage":0,"enemies":"2 Fungi Beasts","floor":8,"turns":2},{"damage":8,"enemies":"Red Slaver","floor":11,"turns":4},{"damage":5,"enemies":"3 Louse","floor":12,"turns":2},{"damage":0,"enemies":"Exordium Wildlife","floor":14,"turns":3},{"damage":36,"enemies":"The Guardian","floor":16,"turns":9},{"damage":8,"enemies":"Shell Parasite","floor":18,"turns":3},{"damage":21,"enemies":"Spheric Guardian","floor":19,"turns":4},{"damage":30,"enemies":"Centurion and Healer","floor":22,"turns":5},{"damage":42,"enemies":"Gremlin Leader","floor":23,"turns":2}],"seed_played":"8519181092640829572","potions_obtained":[{"floor":5,"key":"BloodPotion"},{"floor":6,"key":"SkillPotion"},{"floor":8,"key":"Block Potion"},{"floor":12,"key":"Dexterity Potion"},{"floor":18,"key":"GamblersBrew"},{"floor":19,"key":"FearPotion"}],"is_trial":false,"path_per_floor":["M","M","?","M","M","E","R","M","T","?","M","M","$","M","R","B",null,"M","M","?","$","M","E"],"character_chosen":"IRONCLAD","items_purchased":["Inflame","Vajra","Membership Card"],"campfire_rested":1,"item_purchase_floors":[13,13,21],"current_hp_per_floor":[80,80,80,80,79,46,70,76,76,76,74,75,75,80,80,50,80,78,63,63,63,39,0],"gold":33,"neow_bonus":"RANDOM_COMMON_RELIC","is_prod":false,"is_daily":false,"chose_seed":false,"campfire_upgraded":1,"win_rate":0.0,"timestamp":1567294586,"path_taken":["M","M","?","M","M","E","R","M","T","?","?","M","$","M","R","BOSS","M","M","?","$","M","E"],"build_version":"2019-07-17","purchased_purges":2,"victory":false,"max_hp_per_floor":[80,80,80,80,80,80,80,80,80,80,80,80,80,80,80,80,80,80,80,80,80,80,80],"card_choices":[{"not_picked":["Wild Strike","Warcry"],"picked":"Clash","floor":1},{"not_picked":["Anger","Clothesline"],"picked":"Heavy Blade","floor":2},{"not_picked":["Warcry","Reckless Charge","Evolve"],"picked":"SKIP","floor":4},{"not_picked":["Wild Strike","Exhume"],"picked":"Pommel Strike","floor":5},{"not_picked":["Dropkick","Pummel"],"picked":"Thunderclap","floor":6},{"not_picked":["Whirlwind","Rampage"],"picked":"Shrug It Off","floor":8},{"not_picked":["Sentinel","Whirlwind"],"picked":"Flex","floor":11},{"not_picked":["Rage","Evolve"],"picked":"Power Through","floor":12},{"not_picked":["Body Slam","True Grit"],"picked":"Perfected Strike","floor":14},{"not_picked":["Demon Form","Berserk"],"picked":"Immolate","floor":16},{"not_picked":["Warcry","Armaments"],"picked":"Bloodletting+1","floor":18},{"not_picked":["Thunderclap","Seeing Red"],"picked":"Perfected Strike","floor":19},{"not_picked":["Thunderclap","Body Slam"],"picked":"Flex","floor":22}],"player_experience":46354,"relics_obtained":[{"floor":6,"key":"Peace Pipe"},{"floor":9,"key":"Oddly Smooth Stone"}],"event_choices":[{"damage_healed":0,"gold_gain":68,"player_choice":"Gained Gold","damage_taken":0,"max_hp_gain":0,"max_hp_loss":0,"event_name":"Golden Wing","floor":3,"gold_loss":0},{"damage_healed":0,"gold_gain":0,"player_choice":"Upgraded","damage_taken":0,"max_hp_gain":0,"max_hp_loss":0,"event_name":"Upgrade Shrine","floor":10,"gold_loss":0,"cards_upgraded":["Shrug It Off"]},{"damage_healed":0,"gold_gain":99,"player_choice":"Stole From Cult","damage_taken":0,"max_hp_gain":0,"max_hp_loss":0,"event_name":"Nest","floor":20,"gold_loss":0}],"is_beta":false,"boss_relics":[{"not_picked":["Runic Cube","Runic Dome"],"picked":"Philosopher\u0027s Stone"}],"items_purged_floors":[13,21],"is_endless":false,"potions_floor_spawned":[5,6,8,12,14,18,19],"killed_by":"Gremlin Leader","ascension_level":0}