{"gold_per_floor":[112,129,129,94,94,94,106,106,156,156,55,65,79,2,2,106,106,126,126,143,58,72,72,100,100,125,125,25,25,38,138,138,240,240,254,24,24,40,57,57,57,57,57,57],"floor_reached":44,"playtime":2765,"items_purged":["Defend_R","Defend_R","Strike_R"],"score":439,"play_id":"cb81ac6c-c063-487a-8db9-91f26d4d1a8a","local_time":"20190831155847","is_ascension_mode":false,"campfire_choices":[{"data":"Metallicize","floor":6,"key":"SMITH"},{"data":"Shrug It Off","floor":8,"key":"SMITH"},{"data":"Bash","floor":10,"key":"SMITH"},{"data":"Spot Weakness","floor":15,"key":"SMITH"},{"data":"Armaments","floor":23,"key":"SMITH"},{"floor":27,"key":"REST"},{"floor":29,"key":"REST"},{"data":"Entrench","floor":32,"key":"SMITH"},{"data":"Reaper","floor":40,"key":"SMITH"},{"floor":42,"key":"DIG"}],"neow_cost":"NONE","seed_source_timestamp":612522732412696,"circlet_count":0,"master_deck":["Strike_R","Strike_R","Strike_R","Strike_R","Defend_R","Defend_R+1","Bash+1","Metallicize+1","Spot Weakness+1","Shrug It Off+1","Armaments+1","Whirlwind","Thunderclap","Spot Weakness+1","Immolate","Entrench+1","Armaments","Heavy Blade","Inflame","Spot Weakness","Thunderclap+1","Reaper+1","Headbutt","Flex","Inflame","Shrug It Off+1","Spot Weakness+1","Anger","Second Wind"],"relics":["Burning Blood","Boot","Bronze Scales","Snecko Eye","Shovel","Centennial Puzzle","Anchor","Oddly Smooth Stone","Eternal Feather","Mercury Hourglass","Ancient Tea Set"],"potions_floor_usage":[],"damage_taken":[{"damage":3,"enemies":"Jaw Worm","floor":1,"turns":4},{"damage":2,"enemies":"2 Louse","floor":2,"turns":4},{"damage":7,"enemies":"Small Slimes","floor":7,"turns":5},{"damage":3,"enemies":"3 Louse","floor":12,"turns":3},{"damage":2,"enemies":"Large Slime","floor":13,"turns":5},{"damage":49,"enemies":"Slime Boss","floor":16,"turns":11},{"damage":36,"enemies":"2 Thieves","floor":18,"turns":3},{"damage":7,"enemies":"Chosen","floor":20,"turns":6},{"damage":15,"enemies":"Snake Plant","floor":22,"turns":4},{"damage":26,"enemies":"Book of Stabbing","floor":24,"turns":5},{"damage":6,"enemies":"Chosen and Byrds","floor":30,"turns":5},{"damage":25,"enemies":"Collector","floor":33,"turns":4},{"damage":22,"enemies":"3 Shapes","floor":35,"turns":3},{"damage":6,"enemies":"3 Darklings","floor":38,"turns":3},{"damage":43,"enemies":"Jaw Worm Horde","floor":39,"turns":4},{"damage":103,"enemies":"Giant Head","floor":44,"turns":8}],"seed_played":"-7920518022068173636","potions_obtained":[{"floor":1,"key":"Swift Potion"},{"floor":7,"key":"BloodPotion"},{"floor":13,"key":"BloodPotion"},{"floor":20,"key":"Explosive Potion"},{"floor":30,"key":"Energy Potion"}],"is_trial":false,"path_per_floor":["M","M","?","?","?","R","M","R","T","R","$","M","M","$","R","B",null,"M","?","M","?","M","R","E","?","T","R","$","R","M","?","R","B",null,"M","$","?","M","M","R","?","R","T","E"],"character_chosen":"IRONCLAD","items_purchased":["Armaments","Spot Weakness","Flex","Inflame"],"campfire_rested":2,"item_purchase_floors":[11,14,36,36],"current_hp_per_floor":[88,88,70,88,81,81,80,80,80,80,80,83,87,87,87,44,88,58,58,57,57,48,48,28,28,28,54,54,80,80,80,80,61,88,77,77,88,88,77,88,88,88,88,0],"gold":57,"neow_bonus":"TEN_PERCENT_HP_BONUS","is_prod":false,"is_daily":false,"chose_seed":false,"campfire_upgraded":7,"win_rate":0.0,"timestamp":1567285127,"path_taken":["M","M","?","?","?","R","M","R","T","R","$","M","M","$","R","BOSS","M","?","M","?","M","R","E","?","T","R","$","R","M","?","R","BOSS","M","$","?","M","?","R","?","R","T","E"],"build_version":"2019-07-17","purchased_purges":3,"victory":false,"max_hp_per_floor":[88,88,88,88,88,88,88,88,88,88,88,88,88,88,88,88,88,88,88,88,88,88,88,88,88,88,88,88,88,88,88,88,88,88,88,88,88,88,88,88,88,88,88,88],"card_choices":[{"not_picked":["Power Through","Disarm"],"picked":"Metallicize","floor":1},{"not_picked":["Anger","True Grit"],"picked":"Spot Weakness","floor":2},{"not_picked":["Bloodletting","Body Slam"],"picked":"Shrug It Off","floor":7},{"not_picked":["Wild Strike","Cleave"],"picked":"Whirlwind","floor":12},{"not_picked":["Dropkick","Warcry"],"picked":"Thunderclap","floor":13},{"not_picked":["Demon Form","Juggernaut"],"picked":"Immolate","floor":16},{"not_picked":["Headbutt+1","Clothesline"],"picked":"Entrench","floor":18},{"not_picked":["Pummel","Intimidate"],"picked":"Armaments","floor":20},{"not_picked":["Sword Boomerang","Thunderclap"],"picked":"Heavy Blade","floor":22},{"not_picked":["Dual Wield+1","Immolate"],"picked":"Inflame","floor":24},{"not_picked":["Pommel Strike","Shrug It Off"],"picked":"Thunderclap+1","floor":30},{"not_picked":["Dark Embrace","Juggernaut"],"picked":"Reaper","floor":33},{"not_picked":["Reckless Charge","Twin Strike+1"],"picked":"Headbutt","floor":35},{"not_picked":["Evolve","Twin Strike"],"picked":"Shrug It Off+1","floor":38},{"not_picked":["Metallicize","Intimidate+1"],"picked":"Spot Weakness+1","floor":39}],"player_experience":39662,"relics_obtained":[{"floor":9,"key":"Bronze Scales"},{"floor":24,"key":"Anchor"},{"floor":26,"key":"Oddly Smooth Stone"},{"floor":42,"key":"Mercury Hourglass"},{"floor":43,"key":"Ancient Tea Set"}],"event_choices":[{"damage_healed":0,"gold_gain":0,"player_choice":"Entered Light","damage_taken":18,"max_hp_gain":0,"max_hp_loss":0,"event_name":"Shining Light","floor":3,"gold_loss":0,"cards_upgraded":["Defend_R","Spot Weakness"]},{"damage_healed":22,"gold_gain":0,"player_choice":"Healed","damage_taken":0,"max_hp_gain":0,"max_hp_loss":0,"event_name":"The Cleric","floor":4,"gold_loss":35},{"damage_healed":0,"gold_gain":0,"player_choice":"Success","damage_taken":7,"relics_obtained":["Boot"],"max_hp_gain":0,"max_hp_loss":0,"event_name":"Scrap Ooze","floor":5,"gold_loss":0},{"damage_healed":0,"gold_gain":0,"player_choice":"Opened","damage_taken":0,"relics_obtained":["Shovel"],"max_hp_gain":0,"max_hp_loss":0,"event_name":"The Mausoleum","floor":19,"gold_loss":0},{"damage_healed":0,"gold_gain":0,"player_choice":"Obtained Relic","damage_taken":0,"relics_obtained":["Centennial Puzzle"],"max_hp_gain":0,"max_hp_loss":0,"event_name":"Addict","floor":21,"gold_loss":85},{"damage_healed":0,"gold_gain":0,"player_choice":"Read","damage_taken":0,"max_hp_gain":0,"max_hp_loss":0,"event_name":"The Library","floor":25,"gold_loss":0,"cards_obtained":["Spot Weakness"]},{"damage_healed":0,"gold_gain":100,"player_choice":"Pray","damage_taken":0,"max_hp_gain":0,"max_hp_loss":0,"event_name":"Golden Shrine","floor":31,"gold_loss":0},{"damage_healed":11,"gold_gain":0,"player_choice":"Full Heal","damage_taken":0,"max_hp_gain":0,"max_hp_loss":0,"event_name":"Wheel of Change","floor":37,"gold_loss":0},{"damage_healed":0,"gold_gain":0,"player_choice":"2 cards matched","damage_taken":0,"max_hp_gain":0,"max_hp_loss":0,"event_name":"Match and Keep!","floor":41,"gold_loss":0,"cards_obtained":["Anger","Second Wind"]}],"is_beta":false,"boss_relics":[{"not_picked":["Fusion Hammer","Busted Crown"],"picked":"Snecko Eye"},{"not_picked":["Cursed Key","Runic Dome"],"picked":"Eternal Feather"}],"items_purged_floors":[11,28,36],"is_endless":false,"potions_floor_spawned":[1,7,13,16,20,22,30,38],"killed_by":"Giant Head","ascension_level":0}