{"gold_per_floor":[414,38,49,65,78,104,104,118,118,118,133,133,153,163,163,261,261,275,294,310,28,28,28,58,77,77,77,77,91,105,124,124,227,227,240,240,294,310,328,328,328,75,121,145,157,391,403,450,462,474],"floor_reached":51,"playtime":2117,"items_purged":["Doubt"],"score":733,"play_id":"fe6fba26-3da3-491b-8b20-47d2a94413de","local_time":"20181018233714","is_ascension_mode":false,"campfire_choices":[{"data":"Zap","floor":7.0,"key":"SMITH"},{"data":"Creative AI","floor":10.0,"key":"SMITH"},{"data":"Streamline","floor":12.0,"key":"SMITH"},{"data":"Consume","floor":15.0,"key":"SMITH"},{"data":"Defragment","floor":23,"key":"SMITH"},{"data":"Seek","floor":28,"key":"SMITH"},{"floor":32,"key":"REST"},{"floor":40,"key":"REST"},{"floor":45,"key":"REST"},{"data":"Heatsinks","floor":47,"key":"SMITH"},{"floor":49,"key":"REST"}],"neow_cost":"CURSE","seed_source_timestamp":168938781866048,"circlet_count":0,"master_deck":["Strike_B","Strike_B","Strike_B","Strike_B","Defend_B","Defend_B","Defend_B","Defend_B","Zap+1","Dualcast","Streamline+1","Seek+1","Coolheaded","Go for the Eyes","Consume+1","Creative AI+1","Conserve Battery","Chill","Auto Shields","Machine Learning","Electrodynamics","Compile Driver","Storm+1","Hello World+1","Defragment+1","Chill","Hologram","Conserve Battery+1","Storm","Heatsinks+1","Buffer+1","Storm+1","Flash of Steel","Stack+1","Glacier+1","Leap","Defragment"],"special_seed":0,"relics":["Cracked Core","Old Coin","Oddly Smooth Stone","Centennial Puzzle","Question Card","Sozu","ClockworkSouvenir","Red Mask","Bottled Flame","Nuclear Battery","Dead Branch","Mummified Hand","MawBank","Potion Belt"],"potions_floor_usage":[50,50,50],"damage_taken":[{"damage":0.0,"enemies":"Cultist","floor":1.0,"turns":3.0},{"damage":2.0,"enemies":"2 Louse","floor":3.0,"turns":2.0},{"damage":0.0,"enemies":"Small Slimes","floor":4.0,"turns":3.0},{"damage":1.0,"enemies":"Looter","floor":5.0,"turns":3.0},{"damage":18.0,"enemies":"3 Sentries","floor":6.0,"turns":7.0},{"damage":2.0,"enemies":"3 Louse","floor":8.0,"turns":3.0},{"damage":4.0,"enemies":"Large Slime","floor":11.0,"turns":4.0},{"damage":2.0,"enemies":"2 Fungi Beasts","floor":13.0,"turns":4.0},{"damage":0.0,"enemies":"Looter","floor":14.0,"turns":3.0},{"damage":29.0,"enemies":"Hexaghost","floor":16.0,"turns":13.0},{"damage":0.0,"enemies":"Spheric Guardian","floor":18.0,"turns":5.0},{"damage":0.0,"enemies":"3 Byrds","floor":19.0,"turns":4.0},{"damage":2,"enemies":"3 Cultists","floor":20,"turns":3},{"damage":10,"enemies":"Masked Bandits","floor":24,"turns":2},{"damage":0,"enemies":"Snecko","floor":25,"turns":6},{"damage":9,"enemies":"Centurion and Healer","floor":29,"turns":3},{"damage":15,"enemies":"Snake Plant","floor":30,"turns":3},{"damage":2,"enemies":"Snecko","floor":31,"turns":4},{"damage":13,"enemies":"Automaton","floor":33,"turns":8},{"damage":0,"enemies":"Orb Walker","floor":35,"turns":3},{"damage":18,"enemies":"Mysterious Sphere","floor":37,"turns":3},{"damage":14,"enemies":"3 Shapes","floor":38,"turns":2},{"damage":20,"enemies":"3 Darklings","floor":39,"turns":2},{"damage":0,"enemies":"Maw","floor":44,"turns":5},{"damage":18,"enemies":"2 Orb Walkers","floor":48,"turns":3},{"damage":20,"enemies":"Donu and Deca","floor":50,"turns":4}],"seed_played":"4659347144265657680","potions_obtained":[{"floor":3.0,"key":"GamblersBrew"},{"floor":5.0,"key":"FocusPotion"},{"floor":6.0,"key":"Strength Potion"},{"floor":16.0,"key":"PowerPotion"}],"is_trial":false,"path_per_floor":["M","$","M","M","M","E","R","M","T","R","M","R","M","M","R","B",null,"M","M","M","$","?","R","?","M","T","$","R","M","M","M","R","B",null,"M","?","?","M","M","R","?","$","T","M","R","?","R","E","R","B"],"character_chosen":"DEFECT","items_purchased":["Seek","Oddly Smooth Stone","Defragment","ClockworkSouvenir","Mummified Hand"],"campfire_rested":4,"item_purchase_floors":[2,2,21,21,42],"current_hp_per_floor":[75,75,73,73,72,54,54,52,52,52,48,48,46,46,46,17,75,75,75,73,73,73,73,63,63,63,63,63,54,39,37,59,46,75,75,75,57,43,23,45,45,45,45,45,67,67,67,49,71,51],"gold":486,"neow_bonus":"ONE_RARE_RELIC","is_prod":false,"is_daily":false,"chose_seed":false,"campfire_upgraded":7,"win_rate":0,"timestamp":1539873434,"path_taken":["M","$","M","M","M","E","R","M","T","R","M","R","?","M","R","BOSS","M","M","M","$","?","R","?","M","T","$","R","M","M","M","R","BOSS","M","?","?","M","M","R","?","$","T","M","R","?","R","E","R","BOSS"],"build_version":"2018-10-11","purchased_purges":1,"victory":true,"max_hp_per_floor":[75,75,75,75,75,75,75,75,75,75,75,75,75,75,75,75,75,75,75,75,75,75,75,75,75,75,75,75,75,75,75,75,75,75,75,75,75,75,75,75,75,75,75,75,75,75,75,75,75,75],"card_choices":[{"not_picked":["Redo","Capacitor"],"picked":"Streamline","floor":1.0},{"not_picked":["Consume","Hologram"],"picked":"Coolheaded","floor":3.0},{"not_picked":["Force Field","Fusion"],"picked":"Go for the Eyes","floor":4.0},{"not_picked":["Redo","Compile Driver"],"picked":"Consume","floor":5.0},{"not_picked":["Compile Driver","Hologram"],"picked":"Creative AI","floor":6.0},{"not_picked":["Coolheaded","Go for the Eyes"],"picked":"Conserve Battery","floor":8.0},{"not_picked":["Stack","Consume","Rebound"],"picked":"Chill","floor":11.0},{"not_picked":["Gash","Scrape","Rebound"],"picked":"Auto Shields","floor":13.0},{"not_picked":["Hologram","Skim","Redo"],"picked":"Machine Learning","floor":14.0},{"not_picked":["Reboot","Core Surge","Hyperbeam"],"picked":"Electrodynamics","floor":16.0},{"not_picked":["Conserve Battery","Gash","Sweeping Beam+1"],"picked":"Compile Driver","floor":18.0},{"not_picked":["Gash","Streamline+1","Ball Lightning"],"picked":"Storm+1","floor":19.0},{"not_picked":["Compile Driver","Heatsinks","Undo+1"],"picked":"Hello World+1","floor":20},{"not_picked":["All For One","Streamline+1","Redo"],"picked":"Chill","floor":24},{"not_picked":["Rebound","White Noise","Streamline"],"picked":"Hologram","floor":25},{"not_picked":["Genetic Algorithm","Hello World+1","Steam"],"picked":"Conserve Battery+1","floor":29},{"not_picked":["Skim+1","Rebound","Ball Lightning+1"],"picked":"Storm","floor":30},{"not_picked":["Steam Power","Tempest+1","Beam Cell"],"picked":"Heatsinks","floor":31},{"not_picked":["Electrodynamics","Fission","Multi-Cast"],"picked":"Buffer","floor":33},{"not_picked":["Streamline+1","Leap","Beam Cell"],"picked":"Storm+1","floor":35},{"not_picked":["Mind Blast","Dark Shackles","Madness"],"picked":"Flash of Steel","floor":36},{"not_picked":["Leap+1","Hyperbeam","Sweeping Beam+1"],"picked":"Stack+1","floor":38},{"not_picked":["Compile Driver+1","Fusion","Sunder"],"picked":"Glacier+1","floor":39},{"not_picked":["Rebound","Darkness","Barrage+1"],"picked":"Leap","floor":44},{"not_picked":["Chaos+1","Lockon+1","Consume+1"],"picked":"Defragment","floor":48}],"player_experience":279286,"relics_obtained":[{"floor":6.0,"key":"Centennial Puzzle"},{"floor":9.0,"key":"Question Card"},{"floor":24,"key":"Red Mask"},{"floor":26,"key":"Bottled Flame"},{"floor":37,"key":"Dead Branch"},{"floor":43,"key":"MawBank"},{"floor":48,"key":"Potion Belt"}],"event_choices":[{"event_name":"Ghosts","player_choice":"Ignored","floor":22,"damage_taken":0},{"event_name":"Masked Bandits","player_choice":"Fought Bandits","floor":24,"damage_taken":0},{"event_name":"SensoryStone","player_choice":"Memory 1","floor":36,"damage_taken":0},{"event_name":"Mysterious Sphere","player_choice":"Fight","floor":37,"damage_taken":0},{"event_name":"Upgrade Shrine","player_choice":"Upgraded","floor":41,"damage_taken":0},{"event_name":"Tomb of Lord Red Mask","player_choice":"Wore Mask","floor":46,"damage_taken":0}],"is_beta":false,"boss_relics":[{"not_picked":["Pandora\u0027s Box","Coffee Dripper"],"picked":"Sozu"},{"not_picked":["White Beast Statue","Philosopher\u0027s Stone"],"picked":"Nuclear Battery"}],"items_purged_floors":[2],"is_endless":false,"potions_floor_spawned":[3,5,6,8,13,14,16,18,19,20,29,30,33,37,44,48],"ascension_level":0}