{"gold_per_floor":[117,40,50,50,68,68,100,117,117,47,47],"floor_reached":11,"playtime":354,"items_purged":[],"score":73,"play_id":"14f4f932-3b21-4222-81a8-af5a4f4c04b4","local_time":"20190831125306","is_ascension_mode":false,"campfire_choices":[{"data":"Zap","floor":6,"key":"SMITH"}],"neow_cost":"NONE","seed_source_timestamp":1518070420249334,"circlet_count":0,"master_deck":["Strike_B","Strike_B","Defend_B","Defend_B","Defend_B","Defend_B","Zap+1","Dualcast","Consume","Defragment","Capacitor","Conserve Battery","Auto Shields","Conserve Battery","White Noise","Amplify+1"],"relics":["Cracked Core","Dream Catcher","Toxic Egg 2"],"potions_floor_usage":[],"damage_taken":[{"damage":6,"enemies":"Cultist","floor":1,"turns":4},{"damage":8,"enemies":"Jaw Worm","floor":3,"turns":3},{"damage":13,"enemies":"2 Louse","floor":5,"turns":3},{"damage":3,"enemies":"Lagavulin","floor":7,"turns":7},{"damage":9,"enemies":"Large Slime","floor":8,"turns":4},{"damage":37,"enemies":"Gremlin Nob","floor":11,"turns":3}],"seed_played":"-2298112925444405734","potions_obtained":[{"floor":1,"key":"Poison Potion"},{"floor":3,"key":"Fire Potion"},{"floor":7,"key":"Ancient Potion"}],"is_trial":false,"path_per_floor":["M","$","M","?","M","R","E","M","T","$","E"],"character_chosen":"DEFECT","items_purchased":["Capacitor","Amplify+1"],"campfire_rested":0,"item_purchase_floors":[2,10],"current_hp_per_floor":[69,69,61,54,41,41,38,29,29,29,0],"gold":47,"neow_bonus":"TRANSFORM_CARD","is_prod":false,"is_daily":false,"chose_seed":false,"campfire_upgraded":1,"win_rate":0.0,"timestamp":1567248786,"path_taken":["M","$","M","?","M","R","E","M","T","$","E"],"build_version":"2019-07-17","purchased_purges":0,"victory":false,"max_hp_per_floor":[75,75,75,75,75,75,75,75,75,75,75],"card_choices":[{"not_picked":["Hello World","Steam Power"],"picked":"Defragment","floor":1},{"not_picked":["Redo","Beam Cell"],"picked":"Conserve Battery","floor":3},{"not_picked":["Turbo","Steam"],"picked":"Auto Shields","floor":5},{"not_picked":["Rip and Tear","Cold Snap"],"picked":"Conserve Battery","floor":7},{"not_picked":["Leap","Go for the Eyes"],"picked":"White Noise","floor":8}],"player_experience":96576,"relics_obtained":[{"floor":7,"key":"Dream Catcher"},{"floor":9,"key":"Toxic Egg 2"}],"event_choices":[{"cards_removed":["Strike_B"],"damage_healed":0,"gold_gain":0,"player_choice":"Card Removal","damage_taken":7,"max_hp_gain":0,"max_hp_loss":0,"event_name":"Golden Wing","floor":4,"gold_loss":0}],"is_beta":false,"boss_relics":[],"items_purged_floors":[],"is_endless":false,"potions_floor_spawned":[1,3,7],"killed_by":"Gremlin Nob","ascension_level":0}