{"gold_per_floor":[114,114,128,144,162,162,59,59,109,142,158,158,13,26,26,125,125,145,59,70,86,97,97,47,59,83,83,83,33,51,66,66,167,167,185,201,201,201,126,126,142,142,190,190,209,222,222,238,238,238],"floor_reached":51,"playtime":3266,"items_purged":["Strike_R","Strike_R","Strike_R","Pain","Strike_R"],"score":653,"play_id":"543da8bb-f109-44a1-9457-53edb4414dcb","local_time":"20181019203233","is_ascension_mode":false,"campfire_choices":[{"data":"Bash","floor":6.0,"key":"SMITH"},{"data":"Armaments","floor":12.0,"key":"SMITH"},{"data":"Body Slam","floor":15.0,"key":"SMITH"},{"data":"True Grit","floor":23.0,"key":"SMITH"},{"data":"Whirlwind","floor":27.0,"key":"SMITH"},{"floor":32.0,"key":"REST"},{"data":"Dark Embrace","floor":40.0,"key":"SMITH"},{"floor":42,"key":"REST"},{"data":"Corruption","floor":47,"key":"SMITH"},{"floor":49,"key":"REST"}],"neow_cost":"NONE","seed_source_timestamp":243061053319464,"circlet_count":0,"master_deck":["Defend_R","Defend_R","Defend_R","Defend_R","Bash+1","Iron Wave","Shrug It Off","Battle Trance","Armaments+1","True Grit+1","True Grit","Offering","Pommel Strike","Body Slam+1","Immolate","Flame Barrier","Whirlwind+1","Seeing Red","Dark Embrace+1","Feel No Pain","Evolve+1","Shrug It Off","Feel No Pain","Rampage+1","Demon Form","Sentinel","Shrug It Off","Blind","Corruption+1"],"special_seed":0,"relics":["Burning Blood","Smiling Mask","Regal Pillow","Happy Flower","Vajra","Orrery","Strawberry","WarpedTongs","Mark of Pain","Gambling Chip","Dream Catcher"],"potions_floor_usage":[50,50,50],"damage_taken":[{"damage":0.0,"enemies":"Small Slimes","floor":1.0,"turns":3.0},{"damage":5.0,"enemies":"2 Louse","floor":3.0,"turns":3.0},{"damage":1.0,"enemies":"Cultist","floor":4.0,"turns":3.0},{"damage":1.0,"enemies":"2 Fungi Beasts","floor":5.0,"turns":4.0},{"damage":12.0,"enemies":"Lagavulin","floor":10.0,"turns":8.0},{"damage":18.0,"enemies":"Exordium Thugs","floor":11.0,"turns":6.0},{"damage":6.0,"enemies":"Red Slaver","floor":14.0,"turns":3.0},{"damage":41.0,"enemies":"Hexaghost","floor":16.0,"turns":12.0},{"damage":11.0,"enemies":"Chosen","floor":18.0,"turns":3.0},{"damage":12.0,"enemies":"Spheric Guardian","floor":20.0,"turns":5.0},{"damage":29.0,"enemies":"Snake Plant","floor":21.0,"turns":5.0},{"damage":7.0,"enemies":"Centurion and Healer","floor":22.0,"turns":9.0},{"damage":23.0,"enemies":"Shelled Parasite and Fungi","floor":25.0,"turns":7.0},{"damage":9.0,"enemies":"Snake Plant","floor":30.0,"turns":4.0},{"damage":6.0,"enemies":"Cultist and Chosen","floor":31.0,"turns":7.0},{"damage":40.0,"enemies":"Champ","floor":33.0,"turns":18.0},{"damage":0.0,"enemies":"Orb Walker","floor":35.0,"turns":3.0},{"damage":17.0,"enemies":"3 Darklings","floor":36.0,"turns":6.0},{"damage":7.0,"enemies":"Mind Bloom Boss Battle","floor":37.0,"turns":8.0},{"damage":37,"enemies":"Writhing Mass","floor":41,"turns":7},{"damage":0,"enemies":"Spire Growth","floor":45,"turns":7},{"damage":38,"enemies":"3 Darklings","floor":46,"turns":3},{"damage":6,"enemies":"Writhing Mass","floor":48,"turns":2},{"damage":64,"enemies":"Time Eater","floor":50,"turns":8}],"seed_played":"6897536446962634247","potions_obtained":[{"floor":1.0,"key":"FearPotion"},{"floor":3.0,"key":"BloodPotion"},{"floor":10.0,"key":"Energy Potion"},{"floor":18.0,"key":"Poison Potion"},{"floor":25.0,"key":"BloodPotion"},{"floor":30.0,"key":"AttackPotion"},{"floor":33.0,"key":"Block Potion"},{"floor":46,"key":"Block Potion"}],"is_trial":false,"path_per_floor":["M","?","M","M","M","R","$","?","T","E","M","R","$","M","R","B",null,"M","$","M","M","M","R","$","M","T","R","?","$","M","M","R","B",null,"M","M","?","?","$","R","M","R","T","?","M","M","R","M","R","B"],"character_chosen":"IRONCLAD","items_purchased":["True Grit","Vajra","Feel No Pain","Shrug It Off"],"campfire_rested":3,"item_purchase_floors":[7,13,19,39],"current_hp_per_floor":[80,77,78,80,80,80,80,85,85,79,67,67,67,67,67,32,85,80,80,74,51,50,50,50,33,40,40,40,40,46,46,88,54,92,92,81,80,80,80,80,49,91,91,91,92,60,60,60,92,34],"gold":238,"neow_bonus":"THREE_CARDS","is_prod":false,"is_daily":false,"chose_seed":false,"campfire_upgraded":7,"win_rate":0,"timestamp":1539948753,"path_taken":["M","?","M","M","M","R","$","?","T","E","M","R","$","M","R","BOSS","M","$","M","M","M","R","$","M","T","R","?","?","?","?","R","BOSS","M","M","?","?","$","R","M","R","T","?","M","M","R","M","R","BOSS"],"build_version":"2018-10-18","purchased_purges":5,"victory":true,"max_hp_per_floor":[80,80,80,80,80,80,80,85,85,85,85,85,85,85,85,85,85,85,85,85,85,85,85,85,85,92,92,92,92,92,92,92,92,92,92,92,92,92,92,92,92,92,92,92,92,92,92,92,92,92],"card_choices":[{"not_picked":["Seeing Red","Spot Weakness"],"picked":"Iron Wave","floor":0.0},{"not_picked":["Flex","Pommel Strike"],"picked":"Shrug It Off","floor":1.0},{"not_picked":["Clash","Perfected Strike"],"picked":"Battle Trance","floor":3.0},{"not_picked":["Seeing Red","Heavy Blade"],"picked":"Armaments","floor":4.0},{"not_picked":["Rage","Armaments"],"picked":"True Grit","floor":5.0},{"not_picked":["Dual Wield","Battle Trance"],"picked":"Offering","floor":10.0},{"not_picked":["Iron Wave","Flex"],"picked":"Pommel Strike","floor":11.0},{"not_picked":["Power Through","Iron Wave"],"picked":"Body Slam","floor":14.0},{"not_picked":["Feed","Exhume"],"picked":"Immolate","floor":16.0},{"not_picked":["Twin Strike","Corruption"],"picked":"Flame Barrier","floor":17.0},{"not_picked":["Pommel Strike","Heavy Blade"],"picked":"Whirlwind","floor":17.0},{"not_picked":["Twin Strike","Anger"],"picked":"Seeing Red","floor":17.0},{"not_picked":["Sword Boomerang","Havoc+1"],"picked":"Dark Embrace","floor":18.0},{"not_picked":["Heavy Blade","Shockwave"],"picked":"Evolve+1","floor":20.0},{"not_picked":["Sentinel","Warcry"],"picked":"Shrug It Off","floor":21.0},{"not_picked":["Corruption","Warcry"],"picked":"Feel No Pain","floor":22.0},{"not_picked":["Headbutt","Armaments","Entrench"],"picked":"SKIP","floor":25.0},{"not_picked":["Dual Wield","Anger"],"picked":"Rampage+1","floor":30.0},{"not_picked":["Seeing Red","Blood for Blood","Iron Wave+1"],"picked":"SKIP","floor":31.0},{"not_picked":["Berserk","Immolate"],"picked":"Demon Form","floor":33.0},{"not_picked":["Perfected Strike+1","Iron Wave","Body Slam"],"picked":"SKIP","floor":35.0},{"not_picked":["Body Slam+1","Sever Soul"],"picked":"Sentinel","floor":36.0},{"not_picked":["Body Slam","Iron Wave","Thunderclap"],"picked":"SKIP","floor":41},{"not_picked":["Good Instincts","Panache"],"picked":"Blind","floor":44},{"not_picked":["True Grit","Twin Strike+1"],"picked":"Corruption","floor":45},{"not_picked":["Iron Wave+1","Shrug It Off","Body Slam"],"picked":"SKIP","floor":46},{"not_picked":["Thunderclap","Armaments","Metallicize"],"picked":"SKIP","floor":48}],"player_experience":281403,"relics_obtained":[{"floor":9.0,"key":"Regal Pillow"},{"floor":10.0,"key":"Happy Flower"},{"floor":26.0,"key":"Strawberry"},{"floor":37.0,"key":"Gambling Chip"},{"floor":43,"key":"Dream Catcher"}],"event_choices":[{"damage_healed":0.0,"max_hp_gain":0.0,"max_hp_loss":0.0,"gold_gain":0.0,"event_name":"Scrap Ooze","player_choice":"Success","floor":2.0,"gold_loss":0.0,"damage_taken":3.0,"relics_obtained":["Smiling Mask"]},{"damage_healed":0.0,"max_hp_gain":5.0,"max_hp_loss":0.0,"gold_gain":0.0,"event_name":"Big Fish","player_choice":"Donut","floor":8.0,"gold_loss":0.0,"damage_taken":0.0},{"damage_healed":0.0,"max_hp_gain":0.0,"max_hp_loss":0.0,"gold_gain":0.0,"event_name":"Accursed Blacksmith","player_choice":"Rummage","floor":28.0,"gold_loss":0.0,"damage_taken":0.0,"relics_obtained":["WarpedTongs"],"cards_obtained":["Pain"]},{"damage_healed":0.0,"max_hp_gain":0.0,"max_hp_loss":0.0,"gold_gain":0.0,"event_name":"MindBloom","player_choice":"Fight","floor":37.0,"gold_loss":0.0,"damage_taken":0.0},{"cards_removed":["Strike_R"],"damage_healed":0.0,"max_hp_gain":0.0,"max_hp_loss":0.0,"gold_gain":0.0,"event_name":"Falling","player_choice":"Removed Attack","floor":38.0,"gold_loss":0.0,"damage_taken":0.0},{"damage_healed":0,"gold_gain":0,"player_choice":"Memory 1","damage_taken":0,"max_hp_gain":0,"max_hp_loss":0,"event_name":"SensoryStone","floor":44,"gold_loss":0}],"is_beta":false,"boss_relics":[{"not_picked":["Black Star","Lizard Tail"],"picked":"Orrery"},{"not_picked":["Calling Bell","Runic Cube"],"picked":"Mark of Pain"}],"items_purged_floors":[7,19,24,29,39],"is_endless":false,"potions_floor_spawned":[1,3,10,16,18,21,25,30,33,35,37,41,46],"ascension_level":0}