{"gold_per_floor":[113,125,53,66,76,76,27,27,27,27,58,58,77,77,77,174,174,191,42,42,132,132,132,132,132,132,132,54,54,72,90,90,185,185,202,202,221,75,75,85,85,96,122,138,153,163,38,49,49,49],"floor_reached":51,"playtime":2776,"items_purged":["Strike_B","Strike_B","Self Repair+1"],"score":647,"play_id":"6817aac6-af89-4eed-aec0-3f79e977295a","local_time":"20180921234552","is_ascension_mode":false,"campfire_choices":[{"data":"Self Repair","floor":6,"key":"SMITH"},{"data":"Streamline","floor":10,"key":"SMITH"},{"data":"Capacitor","floor":15,"key":"SMITH"},{"data":"Self Repair","floor":23,"key":"SMITH"},{"data":"Heatsinks","floor":25,"key":"SMITH"},{"data":"Coolheaded","floor":27,"key":"SMITH"},{"data":"Gash","floor":32,"key":"SMITH"},{"data":"Conserve Battery","floor":41,"key":"SMITH"},{"data":"Glacier","floor":49,"key":"SMITH"}],"neow_cost":"NONE","seed_source_timestamp":12886259294317,"circlet_count":0,"master_deck":["Defend_B","Defend_B","Zap+1","Dualcast","Streamline+1","Self Repair+1","Chill","Capacitor+1","Coolheaded+1","Steam","Cold Snap","Echo Form","Glacier+1","Heatsinks+1","Trip","Finesse","Swift Strike","Double Energy","Static Discharge","Conserve Battery+1","Gash+1","Creative AI","Cold Snap+1","Blizzard+1","Go for the Eyes","Chill+1","Go for the Eyes+1","Hologram+1","Glacier+1","Gash","Barrage"],"relics":["Cracked Core","Dream Catcher","Mummified Hand","Bottled Tornado","CultistMask","Sozu","Kunai","Inserter","Anchor"],"potions_floor_usage":[16],"damage_taken":[{"damage":8,"enemies":"2 Louse","floor":1,"turns":2},{"damage":0,"enemies":"Cultist","floor":2,"turns":3},{"damage":0,"enemies":"Small Slimes","floor":4,"turns":4},{"damage":1,"enemies":"2 Fungi Beasts","floor":5,"turns":4},{"damage":40,"enemies":"Gremlin Nob","floor":11,"turns":5},{"damage":5,"enemies":"Exordium Wildlife","floor":13,"turns":3},{"damage":32,"enemies":"Hexaghost","floor":16,"turns":11},{"damage":17,"enemies":"Spheric Guardian","floor":18,"turns":4},{"damage":0,"enemies":"3 Byrds","floor":30,"turns":7},{"damage":21,"enemies":"Snake Plant","floor":31,"turns":5},{"damage":16,"enemies":"Champ","floor":33,"turns":13},{"damage":30,"enemies":"3 Darklings","floor":35,"turns":6},{"damage":2,"enemies":"Orb Walker","floor":37,"turns":5},{"damage":27,"enemies":"Transient","floor":40,"turns":5},{"damage":33,"enemies":"Spire Growth","floor":42,"turns":6},{"damage":0,"enemies":"3 Darklings","floor":44,"turns":4},{"damage":0,"enemies":"Maw","floor":45,"turns":7},{"damage":10,"enemies":"Reptomancer","floor":46,"turns":5},{"damage":5,"enemies":"3 Darklings","floor":48,"turns":7},{"damage":22,"enemies":"Awakened One","floor":50,"turns":14}],"seed_played":"-5035829908246881185","potions_obtained":[{"floor":5,"key":"FearPotion"},{"floor":11,"key":"FearPotion"},{"floor":16,"key":"GamblersBrew"}],"is_trial":false,"path_per_floor":["M","M","$","M","M","R","$","?","T","R","E","?","M","?","R","B",null,"M","$","?","?","?","R","?","R","T","R","$","?","M","M","R","B",null,"M","?","M","$","?","M","R","M","T","M","M","M","$","M","R","B"],"character_chosen":"DEFECT","items_purchased":["Self Repair","Coolheaded","Heatsinks","Static Discharge","Go for the Eyes"],"campfire_rested":0,"item_purchase_floors":[3,7,19,28,38],"current_hp_per_floor":[67,67,67,75,75,75,75,75,75,75,52,52,64,64,64,49,75,75,75,75,40,40,40,40,40,40,40,40,40,60,59,59,63,75,75,75,75,75,75,68,68,65,65,75,75,75,75,75,75,63],"gold":49,"neow_bonus":"RANDOM_COMMON_RELIC","is_prod":false,"is_daily":false,"chose_seed":false,"campfire_upgraded":9,"win_rate":1,"timestamp":1537541152,"path_taken":["M","M","$","M","M","R","$","?","T","R","E","?","?","?","R","BOSS","M","$","?","?","?","R","?","R","T","R","$","?","?","M","R","BOSS","M","?","M","$","?","M","R","M","T","?","M","M","$","M","R","BOSS"],"build_version":"2018-09-20","purchased_purges":3,"victory":true,"max_hp_per_floor":[75,75,75,75,75,75,75,75,75,75,75,75,75,75,75,75,75,75,75,75,75,75,75,75,75,75,75,75,75,75,75,75,75,75,75,75,75,75,75,75,75,75,75,75,75,75,75,75,75,75],"card_choices":[{"not_picked":["Melter","Blizzard"],"picked":"Streamline","floor":1},{"not_picked":["BootSequence","Go for the Eyes"],"picked":"Self Repair","floor":2},{"not_picked":["Steam","Static Discharge"],"picked":"Chill","floor":4},{"not_picked":["Streamline","Beam Cell"],"picked":"Capacitor","floor":5},{"not_picked":["Hologram","Barrage"],"picked":"Steam","floor":11},{"not_picked":["Rainbow","Redo"],"picked":"Cold Snap","floor":13},{"not_picked":["Seek","Reboot"],"picked":"Echo Form","floor":16},{"not_picked":["Double Energy","Sweeping Beam+1"],"picked":"Glacier+1","floor":18},{"not_picked":["Self Repair","Genetic Algorithm+1"],"picked":"Conserve Battery","floor":30},{"not_picked":["Rebound","Barrage"],"picked":"Gash","floor":31},{"not_picked":["All For One","Thunder Strike"],"picked":"Creative AI","floor":33},{"not_picked":["Leap","Ball Lightning+1"],"picked":"Cold Snap+1","floor":35},{"not_picked":["Compile Driver","White Noise"],"picked":"Blizzard+1","floor":37},{"not_picked":["Reprogram","Hologram"],"picked":"Chill+1","floor":40},{"not_picked":["Steam+1","Rebound+1"],"picked":"Go for the Eyes+1","floor":42},{"not_picked":["Steam+1","Go for the Eyes"],"picked":"Hologram+1","floor":44},{"not_picked":["Beam Cell","Sweeping Beam+1"],"picked":"Glacier","floor":45},{"not_picked":["Reprogram","Chill"],"picked":"Gash","floor":46},{"not_picked":["Compile Driver","Tempest"],"picked":"Barrage","floor":48}],"player_experience":16826,"relics_obtained":[{"floor":9,"key":"Mummified Hand"},{"floor":11,"key":"Bottled Tornado"},{"floor":26,"key":"Kunai"},{"floor":43,"key":"Anchor"}],"event_choices":[{"event_name":"Purifier","player_choice":"One Purge","floor":8,"damage_taken":0},{"event_name":"Living Wall","player_choice":"Grow","floor":12,"damage_taken":0},{"event_name":"FaceTrader","player_choice":"Trade","floor":14,"damage_taken":0},{"event_name":"Bonfire Elementals","player_choice":"BASIC","floor":20,"damage_taken":0},{"event_name":"Knowing Skull","player_choice":"CARD CARD CARD GOLD ","floor":21,"damage_taken":0},{"event_name":"Transmorgrifier","player_choice":"Transform","floor":22,"damage_taken":0},{"event_name":"Ghosts","player_choice":"Ignored","floor":24,"damage_taken":0},{"event_name":"Beggar","player_choice":"Ignored","floor":29,"damage_taken":0},{"event_name":"SensoryStone","player_choice":"Memory 1","floor":36,"damage_taken":0},{"event_name":"Falling","player_choice":"Removed Skill","floor":39,"damage_taken":0}],"is_beta":false,"boss_relics":[{"not_picked":["Fusion Hammer","Nuclear Battery"],"picked":"Sozu"},{"not_picked":["Runic Dome","FrozenCore"],"picked":"Inserter"}],"items_purged_floors":[19,38,47],"is_endless":false,"potions_floor_spawned":[5,11,16,30,33,35,42,45,48],"ascension_level":0}