{"gold_per_floor":[119,119,136,34,47,78,78,78,78,93,105,130,130,130,130,231,231,248,58,58,78,78,78,91,110,134,150,161,161,173,94,94,199,199,218,50,50,63,73,73,84,84,84,84,102,102,119,131,131,131],"floor_reached":51,"playtime":2932,"items_purged":["Strike_B"],"score":713,"play_id":"d2f13f8c-7c7c-4d0f-8ee3-b1ec50d0caad","local_time":"20180924214331","is_ascension_mode":false,"campfire_choices":[{"data":"Consume","floor":7.0,"key":"SMITH"},{"data":"Capacitor","floor":8.0,"key":"SMITH"},{"floor":15.0,"key":"REST"},{"data":"White Noise","floor":23,"key":"SMITH"},{"data":"Leap","floor":29,"key":"SMITH"},{"data":"Loop","floor":32,"key":"SMITH"},{"data":"Defragment","floor":40,"key":"SMITH"},{"data":"Stack","floor":42,"key":"SMITH"},{"floor":44,"key":"REST"},{"data":"Defend_B","floor":49,"key":"SMITH"}],"neow_cost":"NONE","seed_source_timestamp":264538852262774,"circlet_count":0,"master_deck":["Strike_B","Strike_B","Defend_B+1","Defend_B","Defend_B","Defend_B+1","Zap+1","Dualcast","Consume+1","White Noise+1","Capacitor+1","Stack+1","Cold Snap","Compile Driver","Melter","Leap+1","Stack+1","Chaos+1","Buffer+1","Discovery+1","Stack+1","Multi-Cast+1","Leap+1","Self Repair","Conserve Battery+1","Storm","Cold Snap","Loop+1","Defragment+1","Coolheaded+1","Leap+1","Skim+1","Coolheaded+1"],"special_seed":0,"relics":["Cracked Core","WingedGreaves","Gremlin Horn","Toxic Egg 2","Kunai","Busted Crown","Blood Vial","Runic Dome","Anchor","Calipers","Bottled Lightning"],"potions_floor_usage":[24,41,50,50],"damage_taken":[{"damage":0.0,"enemies":"Jaw Worm","floor":1.0,"turns":3.0},{"damage":1.0,"enemies":"Cultist","floor":3.0,"turns":3.0},{"damage":10.0,"enemies":"Small Slimes","floor":5.0,"turns":3.0},{"damage":6.0,"enemies":"Lagavulin","floor":6.0,"turns":7.0},{"damage":1.0,"enemies":"Exordium Thugs","floor":10.0,"turns":3.0},{"damage":1.0,"enemies":"Large Slime","floor":11.0,"turns":7.0},{"damage":18.0,"enemies":"Gremlin Nob","floor":12.0,"turns":4.0},{"damage":26.0,"enemies":"Hexaghost","floor":16.0,"turns":8.0},{"damage":1.0,"enemies":"Shell Parasite","floor":18.0,"turns":6.0},{"damage":0,"enemies":"Spheric Guardian","floor":21,"turns":2},{"damage":11,"enemies":"Centurion and Healer","floor":24,"turns":8},{"damage":8,"enemies":"Shelled Parasite and Fungi","floor":25,"turns":5},{"damage":0,"enemies":"Snake Plant","floor":27,"turns":4},{"damage":0,"enemies":"Sentry and Sphere","floor":28,"turns":3},{"damage":0,"enemies":"Centurion and Healer","floor":30,"turns":5},{"damage":0,"enemies":"Champ","floor":33,"turns":9},{"damage":0,"enemies":"3 Shapes","floor":35,"turns":5},{"damage":19,"enemies":"Mind Bloom Boss Battle","floor":37,"turns":6},{"damage":15,"enemies":"3 Darklings","floor":38,"turns":5},{"damage":1,"enemies":"Transient","floor":39,"turns":5},{"damage":15,"enemies":"4 Shapes","floor":41,"turns":4},{"damage":0,"enemies":"Spire Growth","floor":45,"turns":6},{"damage":0,"enemies":"Maw","floor":47,"turns":10},{"damage":8,"enemies":"Reptomancer","floor":48,"turns":6},{"damage":7,"enemies":"Time Eater","floor":50,"turns":16}],"seed_played":"-8713731966958228960","potions_obtained":[{"floor":1.0,"key":"SkillPotion"},{"floor":3.0,"key":"SteroidPotion"},{"floor":5.0,"key":"Fire Potion"},{"floor":10.0,"key":"Dexterity Potion"},{"floor":18.0,"key":"Fire Potion"},{"floor":21,"key":"LiquidBronze"},{"floor":30,"key":"Swift Potion"},{"floor":47,"key":"SteroidPotion"}],"is_trial":false,"path_per_floor":["M","?","M","$","M","E","R","R","T","M","M","E","?","?","R","B",null,"M","$","?","M","?","R","M","M","T","M","M","R","M","$","R","B",null,"M","$","?","M","M","R","M","R","T","R","M","?","M","M","R","B"],"character_chosen":"DEFECT","items_purchased":["Capacitor","Stack","Leap+1","Self Repair","Loop","Coolheaded+1","Anchor"],"campfire_rested":2,"item_purchase_floors":[4,4,19,19,31,36,36],"current_hp_per_floor":[75,75,74,74,64,58,58,58,58,57,56,38,20,20,42,16,75,74,74,60,60,60,60,63,62,62,71,73,73,80,80,80,80,80,80,80,68,55,56,56,50,50,50,74,80,80,80,79,79,80],"gold":131,"neow_bonus":"UPGRADE_CARD","is_prod":false,"is_daily":false,"chose_seed":false,"campfire_upgraded":8,"win_rate":1,"timestamp":1537793011,"path_taken":["M","?","M","$","M","E","R","R","T","M","M","E","?","?","R","BOSS","M","$","?","M","?","R","M","M","T","M","M","R","M","?","R","BOSS","M","$","?","?","M","R","M","R","T","R","M","?","M","M","R","BOSS"],"build_version":"2018-09-20","purchased_purges":1,"victory":true,"max_hp_per_floor":[75,75,75,75,75,75,75,75,75,75,75,75,75,75,75,75,75,75,75,80,80,80,80,80,80,80,80,80,80,80,80,80,80,80,80,80,80,80,80,80,80,80,80,80,80,80,80,80,80,80],"card_choices":[{"not_picked":["Coolheaded","Turbo"],"picked":"Consume","floor":1.0},{"not_picked":["Barrage","Steam"],"picked":"White Noise","floor":3.0},{"not_picked":["Stack","Gash"],"picked":"Cold Snap","floor":5.0},{"not_picked":["Hyperbeam","Rebound"],"picked":"Compile Driver","floor":6.0},{"not_picked":["Barrage","Rip and Tear"],"picked":"Melter","floor":10.0},{"not_picked":["Conserve Battery","Cold Snap"],"picked":"Leap","floor":11.0},{"not_picked":["Ball Lightning","Self Repair"],"picked":"Stack","floor":12.0},{"not_picked":["Reboot+1","Biased Cognition"],"picked":"Multi-Cast+1","floor":16.0},{"not_picked":["Scrape"],"picked":"SKIP","floor":18.0},{"not_picked":[],"picked":"Conserve Battery+1","floor":21},{"not_picked":["Heatsinks"],"picked":"SKIP","floor":24},{"not_picked":[],"picked":"Storm","floor":25},{"not_picked":[],"picked":"Cold Snap","floor":27},{"not_picked":["Barrage"],"picked":"SKIP","floor":28},{"not_picked":["Heatsinks"],"picked":"SKIP","floor":30},{"not_picked":[],"picked":"Defragment","floor":35},{"not_picked":[],"picked":"Leap+1","floor":37},{"not_picked":["Ball Lightning+1"],"picked":"SKIP","floor":38},{"not_picked":[],"picked":"Skim+1","floor":39},{"not_picked":["Streamline+1"],"picked":"SKIP","floor":41},{"not_picked":[],"picked":"Coolheaded+1","floor":45},{"not_picked":["Gash"],"picked":"SKIP","floor":47},{"not_picked":["Lockon"],"picked":"SKIP","floor":48}],"player_experience":64925,"relics_obtained":[{"floor":6.0,"key":"WingedGreaves"},{"floor":9.0,"key":"Gremlin Horn"},{"floor":12.0,"key":"Toxic Egg 2"},{"floor":26,"key":"Blood Vial"},{"floor":37,"key":"Calipers"},{"floor":43,"key":"Bottled Lightning"}],"event_choices":[{"event_name":"Bonfire Elementals","player_choice":"BASIC","floor":2.0,"damage_taken":0.0},{"event_name":"Scrap Ooze","player_choice":"success","floor":13.0,"damage_taken":18.0},{"event_name":"Match and Keep!","player_choice":"4 cards matched","floor":14.0,"damage_taken":0.0},{"event_name":"Forgotten Altar","player_choice":"Shed Blood","floor":20,"damage_taken":0},{"event_name":"Upgrade Shrine","player_choice":"Upgraded","floor":22,"damage_taken":0},{"event_name":"MindBloom","player_choice":"Fight","floor":37,"damage_taken":0},{"event_name":"Accursed Blacksmith","player_choice":"Forge","floor":46,"damage_taken":0}],"is_beta":false,"boss_relics":[{"not_picked":["FrozenCore","Nuclear Battery"],"picked":"Busted Crown"},{"not_picked":["Tiny House","Snecko Eye"],"picked":"Runic Dome"}],"items_purged_floors":[19],"is_endless":false,"potions_floor_spawned":[1,3,5,10,18,21,30,33,38,39,47],"ascension_level":0}