{"gold_per_floor":[119,130,130,26,36,65,85,119],"floor_reached":8,"playtime":1871,"items_purged":[],"score":68,"play_id":"9252de17-254e-498a-9021-b26381d4dd25","local_time":"20190828231440","is_ascension_mode":false,"campfire_choices":[],"neow_cost":"NONE","seed_source_timestamp":1294644094507516,"circlet_count":0,"master_deck":["Strike_R","Strike_R","Strike_R","Strike_R","Strike_R","Defend_R","Defend_R","Defend_R","Defend_R","Bash","Fiend Fire","Corruption","Blood for Blood","Shrug It Off","Inflame","Blood for Blood","Ghostly Armor","Iron Wave"],"relics":["Burning Blood","Question Card","Dodecahedron"],"potions_floor_usage":[],"damage_taken":[{"damage":1,"enemies":"Cultist","floor":1,"turns":3},{"damage":0,"enemies":"Small Slimes","floor":2,"turns":4},{"damage":9,"enemies":"2 Louse","floor":5,"turns":3},{"damage":28,"enemies":"3 Sentries","floor":6,"turns":8},{"damage":4,"enemies":"Blue Slaver","floor":7,"turns":4},{"damage":34,"enemies":"Lagavulin","floor":8,"turns":7}],"seed_played":"1576308620591387578","potions_obtained":[{"floor":1,"key":"LiquidBronze"},{"floor":7,"key":"SteroidPotion"}],"is_trial":false,"path_per_floor":["M","M","?","$","M","E","M","E"],"character_chosen":"IRONCLAD","items_purchased":["Shrug It Off","Inflame"],"campfire_rested":0,"item_purchase_floors":[4,4],"current_hp_per_floor":[80,80,80,80,77,55,57,29],"gold":119,"neow_bonus":"ONE_RANDOM_RARE_CARD","is_prod":false,"is_daily":false,"chose_seed":false,"campfire_upgraded":0,"win_rate":0,"timestamp":1567026880,"path_taken":["M","M","?","$","M","E","M","E"],"build_version":"2019-07-17","purchased_purges":0,"victory":false,"max_hp_per_floor":[80,80,80,80,80,80,80,80],"card_choices":[{"not_picked":["Pummel","Searing Blow"],"picked":"Corruption","floor":1},{"not_picked":["True Grit","Thunderclap"],"picked":"Blood for Blood","floor":2},{"not_picked":["Armaments","Sword Boomerang"],"picked":"Blood for Blood","floor":5},{"not_picked":["Havoc","Perfected Strike"],"picked":"Ghostly Armor","floor":6},{"not_picked":["Headbutt","Pummel","Sentinel"],"picked":"Iron Wave","floor":7}],"player_experience":67343,"relics_obtained":[{"floor":6,"key":"Question Card"},{"floor":8,"key":"Dodecahedron"}],"event_choices":[{"damage_healed":0,"gold_gain":0,"player_choice":"Ignored","damage_taken":0,"max_hp_gain":0,"max_hp_loss":0,"event_name":"Liars Game","floor":3,"gold_loss":0}],"is_beta":false,"boss_relics":[],"items_purged_floors":[],"is_endless":false,"potions_floor_spawned":[1,7],"killed_by":"Lagavulin","ascension_level":0}