{"gold_per_floor":[117,292,310,3,15,49,49,67,112,128,156,106,106,120,120,216,216,234,509,223,223,239,266,266,295,295,309,309,327,327,62,62,167,167,181,191,191,191,205,205,225,245,245,245,17,43,58,72,72,72],"floor_reached":51,"playtime":2393,"items_purged":["Doubt","Regret","Strike_R"],"score":804,"play_id":"82654b9b-af74-4c2c-ba00-b94ed2f6c067","local_time":"20180930222938","is_ascension_mode":false,"campfire_choices":[{"data":"Bash","floor":7.0,"key":"SMITH"},{"data":"Armaments","floor":13.0,"key":"SMITH"},{"data":"True Grit","floor":15.0,"key":"SMITH"},{"data":"Disarm","floor":24.0,"key":"SMITH"},{"floor":32.0,"key":"REST"},{"data":"Whirlwind","floor":40,"key":"SMITH"},{"data":"1","floor":49,"key":"LIFT"}],"neow_cost":"NONE","seed_source_timestamp":17470650359841,"circlet_count":0,"master_deck":["Strike_R","Strike_R","Defend_R","Defend_R","Defend_R","Defend_R","Bash+1","Twin Strike","True Grit+1","Inflame","Sword Boomerang","Heavy Blade","Armaments+1","Body Slam","Disarm+1","Feed","Offering","Iron Wave","Shrug It Off","Seeing Red","Finesse","True Grit+1","Clothesline+1","Necronomicurse","Whirlwind+1","Shrug It Off","Reaper","Flex","Madness","Madness","Warcry","Battle Trance","Seeing Red+1","Flex+1"],"special_seed":0,"relics":["Burning Blood","Sling","Darkstone Periapt","Pen Nib","Vajra","Eternal Feather","Red Skull","Singing Bowl","Kunai","Necronomicon","Chemical X","Lizard Tail","Bottled Flame","Mercury Hourglass","Girya"],"potions_floor_usage":[39,39,39,50,50],"damage_taken":[{"damage":0.0,"enemies":"2 Louse","floor":1.0,"turns":3.0},{"damage":4.0,"enemies":"Small Slimes","floor":3.0,"turns":3.0},{"damage":6.0,"enemies":"Cultist","floor":5.0,"turns":3.0},{"damage":25.0,"enemies":"3 Sentries","floor":6.0,"turns":9.0},{"damage":10.0,"enemies":"Looter","floor":8.0,"turns":3.0},{"damage":0.0,"enemies":"Large Slime","floor":10.0,"turns":5.0},{"damage":9.0,"enemies":"Gremlin Nob","floor":11.0,"turns":3.0},{"damage":7.0,"enemies":"Blue Slaver","floor":14.0,"turns":3.0},{"damage":37.0,"enemies":"Hexaghost","floor":16.0,"turns":12.0},{"damage":26.0,"enemies":"2 Thieves","floor":18.0,"turns":4.0},{"damage":6.0,"enemies":"Chosen","floor":22.0,"turns":3.0},{"damage":38.0,"enemies":"Gremlin Leader","floor":23.0,"turns":6.0},{"damage":18.0,"enemies":"Book of Stabbing","floor":25.0,"turns":5.0},{"damage":18.0,"enemies":"Sentry and Sphere","floor":27.0,"turns":5.0},{"damage":6.0,"enemies":"3 Cultists","floor":29.0,"turns":3.0},{"damage":43.0,"enemies":"Collector","floor":33.0,"turns":4.0},{"damage":6,"enemies":"3 Darklings","floor":35,"turns":2},{"damage":7,"enemies":"3 Shapes","floor":36,"turns":12},{"damage":0,"enemies":"Sphere and 2 Shapes","floor":39,"turns":1},{"damage":20,"enemies":"Spire Growth","floor":41,"turns":3},{"damage":24,"enemies":"3 Darklings","floor":42,"turns":4},{"damage":20,"enemies":"Nemesis","floor":46,"turns":3},{"damage":9,"enemies":"Transient","floor":47,"turns":5},{"damage":32,"enemies":"Maw","floor":48,"turns":7},{"damage":106,"enemies":"Time Eater","floor":50,"turns":10}],"seed_played":"3999405261052389479","potions_obtained":[{"floor":3.0,"key":"Ancient Potion"},{"floor":8.0,"key":"FearPotion"},{"floor":10.0,"key":"EssenceOfSteel"},{"floor":14.0,"key":"Poison Potion"},{"floor":22.0,"key":"BloodPotion"},{"floor":29.0,"key":"Fire Potion"},{"floor":33.0,"key":"Swift Potion"},{"floor":37,"key":"Fruit Juice"},{"floor":37,"key":"EntropicBrew"},{"floor":42,"key":"Fire Potion"}],"is_trial":false,"path_per_floor":["M","?","M","$","M","E","R","M","T","M","E","?","R","M","R","B",null,"M","?","$","?","M","E","R","E","T","M","?","M","?","$","R","B",null,"M","M","?","?","M","R","M","M","T","T","$","E","M","M","R","B"],"character_chosen":"IRONCLAD","items_purchased":["Sling","Inflame","Shrug It Off","Seeing Red","Finesse","Chemical X","Shrug It Off","Dexterity Potion","Warcry","Dexterity Potion"],"campfire_rested":1,"item_purchase_floors":[4,4,20,20,20,31,31,31,45,45],"current_hp_per_floor":[80,80,80,80,80,61,61,57,57,63,60,60,60,59,59,31,83,63,69,69,69,72,49,61,54,54,47,37,39,39,39,87,50,110,110,114,114,100,113,122,110,94,94,94,94,80,77,87,105,21],"gold":72,"neow_bonus":"REMOVE_CARD","is_prod":false,"is_daily":false,"chose_seed":false,"campfire_upgraded":5,"win_rate":1,"timestamp":1538314178,"path_taken":["M","?","M","$","M","E","R","M","T","M","E","?","R","M","R","BOSS","M","?","$","?","M","E","R","E","T","?","?","M","?","$","R","BOSS","M","M","?","?","?","R","?","?","T","?","$","E","?","M","R","BOSS"],"build_version":"2018-09-27","purchased_purges":3,"victory":true,"max_hp_per_floor":[80,80,80,80,80,80,80,80,80,80,80,80,80,80,80,83,83,83,89,89,89,92,92,92,97,97,102,108,110,110,110,110,110,110,110,115,115,115,122,122,124,126,126,126,126,126,126,126,126,126],"card_choices":[{"not_picked":["Body Slam","Headbutt"],"picked":"Twin Strike","floor":1.0},{"not_picked":["Anger","Combust"],"picked":"True Grit","floor":3.0},{"not_picked":["Clash","Twin Strike"],"picked":"Sword Boomerang","floor":5.0},{"not_picked":["Twin Strike","Searing Blow"],"picked":"Heavy Blade","floor":6.0},{"not_picked":["Clash","Twin Strike"],"picked":"Armaments","floor":8.0},{"not_picked":["Iron Wave","Clothesline"],"picked":"Body Slam","floor":10.0},{"not_picked":["Feel No Pain","Pummel"],"picked":"Disarm","floor":11.0},{"not_picked":["Clothesline","Twin Strike"],"picked":"Feed","floor":14.0},{"not_picked":["Fiend Fire","Feed"],"picked":"Offering","floor":16.0},{"not_picked":["Perfected Strike","Power Through"],"picked":"Iron Wave","floor":18.0},{"not_picked":["Dual Wield","Headbutt+1","Reckless Charge"],"picked":"SKIP","floor":22.0},{"not_picked":["Heavy Blade","Sword Boomerang+1"],"picked":"Clothesline+1","floor":23.0},{"not_picked":["Headbutt","Perfected Strike","Twin Strike"],"picked":"Singing Bowl","floor":25.0},{"not_picked":["Corruption","Clash","Iron Wave"],"picked":"Singing Bowl","floor":27.0},{"not_picked":["Warcry","Bloodletting","Sentinel"],"picked":"Singing Bowl","floor":29.0},{"not_picked":["Demon Form","Barricade"],"picked":"Reaper","floor":33.0},{"not_picked":["Shrug It Off","Heavy Blade+1"],"picked":"Flex","floor":35},{"not_picked":["Anger+1","Body Slam","Twin Strike"],"picked":"Singing Bowl","floor":36},{"not_picked":["True Grit","Twin Strike","Flex"],"picked":"Singing Bowl","floor":39},{"not_picked":["Juggernaut","Anger","True Grit"],"picked":"Singing Bowl","floor":41},{"not_picked":["Headbutt+1","Cleave+1","Sword Boomerang+1"],"picked":"Singing Bowl","floor":42},{"not_picked":["Intimidate","Carnage+1"],"picked":"Battle Trance","floor":46},{"not_picked":["Headbutt","Sentinel+1"],"picked":"Seeing Red+1","floor":47},{"not_picked":["Rupture","Shrug It Off"],"picked":"Flex+1","floor":48}],"player_experience":94048,"relics_obtained":[{"floor":6.0,"key":"Darkstone Periapt"},{"floor":9.0,"key":"Pen Nib"},{"floor":11.0,"key":"Vajra"},{"floor":23.0,"key":"Red Skull"},{"floor":25.0,"key":"Singing Bowl"},{"floor":26.0,"key":"Kunai"},{"floor":28.0,"key":"Necronomicon"},{"floor":43,"key":"Bottled Flame"},{"floor":44,"key":"Mercury Hourglass"},{"floor":46,"key":"Girya"}],"event_choices":[{"event_name":"Liars Game","player_choice":"agreed","floor":2.0,"damage_taken":0.0},{"event_name":"The Cleric","player_choice":"Card Removal","floor":12.0,"damage_taken":0.0},{"event_name":"Golden Shrine","player_choice":"Desecrate","floor":19.0,"damage_taken":0.0},{"event_name":"Duplicator","player_choice":"One dupe","floor":21.0,"damage_taken":0.0},{"event_name":"Cursed Tome","player_choice":"Obtained Book","floor":28.0,"damage_taken":0.0},{"event_name":"The Library","player_choice":"Read","floor":30.0,"damage_taken":0.0},{"event_name":"The Lab","player_choice":"Got Potions","floor":37,"damage_taken":0},{"event_name":"Winding Halls","player_choice":"Embrace Madness","floor":38,"damage_taken":0}],"is_beta":false,"boss_relics":[{"not_picked":["Calling Bell","Coffee Dripper"],"picked":"Eternal Feather"},{"not_picked":["Pandora\u0027s Box","Runic Pyramid"],"picked":"Lizard Tail"}],"items_purged_floors":[4,20,45],"is_endless":false,"potions_floor_spawned":[3,8,10,14,22,29,33,35,42,46,47,48],"ascension_level":0}