{"gold_per_floor":[118,118,133,133,148,148,173,191,243,243,264,319,333,38,38,141,141,122,122,133,144,7,7,22,22,22,121,136,136,156,0,0,103,103,113,130,130,130,148,148,23,40,40,50,50,60,79,79,79,79],"floor_reached":51,"playtime":3558,"items_purged":["Strike_G","Strike_G+1","Strike_G+1"],"score":676,"play_id":"e34ab8f7-8a65-4e7a-bb24-80ef15735141","local_time":"20180923152328","is_ascension_mode":false,"campfire_choices":[{"data":"Poisoned Stab","floor":6.0,"key":"SMITH"},{"data":"Cloak And Dagger","floor":10.0,"key":"SMITH"},{"floor":15.0,"key":"REST"},{"data":"Envenom","floor":23.0,"key":"SMITH"},{"data":"Bouncing Flask","floor":25,"key":"SMITH"},{"data":"Glass Knife","floor":29,"key":"SMITH"},{"data":"Noxious Fumes","floor":32,"key":"SMITH"},{"floor":40,"key":"REST"},{"floor":49,"key":"REST"}],"neow_cost":"NONE","seed_source_timestamp":154662190011184,"circlet_count":0,"master_deck":["Defend_G+1","Defend_G+1","Defend_G+1","Defend_G+1","Defend_G+1","Strike_G+1","Survivor","Neutralize+1","Blur","Leg Sweep","Leg Sweep","Poisoned Stab+1","Cloak And Dagger+1","PiercingWail","Quick Slash","Slice","Flying Knee","Glass Knife+1","Adrenaline","Doppelganger","Deadly Poison","Bouncing Flask+1","Envenom+1","Infinite Blades","Backflip","PiercingWail","Noxious Fumes+1","Noxious Fumes","Catalyst","Night Terror","Dagger Throw+1","Madness","Madness","Flash of Steel","Blur+1","Prepared","Deflect+1","Infinite Blades+1","Footwork+1","Escape Plan"],"special_seed":0,"relics":["Ring of the Snake","Ornamental Fan","Omamori","Ancient Tea Set","Odd Mushroom","Pen Nib","Sozu","Bottled Flame","Runic Pyramid","Centennial Puzzle","Thread and Needle"],"potions_floor_usage":[46,50,50],"damage_taken":[{"damage":0.0,"enemies":"Small Slimes","floor":1.0,"turns":4.0},{"damage":0.0,"enemies":"Jaw Worm","floor":3.0,"turns":7.0},{"damage":0.0,"enemies":"2 Louse","floor":5.0,"turns":5.0},{"damage":14.0,"enemies":"3 Sentries","floor":7.0,"turns":17.0},{"damage":0.0,"enemies":"Blue Slaver","floor":8.0,"turns":4.0},{"damage":9.0,"enemies":"The Mushroom Lair","floor":11.0,"turns":7.0},{"damage":10.0,"enemies":"3 Sentries","floor":12.0,"turns":11.0},{"damage":0.0,"enemies":"3 Louse","floor":13.0,"turns":3.0},{"damage":19.0,"enemies":"Slime Boss","floor":16.0,"turns":10.0},{"damage":10.0,"enemies":"2 Thieves","floor":18.0,"turns":4.0},{"damage":0.0,"enemies":"Chosen","floor":20.0,"turns":5.0},{"damage":0.0,"enemies":"3 Cultists","floor":21.0,"turns":6.0},{"damage":0,"enemies":"Chosen and Byrds","floor":24,"turns":5},{"damage":0,"enemies":"Shelled Parasite and Fungi","floor":28,"turns":6},{"damage":3,"enemies":"Snake Plant","floor":30,"turns":5},{"damage":29,"enemies":"Automaton","floor":33,"turns":8},{"damage":0,"enemies":"3 Shapes","floor":35,"turns":6},{"damage":0,"enemies":"Orb Walker","floor":36,"turns":3},{"damage":14,"enemies":"Reptomancer","floor":39,"turns":6},{"damage":1,"enemies":"3 Darklings","floor":42,"turns":6},{"damage":6,"enemies":"4 Shapes","floor":44,"turns":4},{"damage":0,"enemies":"Mind Bloom Boss Battle","floor":45,"turns":8},{"damage":8,"enemies":"Sphere and 2 Shapes","floor":46,"turns":5},{"damage":4,"enemies":"Spire Growth","floor":47,"turns":6},{"damage":13,"enemies":"Donu and Deca","floor":50,"turns":9}],"seed_played":"8496350429675721474","potions_obtained":[{"floor":3.0,"key":"Block Potion"},{"floor":5.0,"key":"Dexterity Potion"},{"floor":7.0,"key":"Block Potion"},{"floor":13.0,"key":"Poison Potion"}],"is_trial":false,"path_per_floor":["M","?","M","?","M","R","E","M","T","R","?","?","M","$","R","B",null,"M","?","M","M","$","R","M","R","T","?","M","R","M","$","R","B",null,"M","M","?","?","M","R","$","M","T","M","?","M","M","$","R","B"],"character_chosen":"THE_SILENT","items_purchased":["Glass Knife","Adrenaline","Infinite Blades","Noxious Fumes","Catalyst"],"campfire_rested":3,"item_purchase_floors":[14,14,22,31,31],"current_hp_per_floor":[70,52,52,52,52,52,38,38,38,38,29,19,19,19,40,21,70,60,60,60,60,60,60,60,60,60,60,60,60,57,57,57,28,70,70,70,61,61,47,68,68,67,67,61,61,53,49,49,70,57],"gold":79,"neow_bonus":"UPGRADE_CARD","is_prod":false,"is_daily":false,"chose_seed":false,"campfire_upgraded":6,"win_rate":1,"timestamp":1537683808,"path_taken":["M","?","M","?","M","R","E","M","T","R","?","?","M","?","R","BOSS","M","?","?","M","$","R","M","R","T","?","M","R","M","?","R","BOSS","M","M","?","?","M","R","$","M","T","?","?","M","M","$","R","BOSS"],"build_version":"2018-09-20","purchased_purges":3,"victory":true,"max_hp_per_floor":[70,70,70,70,70,70,70,70,70,70,70,70,70,70,70,70,70,70,70,70,70,70,70,70,70,70,70,70,70,70,70,70,70,70,70,70,70,70,70,70,70,70,70,70,70,70,70,70,70,70],"card_choices":[{"not_picked":["Outmaneuver","Bane"],"picked":"Blur","floor":1.0},{"not_picked":["Catalyst","Expertise"],"picked":"Leg Sweep","floor":3.0},{"not_picked":["Deadly Poison","Dagger Spray"],"picked":"Poisoned Stab","floor":5.0},{"not_picked":["Underhanded Strike","Calculated Gamble"],"picked":"Cloak And Dagger","floor":7.0},{"not_picked":["Heel Hook","Leg Sweep"],"picked":"PiercingWail","floor":8.0},{"not_picked":["Terror","Distraction"],"picked":"Quick Slash","floor":11.0},{"not_picked":["Prepared","Deadly Poison"],"picked":"Slice","floor":12.0},{"not_picked":["Choke","Poisoned Stab"],"picked":"Flying Knee","floor":13.0},{"not_picked":["Storm of Steel","Glass Knife"],"picked":"Doppelganger","floor":16.0},{"not_picked":["Cloak And Dagger","Slice"],"picked":"Deadly Poison","floor":18.0},{"not_picked":["Slice","Underhanded Strike"],"picked":"Bouncing Flask","floor":20.0},{"not_picked":["Dagger Spray","Poisoned Stab"],"picked":"Envenom","floor":21.0},{"not_picked":["Outmaneuver","Deflect"],"picked":"Backflip","floor":24},{"not_picked":["Dodge and Roll+1","Dagger Throw"],"picked":"PiercingWail","floor":28},{"not_picked":["Cloak And Dagger","Prepared+1"],"picked":"Noxious Fumes","floor":30},{"not_picked":["Wraith Form v2","Doppelganger"],"picked":"Night Terror","floor":33},{"not_picked":["Slice","Masterful Stab"],"picked":"Dagger Throw+1","floor":35},{"not_picked":["Poisoned Stab","Deadly Poison","Acrobatics+1"],"picked":"SKIP","floor":36},{"not_picked":["Blind","Discovery"],"picked":"Flash of Steel","floor":38},{"not_picked":["Predator","Cloak And Dagger+1"],"picked":"Blur+1","floor":39},{"not_picked":["Dash","Predator+1"],"picked":"Prepared","floor":42},{"not_picked":["Skewer+1","Dodge and Roll"],"picked":"Deflect+1","floor":44},{"not_picked":["Acrobatics","Underhanded Strike+1"],"picked":"Infinite Blades+1","floor":45},{"not_picked":["Prepared","Dagger Spray+1"],"picked":"Footwork+1","floor":46},{"not_picked":["Deflect","Backstab"],"picked":"Escape Plan","floor":47}],"player_experience":40818,"relics_obtained":[{"floor":7.0,"key":"Omamori"},{"floor":9.0,"key":"Ancient Tea Set"},{"floor":11.0,"key":"Odd Mushroom"},{"floor":26,"key":"Bottled Flame"},{"floor":43,"key":"Centennial Puzzle"},{"floor":45,"key":"Thread and Needle"}],"event_choices":[{"event_name":"Scrap Ooze","player_choice":"success","floor":2.0,"damage_taken":18.0},{"event_name":"Living Wall","player_choice":"Change","floor":4.0,"damage_taken":0.0},{"event_name":"Mushrooms","player_choice":"Fought Mushrooms","floor":11.0,"damage_taken":0.0},{"event_name":"Dead Adventurer","player_choice":"Searched \u00273\u0027 times","floor":12.0,"damage_taken":0.0},{"event_name":"Back to Basics","player_choice":"Simplicity","floor":19.0,"damage_taken":0.0},{"event_name":"Nest","player_choice":"Stole From Cult","floor":27,"damage_taken":0},{"event_name":"Winding Halls","player_choice":"Embrace Madness","floor":37,"damage_taken":0},{"event_name":"SensoryStone","player_choice":"Memory 1","floor":38,"damage_taken":0},{"event_name":"MindBloom","player_choice":"Fight","floor":45,"damage_taken":0}],"is_beta":false,"boss_relics":[{"not_picked":["Fusion Hammer","Black Star"],"picked":"Sozu"},{"not_picked":["Velvet Choker","Orrery"],"picked":"Runic Pyramid"}],"items_purged_floors":[14,22,41],"is_endless":false,"potions_floor_spawned":[3,5,7,13,16,20,30,33,35,42,44,46],"ascension_level":0}