{"gold_per_floor":[14,14,26,42,56,56,66,66,66,82,82,115,40,55,55,154,154,154,79,6,6,6,6,6,6,6,6,6,6,6,6,6,6,6,6,6,6,6,6,6,6,6,6,6,6,6,6,6,6,6],"floor_reached":51,"playtime":2675,"items_purged":["Strike_R"],"score":837,"play_id":"ca546e8a-5627-44c5-bd0c-90f6e533add9","local_time":"20181013194350","is_ascension_mode":false,"campfire_choices":[{"data":"True Grit","floor":6.0,"key":"SMITH"},{"data":"Rampage","floor":8.0,"key":"SMITH"},{"data":"Pommel Strike","floor":11.0,"key":"SMITH"},{"data":"Body Slam","floor":15.0,"key":"SMITH"},{"data":"Disarm","floor":23,"key":"SMITH"},{"data":"Shockwave","floor":25,"key":"SMITH"},{"data":"Spot Weakness","floor":29,"key":"SMITH"},{"data":"Heavy Blade","floor":32,"key":"SMITH"},{"data":"Entrench","floor":40,"key":"SMITH"},{"data":"Entrench","floor":44,"key":"SMITH"},{"data":"Impervious","floor":47,"key":"SMITH"},{"data":"Shrug It Off","floor":49,"key":"SMITH"}],"neow_cost":"NO_GOLD","seed_source_timestamp":44004581977908,"circlet_count":0,"master_deck":["Strike_R","Strike_R","Strike_R","Defend_R","Defend_R","Defend_R","Defend_R","Bash+1","Feed","Rampage+1","Pommel Strike+1","True Grit+1","Shrug It Off+1","Impervious+1","Body Slam+1","Barricade+1","Burning Pact+1","Shockwave+1","Disarm+1","Spot Weakness+1","Flash of Steel","Offering","Writhe","Burning Pact","Heavy Blade+1","Entrench+1","Entrench+1","Spot Weakness+1","Juggernaut+1"],"special_seed":0,"relics":["Burning Blood","Magic Flower","Frozen Egg 2","Ectoplasm","StoneCalendar","Mercury Hourglass","Runic Pyramid","Incense Burner","Bottled Tornado","Juzu Bracelet","Turnip","Toxic Egg 2","Bottled Lightning"],"potions_floor_usage":[31,46,50],"damage_taken":[{"damage":0.0,"enemies":"2 Louse","floor":1.0,"turns":3.0},{"damage":0.0,"enemies":"Cultist","floor":3.0,"turns":2.0},{"damage":3.0,"enemies":"Small Slimes","floor":4.0,"turns":4.0},{"damage":16.0,"enemies":"Gremlin Gang","floor":5.0,"turns":6.0},{"damage":0.0,"enemies":"2 Fungi Beasts","floor":7.0,"turns":3.0},{"damage":13.0,"enemies":"Exordium Thugs","floor":10.0,"turns":5.0},{"damage":22.0,"enemies":"3 Sentries","floor":12.0,"turns":6.0},{"damage":6.0,"enemies":"Blue Slaver","floor":14.0,"turns":6.0},{"damage":41.0,"enemies":"Hexaghost","floor":16.0,"turns":9.0},{"damage":20.0,"enemies":"Spheric Guardian","floor":18.0,"turns":7.0},{"damage":19.0,"enemies":"2 Thieves","floor":19.0,"turns":5.0},{"damage":3.0,"enemies":"Chosen and Byrds","floor":21.0,"turns":6.0},{"damage":24,"enemies":"Shelled Parasite and Fungi","floor":27,"turns":4},{"damage":6,"enemies":"3 Cultists","floor":31,"turns":5},{"damage":55,"enemies":"Collector","floor":33,"turns":8},{"damage":13,"enemies":"Orb Walker","floor":35,"turns":4},{"damage":30,"enemies":"3 Darklings","floor":37,"turns":7},{"damage":7,"enemies":"4 Shapes","floor":38,"turns":6},{"damage":18,"enemies":"Mysterious Sphere","floor":39,"turns":5},{"damage":36,"enemies":"Nemesis","floor":41,"turns":7},{"damage":15,"enemies":"Maw","floor":42,"turns":6},{"damage":8,"enemies":"Mind Bloom Boss Battle","floor":45,"turns":9},{"damage":6,"enemies":"2 Orb Walkers","floor":46,"turns":5},{"damage":14,"enemies":"Giant Head","floor":48,"turns":6},{"damage":26,"enemies":"Time Eater","floor":50,"turns":9}],"seed_played":"8312538596213908762","potions_obtained":[{"floor":1.0,"key":"Weak Potion"},{"floor":10.0,"key":"Explosive Potion"},{"floor":12.0,"key":"Block Potion"},{"floor":16.0,"key":"SkillPotion"},{"floor":21.0,"key":"Ancient Potion"},{"floor":27,"key":"Fruit Juice"},{"floor":31,"key":"Ancient Potion"},{"floor":37,"key":"Energy Potion"},{"floor":48,"key":"Swift Potion"}],"is_trial":false,"path_per_floor":["M","?","M","M","M","R","M","R","T","M","R","E","$","M","R","B",null,"M","M","$","M","?","R","?","R","T","M","$","R","$","M","R","B",null,"M","?","M","M","?","R","E","M","T","R","?","E","R","E","R","B"],"character_chosen":"IRONCLAD","items_purchased":["Shockwave"],"campfire_rested":0,"item_purchase_floors":[20],"current_hp_per_floor":[83,83,86,89,82,82,91,91,91,92,92,84,84,92,92,60,104,98,93,93,104,104,104,104,104,104,94,94,94,94,110,110,69,127,128,128,112,119,115,115,93,92,92,92,98,106,106,106,106,89],"gold":6,"neow_bonus":"THREE_RARE_CARDS","is_prod":false,"is_daily":false,"chose_seed":false,"campfire_upgraded":12,"win_rate":0,"timestamp":1539427430,"path_taken":["M","?","M","M","M","R","M","R","T","?","R","E","$","M","R","BOSS","M","M","$","M","?","R","?","R","T","M","$","R","?","M","R","BOSS","M","?","M","M","?","R","E","M","T","R","?","E","R","E","R","BOSS"],"build_version":"2018-10-11","purchased_purges":1,"victory":true,"max_hp_per_floor":[83,83,86,89,92,92,95,95,95,98,98,101,101,104,104,104,104,107,110,110,113,113,113,113,113,113,116,116,116,116,124,124,127,127,130,130,133,136,139,139,142,145,145,145,148,151,151,154,154,154],"card_choices":[{"not_picked":["Brutality","Double Tap"],"picked":"Feed","floor":0.0},{"not_picked":["Flame Barrier","Cleave"],"picked":"Rampage","floor":1.0},{"not_picked":["Clash","Combust"],"picked":"Pommel Strike","floor":3.0},{"not_picked":["Body Slam","Wild Strike"],"picked":"True Grit","floor":4.0},{"not_picked":["Body Slam","Pummel","Wild Strike"],"picked":"SKIP","floor":5.0},{"not_picked":["Power Through","Perfected Strike","Sword Boomerang"],"picked":"SKIP","floor":7.0},{"not_picked":["Thunderclap","Corruption"],"picked":"Shrug It Off","floor":10.0},{"not_picked":["Searing Blow","Heavy Blade"],"picked":"Impervious","floor":12.0},{"not_picked":["Iron Wave","Pommel Strike"],"picked":"Body Slam","floor":14.0},{"not_picked":["Brutality+1","Demon Form+1"],"picked":"Barricade+1","floor":16.0},{"not_picked":["Sentinel","Pommel Strike"],"picked":"Burning Pact+1","floor":18.0},{"not_picked":["Cleave","Dropkick","Pommel Strike"],"picked":"SKIP","floor":19.0},{"not_picked":["Ghostly Armor","Intimidate"],"picked":"Disarm","floor":21.0},{"not_picked":["Seeing Red","Cleave+1"],"picked":"Burning Pact","floor":27},{"not_picked":["Searing Blow","Perfected Strike"],"picked":"Heavy Blade","floor":31},{"not_picked":["Reckless Charge","Hemokinesis","Iron Wave"],"picked":"SKIP","floor":35},{"not_picked":["Intimidate","Headbutt","Heavy Blade+1"],"picked":"SKIP","floor":37},{"not_picked":["Uppercut+1","Heavy Blade"],"picked":"Entrench","floor":38},{"not_picked":["Havoc+1","Armaments"],"picked":"Entrench","floor":41},{"not_picked":["Body Slam","Iron Wave+1","Heavy Blade"],"picked":"SKIP","floor":42},{"not_picked":["Reckless Charge+1","Clothesline"],"picked":"Spot Weakness+1","floor":45},{"not_picked":["Sword Boomerang","Corruption+1","Rage"],"picked":"SKIP","floor":46},{"not_picked":["Iron Wave","Twin Strike"],"picked":"Juggernaut+1","floor":48}],"player_experience":218322,"relics_obtained":[{"floor":9.0,"key":"Magic Flower"},{"floor":12.0,"key":"Frozen Egg 2"},{"floor":26,"key":"Mercury Hourglass"},{"floor":39,"key":"Incense Burner"},{"floor":41,"key":"Bottled Tornado"},{"floor":43,"key":"Juzu Bracelet"},{"floor":45,"key":"Turnip"},{"floor":46,"key":"Toxic Egg 2"},{"floor":48,"key":"Bottled Lightning"}],"event_choices":[{"event_name":"Accursed Blacksmith","player_choice":"Forge","floor":2.0,"damage_taken":0.0},{"event_name":"Match and Keep!","player_choice":"3 cards matched","floor":22,"damage_taken":0},{"event_name":"The Mausoleum","player_choice":"Yes","floor":24,"damage_taken":0},{"event_name":"Falling","player_choice":"Removed Attack","floor":36,"damage_taken":0},{"event_name":"Mysterious Sphere","player_choice":"Fight","floor":39,"damage_taken":0},{"event_name":"MindBloom","player_choice":"Fight","floor":45,"damage_taken":0}],"is_beta":false,"boss_relics":[{"not_picked":["Snecko Eye","Lizard Tail"],"picked":"Ectoplasm"},{"not_picked":["White Beast Statue","Empty Cage"],"picked":"Runic Pyramid"}],"items_purged_floors":[13],"is_endless":false,"potions_floor_spawned":[1,10,12,16,21,27,31,35,37,41,48],"ascension_level":0}