{"gold_per_floor":[361,49,49,63,63,63,93,93,93,113,113,113,128,205,205,304,304,320,331,348,348,348,348,328,356,356,356,370,370,43,59,59,158,158,178,194,239,12,12,37,37,47,47,58,76,76,94,113,113,113],"floor_reached":51,"playtime":3072,"items_purged":["Pain","Defend_B"],"score":822,"play_id":"6dfe876a-2e4c-485a-b4e7-98683a32f2fc","local_time":"20181028063559","is_ascension_mode":false,"campfire_choices":[{"data":"Zap","floor":6.0,"key":"SMITH"},{"data":"Consume","floor":8.0,"key":"SMITH"},{"data":"Capacitor","floor":11.0,"key":"SMITH"},{"data":"Strike_B","floor":15.0,"key":"PURGE"},{"data":"Strike_B","floor":23.0,"key":"PURGE"},{"data":"Defend_B","floor":29.0,"key":"PURGE"},{"data":"Defend_B","floor":32.0,"key":"PURGE"},{"data":"1","floor":41.0,"key":"LIFT"},{"data":"2","floor":46.0,"key":"LIFT"},{"floor":49.0,"key":"REST"}],"neow_cost":"CURSE","seed_source_timestamp":970758040914930,"circlet_count":0,"master_deck":["Defend_B","Zap+1","Dualcast","Conserve Battery","Consume+1","Capacitor+1","Cold Snap","FTL","Sweeping Beam","Glacier","Undo","Leap","Electrodynamics","Tempest+1","White Noise+1","Biased Cognition","Cold Snap+1","Darkness","Hologram","Fission","Coolheaded","Coolheaded+1","Compile Driver+1","Core Surge","Finesse","Echo Form","Loop+1","FTL+1","Conserve Battery","Chill+1"],"special_seed":0,"relics":["Cracked Core","Peace Pipe","Girya","Tiny Chest","Fusion Hammer","Question Card","Nloth\u0027s Gift","Mummified Hand","Blue Candle","Oddly Smooth Stone","Ice Cream","Vajra","Gambling Chip"],"potions_floor_usage":[50,50,50],"damage_taken":[{"damage":10.0,"enemies":"Jaw Worm","floor":1.0,"turns":3.0},{"damage":0.0,"enemies":"2 Louse","floor":4.0,"turns":2.0},{"damage":16.0,"enemies":"Gremlin Nob","floor":7.0,"turns":3.0},{"damage":0.0,"enemies":"Cultist","floor":10.0,"turns":3.0},{"damage":3.0,"enemies":"Gremlin Gang","floor":13.0,"turns":4.0},{"damage":0.0,"enemies":"Hexaghost","floor":16.0,"turns":15.0},{"damage":0.0,"enemies":"Chosen","floor":18.0,"turns":6.0},{"damage":0.0,"enemies":"Shell Parasite","floor":19.0,"turns":5.0},{"damage":0.0,"enemies":"3 Cultists","floor":20.0,"turns":4.0},{"damage":22.0,"enemies":"Slavers","floor":25.0,"turns":3.0},{"damage":2.0,"enemies":"Centurion and Healer","floor":28.0,"turns":3.0},{"damage":1.0,"enemies":"Shelled Parasite and Fungi","floor":31.0,"turns":6.0},{"damage":8.0,"enemies":"Champ","floor":33.0,"turns":14.0},{"damage":0.0,"enemies":"Orb Walker","floor":35.0,"turns":3.0},{"damage":7.0,"enemies":"3 Darklings","floor":36.0,"turns":2.0},{"damage":8.0,"enemies":"2 Orb Walkers","floor":37.0,"turns":4.0},{"damage":0.0,"enemies":"Reptomancer","floor":40.0,"turns":7.0},{"damage":0.0,"enemies":"Maw","floor":42.0,"turns":7.0},{"damage":6.0,"enemies":"Spire Growth","floor":44.0,"turns":4.0},{"damage":0.0,"enemies":"3 Darklings","floor":45.0,"turns":3.0},{"damage":0.0,"enemies":"Jaw Worm Horde","floor":47.0,"turns":4.0},{"damage":10.0,"enemies":"Spire Growth","floor":48.0,"turns":5.0},{"damage":0,"enemies":"Awakened One","floor":50,"turns":11}],"seed_played":"-1906790585439199618","potions_obtained":[{"floor":7.0,"key":"Energy Potion"},{"floor":13.0,"key":"Block Potion"},{"floor":16.0,"key":"AttackPotion"},{"floor":19.0,"key":"SteroidPotion"},{"floor":24.0,"key":"Strength Potion"},{"floor":33.0,"key":"Block Potion"},{"floor":40.0,"key":"FocusPotion"},{"floor":48.0,"key":"Fruit Juice"}],"is_trial":false,"path_per_floor":["M","$","?","M","T","R","E","R","T","M","R","?","M","T","R","B",null,"M","M","M","T","?","R","?","E","T","?","M","R","$","M","R","B",null,"M","M","?","$","?","E","R","M","T","M","M","R","M","M","R","B"],"character_chosen":"DEFECT","items_purchased":["Consume","Capacitor","Cold Snap","FTL","Oddly Smooth Stone","Darkness","Core Surge","Finesse"],"campfire_rested":1,"item_purchase_floors":[2,2,2,2,30,30,38,38],"current_hp_per_floor":[65,65,58,58,58,58,42,42,42,42,42,42,39,39,39,39,75,75,75,75,75,75,75,75,53,53,53,51,51,51,50,50,42,75,75,68,60,60,60,60,60,60,60,54,54,54,54,44,65,70],"gold":113,"neow_bonus":"TWO_FIFTY_GOLD","is_prod":false,"is_daily":false,"chose_seed":false,"campfire_upgraded":3,"win_rate":0,"timestamp":1540676159,"path_taken":["M","$","?","M","?","R","E","R","T","M","R","?","?","?","R","BOSS","M","?","M","?","?","R","?","E","T","?","M","R","$","M","R","BOSS","M","M","?","$","?","E","R","M","T","M","M","R","M","?","R","BOSS"],"build_version":"2018-10-25v2","purchased_purges":2,"victory":true,"max_hp_per_floor":[75,75,75,75,75,75,75,75,75,75,75,75,75,75,75,75,75,75,75,75,75,75,75,75,75,75,75,75,75,75,75,75,75,75,75,75,75,75,71,71,71,71,71,71,71,71,71,71,71,76],"card_choices":[{"not_picked":["Cold Snap","Leap"],"picked":"Conserve Battery","floor":1.0},{"not_picked":["Gash","Force Field"],"picked":"Sweeping Beam","floor":4.0},{"not_picked":["Compile Driver","Redo"],"picked":"Glacier","floor":7.0},{"not_picked":["Gash","Hyperbeam"],"picked":"Undo","floor":10.0},{"not_picked":["Rebound","Barrage"],"picked":"Leap","floor":13.0},{"not_picked":["Core Surge","Echo Form"],"picked":"Electrodynamics","floor":16.0},{"not_picked":["FTL","Conserve Battery"],"picked":"Tempest+1","floor":18.0},{"not_picked":["Beam Cell","Rebound","Static Discharge+1"],"picked":"SKIP","floor":19.0},{"not_picked":["Leap","Storm"],"picked":"White Noise+1","floor":20.0},{"not_picked":["Hologram","Sweeping Beam","Ball Lightning"],"picked":"Biased Cognition","floor":25.0},{"not_picked":["Electrodynamics","Sweeping Beam","Hyperbeam"],"picked":"Cold Snap+1","floor":28.0},{"not_picked":["Gash+1","Leap","Steam"],"picked":"Hologram","floor":31.0},{"not_picked":["Amplify","Electrodynamics","Biased Cognition"],"picked":"Fission","floor":33.0},{"not_picked":["Rebound+1","Gash","Ball Lightning+1"],"picked":"Coolheaded","floor":35.0},{"not_picked":["Beam Cell","Genetic Algorithm","Gash"],"picked":"Coolheaded+1","floor":36.0},{"not_picked":["Sweeping Beam","Coolheaded","Barrage+1"],"picked":"Compile Driver+1","floor":37.0},{"not_picked":["Buffer","Defragment","Go for the Eyes"],"picked":"Echo Form","floor":40.0},{"not_picked":["Cold Snap","Leap","Steam","Stack"],"picked":"SKIP","floor":42.0},{"not_picked":["Rainbow","Cold Snap","Beam Cell+1"],"picked":"Loop+1","floor":44.0},{"not_picked":["Turbo","Cold Snap","Electrodynamics"],"picked":"FTL+1","floor":45.0},{"not_picked":["Streamline+1","Stack","Melter"],"picked":"Conserve Battery","floor":47.0},{"not_picked":["Ball Lightning+1","Barrage","Consume+1"],"picked":"Chill+1","floor":48.0}],"player_experience":345829,"relics_obtained":[{"floor":5.0,"key":"Bottled Lightning"},{"floor":7.0,"key":"Peace Pipe"},{"floor":9.0,"key":"Girya"},{"floor":14.0,"key":"Tiny Chest"},{"floor":21.0,"key":"Question Card"},{"floor":25.0,"key":"Mummified Hand"},{"floor":26.0,"key":"Blue Candle"},{"floor":37.0,"key":"Ice Cream"},{"floor":40.0,"key":"Vajra"},{"floor":43.0,"key":"Gambling Chip"}],"event_choices":[{"cards_removed":["Strike_B"],"damage_healed":0.0,"max_hp_gain":0.0,"max_hp_loss":0.0,"gold_gain":0.0,"event_name":"Golden Wing","player_choice":"Card Removal","floor":3.0,"gold_loss":0.0,"damage_taken":7.0},{"cards_removed":["Strike_B"],"damage_healed":0.0,"max_hp_gain":0.0,"max_hp_loss":0.0,"gold_gain":0.0,"event_name":"Living Wall","player_choice":"Forget","floor":12.0,"gold_loss":0.0,"damage_taken":0.0},{"damage_healed":0.0,"max_hp_gain":0.0,"max_hp_loss":0.0,"gold_gain":0.0,"event_name":"N\u0027loth","player_choice":"Traded Relic","floor":22.0,"relics_lost":["Bottled Lightning"],"gold_loss":0.0,"damage_taken":0.0,"relics_obtained":["Nloth\u0027s Gift"]},{"damage_healed":0.0,"max_hp_gain":0.0,"max_hp_loss":0.0,"gold_gain":0.0,"event_name":"The Woman in Blue","player_choice":"Bought 1 Potion","floor":24.0,"gold_loss":0.0,"damage_taken":0.0},{"damage_healed":0.0,"max_hp_gain":0.0,"max_hp_loss":0.0,"gold_gain":0.0,"event_name":"Vampires","player_choice":"Ignored","floor":27.0,"gold_loss":0.0,"damage_taken":0.0},{"damage_healed":0.0,"max_hp_gain":0.0,"max_hp_loss":0.0,"gold_gain":0.0,"event_name":"Mysterious Sphere","player_choice":"Fight","floor":37.0,"gold_loss":0.0,"damage_taken":0.0},{"damage_healed":0.0,"max_hp_gain":0.0,"max_hp_loss":4.0,"gold_gain":0.0,"event_name":"Winding Halls","player_choice":"Max HP","floor":39.0,"gold_loss":0.0,"damage_taken":0.0}],"is_beta":false,"boss_relics":[{"not_picked":["Black Star","Eternal Feather"],"picked":"Fusion Hammer"},{"not_picked":["Snecko Eye","Calling Bell","FrozenCore"]}],"items_purged_floors":[2,30],"is_endless":false,"potions_floor_spawned":[7,13,16,19,33,35,40,42,48],"ascension_level":0}