{"gold_per_floor":[116,131,143,163,182,182,213,213,286,306,336,352,153,169,169,270,270,286,286,305,317,333,333,96,96,145,161,76,95,113,131,131,232,232,247,260,276,21,21,21,40,40,90,90,101,115,115,0,0,0],"floor_reached":51,"playtime":3058,"items_purged":["Strike_B","Strike_B"],"score":694,"play_id":"885adac9-1037-41c6-b6f8-467455b91c6c","local_time":"20181016222754","is_ascension_mode":false,"campfire_choices":[{"data":"Static Discharge","floor":6.0,"key":"SMITH"},{"data":"Dualcast","floor":8.0,"key":"SMITH"},{"data":"Loop","floor":15.0,"key":"SMITH"},{"data":"Rainbow","floor":23.0,"key":"SMITH"},{"data":"Biased Cognition","floor":25.0,"key":"SMITH"},{"floor":32.0,"key":"REST"},{"data":"Defragment","floor":40.0,"key":"SMITH"},{"data":"Consume","floor":42.0,"key":"SMITH"},{"data":"Leap","floor":44.0,"key":"SMITH"},{"floor":49.0,"key":"REST"}],"neow_cost":"NONE","seed_source_timestamp":208931295884569,"circlet_count":0,"master_deck":["Strike_B","Strike_B","Defend_B","Defend_B","Defend_B","Defend_B","Zap+1","Dualcast+1","Leap+1","Hologram","Melter","Coolheaded","Static Discharge+1","Core Surge","Sweeping Beam","Streamline","Ball Lightning","Loop+1","Conserve Battery","Compile Driver","Rainbow+1","Leap+1","Cold Snap+1","BootSequence","Biased Cognition+1","White Noise+1","Hologram","Reboot","Fusion","Consume+1","Hello World+1","Conserve Battery","Reboot","Defragment+1","Compile Driver","Go for the Eyes+1","Compile Driver","Secret Technique"],"special_seed":0,"relics":["Cracked Core","Blue Candle","Symbiotic Virus","Nunchaku","Sozu","Potion Belt","Oddly Smooth Stone","Orrery","Strange Spoon","Strawberry","Red Mask"],"potions_floor_usage":[],"damage_taken":[{"damage":1.0,"enemies":"Cultist","floor":1.0,"turns":3.0},{"damage":0.0,"enemies":"Jaw Worm","floor":2.0,"turns":3.0},{"damage":0.0,"enemies":"2 Louse","floor":3.0,"turns":2.0},{"damage":3.0,"enemies":"Red Slaver","floor":4.0,"turns":3.0},{"damage":0.0,"enemies":"2 Fungi Beasts","floor":5.0,"turns":4.0},{"damage":11.0,"enemies":"3 Sentries","floor":7.0,"turns":5.0},{"damage":4.0,"enemies":"3 Louse","floor":10.0,"turns":3.0},{"damage":18.0,"enemies":"Lagavulin","floor":11.0,"turns":4.0},{"damage":4.0,"enemies":"Exordium Wildlife","floor":12.0,"turns":4.0},{"damage":0.0,"enemies":"Red Slaver","floor":14.0,"turns":3.0},{"damage":11.0,"enemies":"The Guardian","floor":16.0,"turns":8.0},{"damage":10.0,"enemies":"2 Thieves","floor":18.0,"turns":3.0},{"damage":0.0,"enemies":"Spheric Guardian","floor":20.0,"turns":2.0},{"damage":4.0,"enemies":"Cultist and Chosen","floor":21.0,"turns":5.0},{"damage":1.0,"enemies":"Snecko","floor":22.0,"turns":3.0},{"damage":1.0,"enemies":"Centurion and Healer","floor":27.0,"turns":5.0},{"damage":8.0,"enemies":"3 Cultists","floor":29.0,"turns":4.0},{"damage":0.0,"enemies":"Cultist and Chosen","floor":30.0,"turns":4.0},{"damage":13.0,"enemies":"Chosen and Byrds","floor":31.0,"turns":5.0},{"damage":19.0,"enemies":"Champ","floor":33.0,"turns":9.0},{"damage":0.0,"enemies":"Orb Walker","floor":35.0,"turns":4.0},{"damage":3.0,"enemies":"3 Darklings","floor":36.0,"turns":5.0},{"damage":0.0,"enemies":"Spire Growth","floor":37.0,"turns":4.0},{"damage":2.0,"enemies":"Reptomancer","floor":41.0,"turns":5.0},{"damage":41.0,"enemies":"Sphere and 2 Shapes","floor":45.0,"turns":4.0},{"damage":0.0,"enemies":"Spire Growth","floor":46.0,"turns":6.0},{"damage":51,"enemies":"Donu and Deca","floor":50,"turns":11}],"seed_played":"956066694238984749","potions_obtained":[{"floor":3.0,"key":"Fire Potion"},{"floor":5.0,"key":"GamblersBrew"},{"floor":7.0,"key":"Regen Potion"},{"floor":12.0,"key":"Regen Potion"},{"floor":14.0,"key":"Explosive Potion"}],"is_trial":false,"path_per_floor":["M","M","M","M","M","R","E","R","T","M","E","M","$","M","R","B",null,"M","?","M","M","M","R","$","R","T","M","?","M","M","M","R","B",null,"M","M","M","$","?","R","M","R","T","R","M","M","?","?","R","B"],"character_chosen":"DEFECT","items_purchased":["Loop","Conserve Battery","Biased Cognition","Strange Spoon","Compile Driver"],"campfire_rested":2,"item_purchase_floors":[13,13,24,38,38],"current_hp_per_floor":[74,74,74,71,71,71,60,60,60,56,50,46,46,46,46,35,75,65,65,65,61,60,60,60,60,60,59,59,51,51,38,60,41,75,75,72,72,72,71,71,69,69,76,76,40,40,40,40,63,12],"gold":0,"neow_bonus":"UPGRADE_CARD","is_prod":false,"is_daily":false,"chose_seed":false,"campfire_upgraded":8,"win_rate":0,"timestamp":1539696474,"path_taken":["M","M","M","?","M","R","E","R","T","M","E","M","?","M","R","BOSS","M","?","M","M","?","R","$","R","T","M","?","M","M","?","R","BOSS","M","M","M","$","?","R","?","R","T","R","M","M","?","?","R","BOSS"],"build_version":"2018-10-11","purchased_purges":2,"victory":true,"max_hp_per_floor":[75,75,75,75,75,75,75,75,75,75,75,75,75,75,75,75,75,75,75,75,75,75,75,75,75,75,75,75,75,75,75,75,75,75,75,75,75,75,71,71,71,71,78,78,78,78,78,78,78,78],"card_choices":[{"not_picked":["Stack","White Noise"],"picked":"Leap","floor":1.0},{"not_picked":["Heatsinks","Chaos"],"picked":"Hologram","floor":2.0},{"not_picked":["Gash","Hello World"],"picked":"Melter","floor":3.0},{"not_picked":["Compile Driver","Chaos"],"picked":"Coolheaded","floor":4.0},{"not_picked":["Redo","Turbo"],"picked":"Static Discharge","floor":5.0},{"not_picked":["Lockon","Hologram"],"picked":"Core Surge","floor":7.0},{"not_picked":["Turbo","Recycle"],"picked":"Sweeping Beam","floor":10.0},{"not_picked":["Beam Cell","Static Discharge"],"picked":"Streamline","floor":11.0},{"not_picked":["Turbo","Skim"],"picked":"Ball Lightning","floor":12.0},{"not_picked":["Gash","Undo"],"picked":"Compile Driver","floor":14.0},{"not_picked":["Hyperbeam","Reboot"],"picked":"Rainbow","floor":16.0},{"not_picked":["Melter","Darkness","Double Energy"],"picked":"SKIP","floor":18.0},{"not_picked":["Rebound","Lockon"],"picked":"Leap+1","floor":20.0},{"not_picked":["Redo","Recycle"],"picked":"Cold Snap+1","floor":21.0},{"not_picked":["Barrage","Redo"],"picked":"BootSequence","floor":22.0},{"not_picked":["Rebound","Beam Cell"],"picked":"White Noise+1","floor":27.0},{"not_picked":["Coolheaded","Compile Driver"],"picked":"Hologram","floor":29.0},{"not_picked":["Static Discharge","Genetic Algorithm","Ball Lightning"],"picked":"SKIP","floor":30.0},{"not_picked":["All For One","Cold Snap","Gash"],"picked":"SKIP","floor":31.0},{"not_picked":["Biased Cognition","All For One"],"picked":"Reboot","floor":33.0},{"not_picked":["Recycle","Sweeping Beam"],"picked":"Fusion","floor":34.0},{"not_picked":["Streamline","Sweeping Beam"],"picked":"Consume","floor":34.0},{"not_picked":["Ball Lightning","Cold Snap"],"picked":"Hello World+1","floor":34.0},{"not_picked":["Double Energy","Beam Cell+1"],"picked":"Conserve Battery","floor":34.0},{"not_picked":["Beam Cell+1","Cold Snap+1"],"picked":"Reboot","floor":35.0},{"not_picked":["BootSequence+1","Steam Power","Streamline+1"],"picked":"SKIP","floor":36.0},{"not_picked":["Beam Cell","Cold Snap"],"picked":"Defragment","floor":37.0},{"not_picked":["Turbo","Coolheaded"],"picked":"Go for the Eyes+1","floor":41.0},{"not_picked":["White Noise","Beam Cell","Go for the Eyes+1"],"picked":"SKIP","floor":45.0},{"not_picked":["Storm","Heatsinks+1"],"picked":"Compile Driver","floor":46.0},{"not_picked":["Bandage Up","PanicButton"],"picked":"Secret Technique","floor":47.0}],"player_experience":251066,"relics_obtained":[{"floor":7.0,"key":"Blue Candle"},{"floor":9.0,"key":"Symbiotic Virus"},{"floor":11.0,"key":"Nunchaku"},{"floor":26.0,"key":"Potion Belt"},{"floor":43.0,"key":"Strawberry"}],"event_choices":[{"event_name":"Ghosts","player_choice":"Ignored","floor":19.0,"damage_taken":0.0},{"event_name":"Addict","player_choice":"Obtained Relic","floor":28.0,"damage_taken":0.0},{"event_name":"Winding Halls","player_choice":"Max HP","floor":39.0,"damage_taken":0.0},{"event_name":"SensoryStone","player_choice":"Memory 1","floor":47.0,"damage_taken":0.0},{"event_name":"Tomb of Lord Red Mask","player_choice":"Paid","floor":48.0,"damage_taken":0.0}],"is_beta":false,"boss_relics":[{"not_picked":["Calling Bell","Philosopher\u0027s Stone"],"picked":"Sozu"},{"not_picked":["Nuclear Battery","Pandora\u0027s Box"],"picked":"Orrery"}],"items_purged_floors":[13,24],"is_endless":false,"potions_floor_spawned":[3,5,7,12,14,18,21,30,36,41],"ascension_level":0}