{"gold_per_floor":[119,119,132,152,170,201,212,212,239,264,275,450,461,477,477,580,580,594,534,545,230,246,280,280,195,195,207,12,47,59,75,75,170,170,181,16,16,29,49,77,77,96,96,127,127,153,169,186,186,186],"floor_reached":51,"playtime":6000,"items_purged":["Defend_B","Defend_B","Doubt"],"score":1035,"play_id":"e144efa1-b1d2-4895-a759-8789b754bdc9","local_time":"20190902100827","is_ascension_mode":true,"campfire_choices":[{"floor":8.0,"key":"REST"},{"data":"Coolheaded","floor":15.0,"key":"SMITH"},{"data":"Apotheosis","floor":24.0,"key":"SMITH"},{"floor":32.0,"key":"REST"},{"data":"Seek","floor":41.0,"key":"SMITH"},{"floor":49,"key":"REST"}],"neow_cost":"NONE","seed_source_timestamp":0,"circlet_count":0,"master_deck":["Strike_B","Defend_B","Defend_B","Zap","Dualcast","Multi-Cast","Double Energy","Loop","Turbo","Coolheaded+1","Go for the Eyes","Chill","Beam Cell","Glacier","Sweeping Beam","Consume","Seek+1","Streamline+1","Biased Cognition","Auto Shields","Redo+1","Apotheosis+1","Defragment","Defragment","Hologram+1","Blizzard","Panacea","Glacier","Meteor Strike","Defragment","Double Energy","Seek","Parasite","Madness","Madness"],"special_seed":0,"relics":["Cracked Core","Letter Opener","PreservedInsect","Vajra","Inserter","Anchor","Mummified Hand","Singing Bowl","Cursed Key","Incense Burner","Pantograph","Boot","Bottled Lightning"],"potions_floor_usage":[50],"damage_taken":[{"damage":5.0,"enemies":"Small Slimes","floor":1.0,"turns":4.0},{"damage":0.0,"enemies":"Cultist","floor":3.0,"turns":3.0},{"damage":2.0,"enemies":"Jaw Worm","floor":4.0,"turns":2.0},{"damage":2.0,"enemies":"Looter","floor":5.0,"turns":3.0},{"damage":26.0,"enemies":"Gremlin Nob","floor":6.0,"turns":5.0},{"damage":16.0,"enemies":"Gremlin Gang","floor":7.0,"turns":5.0},{"damage":2.0,"enemies":"Lagavulin","floor":10.0,"turns":7.0},{"damage":0.0,"enemies":"Blue Slaver","floor":11.0,"turns":2.0},{"damage":20.0,"enemies":"Exordium Wildlife","floor":13.0,"turns":4.0},{"damage":9.0,"enemies":"Red Slaver","floor":14.0,"turns":4.0},{"damage":0.0,"enemies":"Slime Boss","floor":16.0,"turns":11.0},{"damage":12.0,"enemies":"Spheric Guardian","floor":18.0,"turns":6.0},{"damage":0.0,"enemies":"Chosen","floor":20.0,"turns":8.0},{"damage":0.0,"enemies":"Snecko","floor":22.0,"turns":6.0},{"damage":34.0,"enemies":"Slavers","floor":23.0,"turns":2.0},{"damage":8.0,"enemies":"Centurion and Healer","floor":27.0,"turns":4.0},{"damage":0.0,"enemies":"Gremlin Leader","floor":29.0,"turns":2.0},{"damage":5.0,"enemies":"Snake Plant","floor":30.0,"turns":2.0},{"damage":0.0,"enemies":"Shelled Parasite and Fungi","floor":31.0,"turns":5.0},{"damage":0.0,"enemies":"Automaton","floor":33.0,"turns":9.0},{"damage":23.0,"enemies":"3 Darklings","floor":35.0,"turns":5.0},{"damage":0.0,"enemies":"Orb Walker","floor":38.0,"turns":4.0},{"damage":1.0,"enemies":"Transient","floor":39.0,"turns":5.0},{"damage":0.0,"enemies":"Giant Head","floor":40.0,"turns":8.0},{"damage":15.0,"enemies":"Writhing Mass","floor":42.0,"turns":5.0},{"damage":1.0,"enemies":"Reptomancer","floor":44.0,"turns":7.0},{"damage":3.0,"enemies":"Giant Head","floor":46.0,"turns":11.0},{"damage":6,"enemies":"Sphere and 2 Shapes","floor":47,"turns":5},{"damage":2,"enemies":"Spire Growth","floor":48,"turns":6},{"damage":25,"enemies":"Donu and Deca","floor":50,"turns":8}],"seed_played":"8197688563584550676","potions_obtained":[{"floor":1.0,"key":"Swift Potion"},{"floor":3.0,"key":"Regen Potion"},{"floor":4.0,"key":"EssenceOfSteel"},{"floor":6.0,"key":"Weak Potion"},{"floor":10.0,"key":"SteroidPotion"},{"floor":13.0,"key":"EssenceOfSteel"},{"floor":20.0,"key":"Poison Potion"},{"floor":29.0,"key":"Swift Potion"},{"floor":30.0,"key":"SpeedPotion"},{"floor":31.0,"key":"Poison Potion"},{"floor":38.0,"key":"Swift Potion"},{"floor":39.0,"key":"Explosive Potion"},{"floor":42.0,"key":"Strength Potion"},{"floor":48,"key":"PowerPotion"}],"is_trial":false,"path_per_floor":["M","?","M","M","M","E","M","R","T","E","M","?","M","M","R","B",null,"M","?","M","$","M","E","R","?","T","M","$","E","M","M","R","B",null,"M","$","?","M","M","E","R","M","T","E","?","E","M","M","R","B",null],"character_chosen":"DEFECT","items_purchased":["Apotheosis","Defragment","Panacea","Defragment"],"campfire_rested":3,"item_purchase_floors":[21,21,28,36],"current_hp_per_floor":[70,70,70,68,66,40,24,46,46,58,58,58,38,29,29,29,75,63,63,63,63,63,29,29,29,29,21,21,23,18,20,43,43,79,58,58,58,60,61,63,63,48,48,49,38,37,33,33,61,61],"gold":186,"neow_bonus":"ONE_RANDOM_RARE_CARD","is_prod":false,"is_daily":false,"chose_seed":false,"campfire_upgraded":3,"win_rate":0,"timestamp":1567386507,"path_taken":["M","?","M","M","M","E","M","R","T","E","?","?","M","M","R","BOSS","M","?","?","$","M","E","R","?","T","M","$","E","M","M","R","BOSS","M","$","?","?","M","E","R","M","T","E","?","E","M","M","R","BOSS"],"build_version":"2019-07-17","purchased_purges":3,"victory":true,"max_hp_per_floor":[75,75,75,75,75,75,75,75,75,75,75,75,75,75,75,75,75,75,75,75,75,75,75,75,75,75,75,75,77,77,79,79,79,79,81,81,81,83,85,87,87,87,87,89,89,91,93,95,95,95],"card_choices":[{"not_picked":["Storm","Leap"],"picked":"Double Energy","floor":1.0},{"not_picked":["Barrage","Fusion"],"picked":"Loop","floor":3.0},{"not_picked":["Leap","Hello World"],"picked":"Turbo","floor":4.0},{"not_picked":["Streamline","Blizzard"],"picked":"Coolheaded","floor":5.0},{"not_picked":["Leap","Stack"],"picked":"Go for the Eyes","floor":6.0},{"not_picked":["Reinforced Body","Machine Learning"],"picked":"Chill","floor":7.0},{"not_picked":["Tempest","Chill"],"picked":"Beam Cell","floor":10.0},{"not_picked":["Loop","Sweeping Beam"],"picked":"Glacier","floor":11.0},{"not_picked":["Scrape","Steam Power"],"picked":"Sweeping Beam","floor":13.0},{"not_picked":["Sweeping Beam","Fusion"],"picked":"Consume","floor":14.0},{"not_picked":["Buffer","Meteor Strike"],"picked":"Seek","floor":16.0},{"not_picked":["Capacitor","Hologram"],"picked":"Streamline+1","floor":18.0},{"not_picked":["Turbo+1","Beam Cell+1"],"picked":"Redo+1","floor":20.0},{"not_picked":["Beam Cell","Steam"],"picked":"Defragment","floor":22.0},{"not_picked":["Turbo","Chill"],"picked":"Hologram+1","floor":23.0},{"not_picked":["Static Discharge","Rainbow"],"picked":"Blizzard","floor":27.0},{"not_picked":["Steam","Barrage","Heatsinks"],"picked":"Singing Bowl","floor":29.0},{"not_picked":["Ball Lightning","Hologram"],"picked":"Glacier","floor":30.0},{"not_picked":["Go for the Eyes","Redo","Barrage"],"picked":"Singing Bowl","floor":31.0},{"not_picked":["Biased Cognition","Amplify"],"picked":"Meteor Strike","floor":33.0},{"not_picked":["Stack+1","Go for the Eyes","Skim"],"picked":"Singing Bowl","floor":35.0},{"not_picked":["Compile Driver+1","Genetic Algorithm+1","Aggregate"],"picked":"Singing Bowl","floor":38.0},{"not_picked":["Aggregate","Lockon","Beam Cell"],"picked":"Singing Bowl","floor":39.0},{"not_picked":["Heatsinks","Compile Driver","Double Energy"],"picked":"Singing Bowl","floor":40.0},{"not_picked":["Steam","Steam Power"],"picked":"Seek","floor":42.0},{"not_picked":["Go for the Eyes+1","Conserve Battery","Consume"],"picked":"Singing Bowl","floor":44.0},{"not_picked":["Undo","Reinforced Body+1","Barrage"],"picked":"Singing Bowl","floor":46},{"not_picked":["BootSequence+1","Compile Driver+1","Loop+1"],"picked":"Singing Bowl","floor":47},{"not_picked":["FTL","Streamline","BootSequence+1"],"picked":"Singing Bowl","floor":48}],"player_experience":135111,"relics_obtained":[{"floor":6.0,"key":"Letter Opener"},{"floor":9.0,"key":"PreservedInsect"},{"floor":10.0,"key":"Vajra"},{"floor":23.0,"key":"Anchor"},{"floor":26.0,"key":"Singing Bowl"},{"floor":40.0,"key":"Incense Burner"},{"floor":43.0,"key":"Pantograph"},{"floor":44.0,"key":"Boot"},{"floor":46,"key":"Bottled Lightning"}],"event_choices":[{"cards_removed":["Strike_B"],"damage_healed":0.0,"max_hp_gain":0.0,"max_hp_loss":0.0,"gold_gain":0.0,"event_name":"Purifier","player_choice":"Purged","floor":2.0,"gold_loss":0.0,"damage_taken":0.0},{"damage_healed":0.0,"max_hp_gain":0.0,"max_hp_loss":0.0,"gold_gain":175.0,"event_name":"Liars Game","player_choice":"AGREE","floor":12.0,"gold_loss":0.0,"damage_taken":0.0,"cards_obtained":["Doubt"]},{"damage_healed":0.0,"max_hp_gain":0.0,"max_hp_loss":0.0,"gold_gain":0.0,"cards_transformed":["Strike_B","Strike_B"],"event_name":"Designer","player_choice":"Transformed Cards","floor":19.0,"gold_loss":60.0,"damage_taken":0.0,"cards_obtained":["Biased Cognition","Auto Shields"]},{"damage_healed":0.0,"max_hp_gain":0.0,"max_hp_loss":0.0,"gold_gain":0.0,"event_name":"Addict","player_choice":"Obtained Relic","floor":25.0,"gold_loss":85.0,"damage_taken":0.0,"relics_obtained":["Mummified Hand"]},{"damage_healed":0.0,"max_hp_gain":0.0,"max_hp_loss":0.0,"gold_gain":0.0,"event_name":"Match and Keep!","player_choice":"1 cards matched","floor":37.0,"gold_loss":0.0,"damage_taken":0.0,"cards_obtained":["Double Energy"]},{"damage_healed":0.0,"max_hp_gain":0.0,"max_hp_loss":0.0,"gold_gain":0.0,"event_name":"Winding Halls","player_choice":"Embrace Madness","floor":45.0,"gold_loss":0.0,"damage_taken":11.0,"cards_obtained":["Madness","Madness"]}],"is_beta":false,"boss_relics":[{"not_picked":["Runic Dome","Fusion Hammer"],"picked":"Inserter"},{"not_picked":["Calling Bell","White Beast Statue"],"picked":"Cursed Key"}],"items_purged_floors":[21,28,36],"is_endless":false,"potions_floor_spawned":[1,3,4,6,10,13,20,29,30,31,38,39,42,48],"ascension_level":2}