{"gold_per_floor":[110,122,47,47,66,66,87,130,203,203,203,203,203,226,226,355,355,371,144,159,34,68,68,91,91,91,109,124,124,168,267,267,397,397,410,424,424,448,47,87,87,309,333,8,48,71,110,128,128,128],"floor_reached":51,"playtime":2129,"items_purged":["Strike_R","Strike_R","Strike_R","Strike_R","Strike_R"],"score":980,"play_id":"9b8ca9e9-4936-4429-ad3e-5e3e59b5dadd","local_time":"20181014194550","is_ascension_mode":false,"campfire_choices":[{"data":"Whirlwind","floor":6.0,"key":"SMITH"},{"data":"Bash","floor":11.0,"key":"SMITH"},{"data":"Pommel Strike","floor":13.0,"key":"SMITH"},{"data":"Flex","floor":15.0,"key":"SMITH"},{"data":"True Grit","floor":23.0,"key":"SMITH"},{"data":"Limit Break","floor":25.0,"key":"SMITH"},{"data":"True Grit","floor":29.0,"key":"SMITH"},{"data":"Flex","floor":32,"key":"SMITH"},{"data":"Dark Embrace","floor":41,"key":"SMITH"},{"data":"Corruption","floor":49,"key":"SMITH"}],"neow_cost":"NONE","seed_source_timestamp":27533871470820,"circlet_count":0,"master_deck":["Defend_R","Defend_R","Defend_R","Defend_R","Bash+1","Pommel Strike+1","Flex+1","Whirlwind+1","Warcry","Flex+1","Shrug It Off","Limit Break+1","Seeing Red+1","True Grit+1","Burning Pact","True Grit+1","Sentinel+1","Sentinel+1","Dark Embrace+1","Reaper","Warcry+1","Seeing Red","Warcry+1","Warcry+1","Feel No Pain","Impervious","Corruption+1"],"special_seed":0,"relics":["Burning Blood","Golden Idol","Incense Burner","Letter Opener","Runic Dome","Red Mask","Darkstone Periapt","Anchor","Coffee Dripper","Paper Frog","Calipers","Art of War","Lantern","Strawberry","Ornamental Fan"],"potions_floor_usage":[30,45,50,50],"damage_taken":[{"damage":1.0,"enemies":"Jaw Worm","floor":1.0,"turns":3.0},{"damage":0.0,"enemies":"Cultist","floor":2.0,"turns":2.0},{"damage":0.0,"enemies":"2 Louse","floor":5.0,"turns":2.0},{"damage":24.0,"enemies":"Exordium Wildlife","floor":7.0,"turns":4.0},{"damage":20.0,"enemies":"Gremlin Nob","floor":8.0,"turns":4.0},{"damage":0.0,"enemies":"Large Slime","floor":14.0,"turns":4.0},{"damage":37.0,"enemies":"Slime Boss","floor":16.0,"turns":8.0},{"damage":14.0,"enemies":"Shell Parasite","floor":18.0,"turns":4.0},{"damage":6.0,"enemies":"2 Thieves","floor":20.0,"turns":3.0},{"damage":0.0,"enemies":"Masked Bandits","floor":22.0,"turns":1.0},{"damage":0.0,"enemies":"Centurion and Healer","floor":24.0,"turns":5.0},{"damage":10.0,"enemies":"Snake Plant","floor":27.0,"turns":3.0},{"damage":0.0,"enemies":"3 Cultists","floor":28.0,"turns":2.0},{"damage":5,"enemies":"Slavers","floor":30,"turns":2},{"damage":0,"enemies":"Automaton","floor":33,"turns":4},{"damage":0,"enemies":"3 Darklings","floor":35,"turns":2},{"damage":0,"enemies":"Orb Walker","floor":36,"turns":3},{"damage":46,"enemies":"Spire Growth","floor":38,"turns":5},{"damage":2,"enemies":"Nemesis","floor":40,"turns":9},{"damage":0,"enemies":"2 Orb Walkers","floor":45,"turns":3},{"damage":0,"enemies":"4 Shapes","floor":46,"turns":3},{"damage":0,"enemies":"Nemesis","floor":47,"turns":3},{"damage":4,"enemies":"Transient","floor":48,"turns":5},{"damage":0,"enemies":"Time Eater","floor":50,"turns":4}],"seed_played":"6263845128988993168","potions_obtained":[{"floor":1.0,"key":"SkillPotion"},{"floor":14.0,"key":"SteroidPotion"},{"floor":24.0,"key":"SkillPotion"},{"floor":28.0,"key":"Dexterity Potion"},{"floor":33,"key":"GamblersBrew"},{"floor":46,"key":"Ancient Potion"}],"is_trial":false,"path_per_floor":["M","M","$","?","M","R","M","E","T","?","R","?","R","M","R","B",null,"M","$","M","$","?","R","M","R","T","M","M","R","E","?","R","B",null,"M","M","?","M","$","E","R","?","T","$","E","M","E","M","R","B"],"character_chosen":"IRONCLAD","items_purchased":["True Grit","Burning Pact","Paper Frog","Lantern"],"campfire_rested":0,"item_purchase_floors":[19,19,39,44],"current_hp_per_floor":[80,80,80,60,66,66,48,34,34,80,80,85,85,85,85,54,85,77,77,77,77,83,83,85,85,85,81,85,85,85,85,85,85,85,85,85,85,57,57,77,77,77,77,77,90,92,92,92,92,92],"gold":128,"neow_bonus":"THREE_CARDS","is_prod":false,"is_daily":false,"chose_seed":false,"campfire_upgraded":10,"win_rate":0,"timestamp":1539513950,"path_taken":["M","M","$","?","M","R","M","E","T","?","R","?","R","M","R","BOSS","M","$","M","$","?","R","M","R","T","?","M","R","E","?","R","BOSS","M","M","?","M","$","E","R","?","T","?","E","M","E","M","R","BOSS"],"build_version":"2018-10-11","purchased_purges":5,"victory":true,"max_hp_per_floor":[80,80,80,80,80,80,80,80,80,80,80,85,85,85,85,85,85,85,85,85,85,85,85,85,85,85,85,85,85,85,85,85,85,85,85,85,85,85,85,85,85,85,85,85,92,92,92,92,92,92],"card_choices":[{"not_picked":["Flame Barrier","Warcry"],"picked":"Pommel Strike","floor":0.0},{"not_picked":["Bloodletting","Thunderclap"],"picked":"Flex","floor":1.0},{"not_picked":["Warcry","Flex"],"picked":"Whirlwind","floor":2.0},{"not_picked":["Entrench","Hemokinesis"],"picked":"Warcry","floor":5.0},{"not_picked":["Thunderclap","Bloodletting"],"picked":"Flex","floor":7.0},{"not_picked":["Searing Blow","Pommel Strike","Perfected Strike"],"picked":"SKIP","floor":8.0},{"not_picked":["Anger","Rage"],"picked":"Shrug It Off","floor":14.0},{"not_picked":["Bludgeon","Offering"],"picked":"Limit Break","floor":16.0},{"not_picked":["Infernal Blade","Twin Strike"],"picked":"Seeing Red+1","floor":18.0},{"not_picked":["Clothesline","Iron Wave+1"],"picked":"True Grit","floor":20.0},{"not_picked":["Fire Breathing+1","Warcry"],"picked":"Sentinel+1","floor":24.0},{"not_picked":["Whirlwind","Dropkick"],"picked":"Sentinel+1","floor":27.0},{"not_picked":["Clash","Thunderclap+1"],"picked":"Dark Embrace","floor":28.0},{"not_picked":["Shrug It Off+1","Thunderclap","Heavy Blade"],"picked":"SKIP","floor":30},{"not_picked":["Brutality","Immolate"],"picked":"Reaper","floor":33},{"not_picked":["True Grit","Twin Strike+1"],"picked":"Warcry+1","floor":35},{"not_picked":["Armaments+1","Clothesline"],"picked":"Seeing Red","floor":36},{"not_picked":["Hemokinesis","Armaments"],"picked":"Warcry+1","floor":38},{"not_picked":["Clash+1","Anger+1"],"picked":"Feel No Pain","floor":40},{"not_picked":["Bloodletting","Warcry+1"],"picked":"Impervious","floor":45},{"not_picked":["Clash","Rage+1","Body Slam"],"picked":"SKIP","floor":46},{"not_picked":["Power Through+1","Clothesline+1","Second Wind"],"picked":"SKIP","floor":47},{"not_picked":["Fire Breathing","Warcry"],"picked":"Corruption","floor":48}],"player_experience":236871,"relics_obtained":[{"floor":8.0,"key":"Incense Burner"},{"floor":9.0,"key":"Letter Opener"},{"floor":22.0,"key":"Red Mask"},{"floor":26.0,"key":"Darkstone Periapt"},{"floor":30,"key":"Anchor"},{"floor":40,"key":"Calipers"},{"floor":43,"key":"Art of War"},{"floor":45,"key":"Strawberry"},{"floor":47,"key":"Ornamental Fan"}],"event_choices":[{"event_name":"Golden Idol","player_choice":"Take Damage","floor":4.0,"damage_taken":0.0},{"event_name":"Wheel of Change","player_choice":"Full Heal","floor":10.0,"damage_taken":0.0},{"event_name":"Big Fish","player_choice":"Donut","floor":12.0,"damage_taken":0.0},{"event_name":"Masked Bandits","player_choice":"Fought Bandits","floor":22.0,"damage_taken":0.0},{"event_name":"Nest","player_choice":"Stole From Cult","floor":31,"damage_taken":0},{"event_name":"Duplicator","player_choice":"One dupe","floor":37,"damage_taken":0},{"event_name":"Tomb of Lord Red Mask","player_choice":"Wore Mask","floor":42,"damage_taken":0}],"is_beta":false,"boss_relics":[{"not_picked":["Lizard Tail","Runic Pyramid"],"picked":"Runic Dome"},{"not_picked":["Snecko Eye","Tiny House"],"picked":"Coffee Dripper"}],"items_purged_floors":[3,19,21,39,44],"is_endless":false,"potions_floor_spawned":[1,14,24,28,33,35,46,47],"ascension_level":0}