{"gold_per_floor":[118,19,30,30,42,42,77,89,89,107,107,126,152,163,163,265,265,277,21,21,121,133,149,149,149,149,149,24,39,39,55,55,154,154,166,177,191,191,41,41,57,57,57,67,67,85,98,109,109,109],"floor_reached":51,"playtime":3541,"items_purged":["Strike_B","Strike_B","Strike_B","Strike_B"],"score":740,"play_id":"ff94f996-7860-48ff-9465-9054bfa6938e","local_time":"20180920225628","is_ascension_mode":false,"campfire_choices":[{"data":"Zap","floor":6.0,"key":"SMITH"},{"floor":11.0,"key":"REST"},{"data":"Streamline","floor":15.0,"key":"SMITH"},{"data":"Capacitor","floor":24.0,"key":"SMITH"},{"data":"Consume","floor":30.0,"key":"SMITH"},{"floor":32.0,"key":"REST"},{"data":"1","floor":40.0,"key":"LIFT"},{"data":"Blizzard","floor":45,"key":"SMITH"},{"floor":49,"key":"REST"}],"neow_cost":"","seed_source_timestamp":533861335704888,"circlet_count":0,"master_deck":["Defend_B","Defend_B","Defend_B","Defend_B","Zap+1","Dualcast","Sweeping Beam","Gash","FTL","Go for the Eyes","Conserve Battery","Cold Snap","Capacitor+1","Leap","Streamline+1","Ball Lightning","Electrodynamics","Hologram","Auto Shields","Consume+1","Leap+1","Compile Driver+1","Capacitor+1","Reboot","Blizzard+1","Hologram+1","Coolheaded+1","Defragment+1","Writhe","Leap","Coolheaded+1","Stack+1"],"special_seed":0,"relics":["FrozenCore","Lantern","Dodecahedron","Question Card","Bronze Scales","PreservedInsect","Girya","Sundial","Pear","Nilry\u0027s Codex","Cursed Key"],"potions_floor_usage":[50,50,50],"damage_taken":[{"damage":0.0,"enemies":"Small Slimes","floor":1.0,"turns":2.0},{"damage":1.0,"enemies":"Jaw Worm","floor":3.0,"turns":4.0},{"damage":0.0,"enemies":"Cultist","floor":5.0,"turns":3.0},{"damage":16.0,"enemies":"Lagavulin","floor":7.0,"turns":6.0},{"damage":2.0,"enemies":"3 Louse","floor":8.0,"turns":2.0},{"damage":0.0,"enemies":"Blue Slaver","floor":10.0,"turns":3.0},{"damage":7.0,"enemies":"Large Slime","floor":12.0,"turns":4.0},{"damage":15.0,"enemies":"3 Sentries","floor":13.0,"turns":6.0},{"damage":0.0,"enemies":"Exordium Thugs","floor":14.0,"turns":3.0},{"damage":0.0,"enemies":"Slime Boss","floor":16.0,"turns":5.0},{"damage":3.0,"enemies":"3 Byrds","floor":18.0,"turns":3.0},{"damage":7.0,"enemies":"Colosseum Slavers","floor":21.0,"turns":5.0},{"damage":10.0,"enemies":"Colosseum Nobs","floor":21.0,"turns":4.0},{"damage":0.0,"enemies":"Chosen","floor":22.0,"turns":5.0},{"damage":0.0,"enemies":"Centurion and Healer","floor":23.0,"turns":6.0},{"damage":1.0,"enemies":"Chosen and Byrds","floor":29.0,"turns":5.0},{"damage":19.0,"enemies":"Shelled Parasite and Fungi","floor":31.0,"turns":9.0},{"damage":10.0,"enemies":"Collector","floor":33.0,"turns":10.0},{"damage":12.0,"enemies":"3 Darklings","floor":35.0,"turns":5.0},{"damage":4.0,"enemies":"Orb Walker","floor":36.0,"turns":5.0},{"damage":11.0,"enemies":"Reptomancer","floor":37.0,"turns":6.0},{"damage":11.0,"enemies":"Transient","floor":41.0,"turns":5.0},{"damage":3,"enemies":"Sphere and 2 Shapes","floor":44,"turns":4},{"damage":12,"enemies":"3 Darklings","floor":46,"turns":7},{"damage":0,"enemies":"Maw","floor":47,"turns":10},{"damage":12,"enemies":"Sphere and 2 Shapes","floor":48,"turns":6},{"damage":0,"enemies":"Time Eater","floor":50,"turns":13}],"seed_played":"3443538152466689133","potions_obtained":[{"floor":7.0,"key":"SteroidPotion"},{"floor":12.0,"key":"FearPotion"},{"floor":13.0,"key":"PowerPotion"},{"floor":16.0,"key":"Poison Potion"},{"floor":21.0,"key":"FocusPotion"},{"floor":29.0,"key":"EssenceOfSteel"},{"floor":31.0,"key":"Dexterity Potion"},{"floor":33.0,"key":"Strength Potion"}],"is_trial":false,"path_per_floor":["M","$","M","?","M","R","E","M","T","M","R","M","E","M","R","B",null,"M","$","?","?","M","M","R","?","T","?","$","M","R","M","R","B",null,"M","M","M","?","$","R","M","?","T","M","R","M","M","M","R","B"],"character_chosen":"DEFECT","items_purchased":["Gash","PreservedInsect"],"campfire_rested":3,"item_purchase_floors":[2,19],"current_hp_per_floor":[75,75,74,62,62,62,46,44,44,44,66,59,44,44,44,44,75,72,72,72,55,55,55,55,55,65,49,49,48,48,36,61,51,85,73,69,58,58,58,58,47,68,68,65,65,60,60,48,73,73],"gold":109,"neow_bonus":"","is_prod":false,"is_daily":false,"chose_seed":false,"campfire_upgraded":5,"win_rate":0.0,"timestamp":1537451788,"path_taken":["M","$","M","?","M","R","E","M","T","M","R","M","E","M","R","BOSS","M","$","?","?","M","?","R","?","T","?","$","M","R","M","R","BOSS","M","M","M","?","$","R","M","?","T","M","R","M","?","M","R","BOSS"],"build_version":"2018-09-06","purchased_purges":4,"victory":true,"max_hp_per_floor":[75,75,75,75,75,75,75,75,75,75,75,75,75,75,75,75,75,75,75,75,75,75,75,75,75,85,85,85,85,85,85,85,85,85,85,85,85,85,85,85,85,85,85,85,85,85,85,85,85,85],"card_choices":[{"not_picked":["Beam Cell","Double Energy"],"picked":"Sweeping Beam","floor":1.0},{"not_picked":["Streamline","Genetic Algorithm"],"picked":"FTL","floor":3.0},{"not_picked":["Skim","Stack"],"picked":"Go for the Eyes","floor":5.0},{"not_picked":["Genetic Algorithm","Stack"],"picked":"Conserve Battery","floor":7.0},{"not_picked":["Static Discharge","Steam"],"picked":"Cold Snap","floor":8.0},{"not_picked":["Chill","Melter","Double Energy"],"picked":"Capacitor","floor":10.0},{"not_picked":["Scrape","Sweeping Beam","Aggregate"],"picked":"Leap","floor":12.0},{"not_picked":["Auto Shields","Redo","Force Field"],"picked":"Streamline","floor":13.0},{"not_picked":["Go for the Eyes","Reprogram","Barrage"],"picked":"Ball Lightning","floor":14.0},{"not_picked":["Reboot","Creative AI","Buffer"],"picked":"Electrodynamics","floor":16.0},{"not_picked":["Ball Lightning+1","Aggregate","Conserve Battery"],"picked":"Hologram","floor":18.0},{"not_picked":["Skim","Streamline","Ball Lightning"],"picked":"Auto Shields","floor":21.0},{"not_picked":["Beam Cell","Streamline","Heatsinks"],"picked":"Consume","floor":22.0},{"not_picked":["Reprogram+1","Stack","Steam+1"],"picked":"Leap+1","floor":23.0},{"not_picked":["Force Field","Hologram+1","Chaos"],"picked":"Compile Driver+1","floor":29.0},{"not_picked":["Static Discharge","Gash","BootSequence"],"picked":"Capacitor+1","floor":31.0},{"not_picked":["Creative AI","Biased Cognition","Thunder Strike"],"picked":"Reboot","floor":33.0},{"not_picked":["Redo","Hologram","Sweeping Beam"],"picked":"Blizzard","floor":35.0},{"not_picked":["Barrage","Reprogram+1","Steam Power"],"picked":"Hologram+1","floor":36.0},{"not_picked":["Redo","Compile Driver","FTL"],"picked":"Coolheaded+1","floor":37.0},{"not_picked":["Amplify","Double Energy","Barrage+1"],"picked":"Defragment+1","floor":41.0},{"not_picked":["Chaos","Skim+1","Steam"],"picked":"Leap","floor":44},{"not_picked":["Leap","Beam Cell","Doom and Gloom+1"],"picked":"Coolheaded+1","floor":46},{"not_picked":["Compile Driver+1","Melter+1","Self Repair"],"picked":"Stack+1","floor":47},{"not_picked":["Cold Snap","Beam Cell+1","Steam+1","Ball Lightning"],"picked":"SKIP","floor":48}],"player_experience":7287,"relics_obtained":[{"floor":7.0,"key":"Dodecahedron"},{"floor":9.0,"key":"Question Card"},{"floor":13.0,"key":"Bronze Scales"},{"floor":21.0,"key":"Girya"},{"floor":21.0,"key":"Sundial"},{"floor":26.0,"key":"Pear"},{"floor":27.0,"key":"Nilry\u0027s Codex"}],"event_choices":[{"event_name":"Scrap Ooze","player_choice":"success","floor":4.0,"damage_taken":12.0},{"event_name":"Ghosts","player_choice":"Ignored","floor":20.0,"damage_taken":0.0},{"event_name":"Colosseum","player_choice":"Fight","floor":21.0,"damage_taken":0.0},{"event_name":"Colosseum","player_choice":"Fought Nobs","floor":21.0,"damage_taken":0.0},{"event_name":"N\u0027loth","player_choice":"Ignored","floor":25.0,"damage_taken":0.0},{"event_name":"Cursed Tome","player_choice":"Obtained Book","floor":27.0,"damage_taken":0.0},{"event_name":"Tomb of Lord Red Mask","player_choice":"Ignored","floor":38.0,"damage_taken":0.0},{"event_name":"Winding Halls","player_choice":"Writhe","floor":42.0,"damage_taken":0.0}],"is_beta":false,"boss_relics":[{"not_picked":["Velvet Choker","Eternal Feather"],"picked":"FrozenCore"},{"not_picked":["White Beast Statue","Tiny House"],"picked":"Cursed Key"}],"items_purged_floors":[2,19,28,39],"is_endless":false,"potions_floor_spawned":[7,12,13,16,21,29,31,33,35,46,47],"ascension_level":0}