{"gold_per_floor":[109,17,36,48,66,66,77,77,77,92,92,149,176,194,194,290,290,303,147,147,147,161,161,106,106,106,106,123,123,47,58,58,154,154,164,0,20,120,137,137,169,185,234,234,17,17,35,49,49,49],"floor_reached":51,"playtime":3326,"items_purged":["Strike_B","Writhe"],"score":704,"play_id":"2a032edd-e95d-4381-969f-2e43f8a6ed47","local_time":"20180923045316","is_ascension_mode":false,"campfire_choices":[{"data":"Zap","floor":6,"key":"SMITH"},{"data":"Sunder","floor":8,"key":"SMITH"},{"floor":11,"key":"REST"},{"floor":15,"key":"REST"},{"floor":23,"key":"DIG"},{"floor":25,"key":"DIG"},{"floor":27,"key":"DIG"},{"floor":32,"key":"DIG"},{"data":"Consume","floor":40,"key":"SMITH"},{"floor":49,"key":"REST"}],"neow_cost":"PERCENT_DAMAGE","seed_source_timestamp":117187022582904,"circlet_count":0,"master_deck":["Defend_B+1","Defend_B+1","Defend_B+1","Zap+1","Dualcast","Sweeping Beam","Conserve Battery+1","Sunder+1","Cold Snap","Hologram","Conserve Battery","Echo Form","Stack+1","Melter","Capacitor","Creative AI","White Noise+1","Gash+1","Ball Lightning+1","Consume+1","Loop","Capacitor+1","Turbo","Hello World","Coolheaded","Machine Learning","Go for the Eyes+1","Undo","Cold Snap+1","Leap+1","Streamline+1","Coolheaded","Darkness","White Noise"],"relics":["Cracked Core","Ornamental Fan","Strawberry","Shovel","Astrolabe","Letter Opener","Orichalcum","Tiny Chest","War Paint","Molten Egg 2","Pear","Shuriken","Nuclear Battery","Red Mask","Mercury Hourglass","Dream Catcher"],"potions_floor_usage":[5,14,22,31,33,37,42,47,50,50,50,50],"damage_taken":[{"damage":0,"enemies":"Cultist","floor":1,"turns":3},{"damage":10,"enemies":"Small Slimes","floor":3,"turns":2},{"damage":6,"enemies":"Jaw Worm","floor":4,"turns":2},{"damage":15,"enemies":"Gremlin Gang","floor":5,"turns":4},{"damage":8,"enemies":"Lots of Slimes","floor":7,"turns":2},{"damage":0,"enemies":"Blue Slaver","floor":10,"turns":3},{"damage":14,"enemies":"Lagavulin Event","floor":12,"turns":5},{"damage":13,"enemies":"3 Sentries","floor":13,"turns":5},{"damage":5,"enemies":"Exordium Thugs","floor":14,"turns":6},{"damage":18,"enemies":"Hexaghost","floor":16,"turns":10},{"damage":9,"enemies":"Spheric Guardian","floor":18,"turns":4},{"damage":13,"enemies":"3 Byrds","floor":22,"turns":4},{"damage":10,"enemies":"Snecko","floor":28,"turns":5},{"damage":8,"enemies":"Cultist and Chosen","floor":31,"turns":8},{"damage":1,"enemies":"Automaton","floor":33,"turns":11},{"damage":10,"enemies":"3 Shapes","floor":35,"turns":3},{"damage":16,"enemies":"3 Darklings","floor":37,"turns":5},{"damage":0,"enemies":"Sphere and 2 Shapes","floor":39,"turns":5},{"damage":52,"enemies":"2 Orb Walkers","floor":41,"turns":7},{"damage":20,"enemies":"Transient","floor":42,"turns":5},{"damage":8,"enemies":"Maw","floor":47,"turns":9},{"damage":12,"enemies":"Spire Growth","floor":48,"turns":6},{"damage":14,"enemies":"Donu and Deca","floor":50,"turns":10}],"seed_played":"4092907902483336938","potions_obtained":[{"floor":3,"key":"SkillPotion"},{"floor":7,"key":"Strength Potion"},{"floor":10,"key":"Weak Potion"},{"floor":16,"key":"SpeedPotion"},{"floor":18,"key":"GamblersBrew"},{"floor":28,"key":"Fire Potion"},{"floor":31,"key":"SkillPotion"},{"floor":35,"key":"Fruit Juice"},{"floor":42,"key":"Poison Potion"},{"floor":46,"key":"EntropicBrew"},{"floor":46,"key":"EssenceOfSteel"}],"is_trial":false,"path_per_floor":["M","$","M","M","M","R","M","R","T","M","R","?","E","M","R","B",null,"M","$","?","?","M","R","?","R","T","R","M","?","$","M","R","B",null,"M","?","M","?","M","R","E","M","T","?","$","?","M","M","R","B"],"character_chosen":"DEFECT","items_purchased":["Conserve Battery","Sunder","Loop","Hello World","Coolheaded","Darkness"],"campfire_rested":3,"item_purchase_floors":[2,2,19,30,45,45],"current_hp_per_floor":[65,65,55,49,34,34,26,26,26,26,52,45,32,27,55,37,96,87,87,87,87,74,74,74,74,74,84,74,74,74,66,66,65,106,96,96,85,85,85,85,33,13,13,41,41,41,33,28,61,47],"gold":49,"neow_bonus":"TWENTY_PERCENT_HP_BONUS","is_prod":false,"is_daily":false,"chose_seed":false,"campfire_upgraded":3,"win_rate":1,"timestamp":1537645996,"path_taken":["M","$","M","M","M","R","M","R","T","M","R","?","E","?","R","BOSS","M","$","?","?","M","R","?","R","T","R","?","?","$","M","R","BOSS","M","?","M","?","M","R","E","?","T","?","$","?","?","M","R","BOSS"],"build_version":"2018-09-20","purchased_purges":2,"victory":true,"max_hp_per_floor":[89,89,89,89,89,89,89,89,89,89,89,96,96,96,96,96,96,96,96,96,96,96,96,96,96,96,106,106,106,106,106,106,106,106,106,106,111,111,111,111,111,111,111,111,111,111,111,111,111,111],"card_choices":[{"not_picked":["Redo","Turbo"],"picked":"Sweeping Beam","floor":1},{"not_picked":["Sweeping Beam","Turbo"],"picked":"Cold Snap","floor":3},{"not_picked":["Sweeping Beam","Chaos"],"picked":"Hologram","floor":4},{"not_picked":["Skim","Double Energy","Barrage"],"picked":"SKIP","floor":5},{"not_picked":["Beam Cell","Hologram"],"picked":"Conserve Battery","floor":7},{"not_picked":["Force Field","Steam"],"picked":"Echo Form","floor":10},{"not_picked":["Redo","Cold Snap"],"picked":"Stack","floor":12},{"not_picked":["Hologram","Conserve Battery"],"picked":"Melter","floor":13},{"not_picked":["Stack","Hologram"],"picked":"Capacitor","floor":14},{"not_picked":["Reboot","Fission"],"picked":"Creative AI","floor":16},{"not_picked":["Leap+1","Barrage"],"picked":"Consume","floor":18},{"not_picked":["Aggregate","Skim+1"],"picked":"Capacitor+1","floor":22},{"not_picked":["Leap","Hello World+1"],"picked":"Turbo","floor":28},{"not_picked":["Steam","Redo"],"picked":"Coolheaded","floor":31},{"not_picked":["Creative AI","Rainbow"],"picked":"Machine Learning","floor":33},{"not_picked":["Cold Snap+1","Double Energy+1"],"picked":"Go for the Eyes+1","floor":35},{"not_picked":["Barrage+1","BootSequence"],"picked":"Undo","floor":37},{"not_picked":["Fusion","Go for the Eyes+1"],"picked":"Cold Snap+1","floor":39},{"not_picked":["Rebound+1","Coolheaded"],"picked":"Leap+1","floor":41},{"not_picked":["Self Repair+1","Hologram"],"picked":"Streamline+1","floor":42},{"not_picked":["Conserve Battery","Hologram","Creative AI"],"picked":"SKIP","floor":47},{"not_picked":["Cold Snap+1","Ball Lightning+1","Beam Cell+1"],"picked":"SKIP","floor":48},{"not_picked":["Hologram+1","Barrage+1"],"picked":"White Noise","floor":49}],"player_experience":25418,"relics_obtained":[{"floor":9,"key":"Ornamental Fan"},{"floor":12,"key":"Strawberry"},{"floor":13,"key":"Shovel"},{"floor":23,"key":"Orichalcum"},{"floor":25,"key":"War Paint"},{"floor":26,"key":"Molten Egg 2"},{"floor":27,"key":"Pear"},{"floor":32,"key":"Shuriken"},{"floor":41,"key":"Mercury Hourglass"},{"floor":43,"key":"Dream Catcher"}],"event_choices":[{"event_name":"Dead Adventurer","player_choice":"Searched \u00272\u0027 times","floor":12,"damage_taken":0},{"event_name":"The Mausoleum","player_choice":"Yes","floor":20,"damage_taken":0},{"event_name":"Purifier","player_choice":"One Purge","floor":21,"damage_taken":0},{"event_name":"Addict","player_choice":"Obtained Relic","floor":24,"damage_taken":0},{"event_name":"Back to Basics","player_choice":"Simplicity","floor":29,"damage_taken":0},{"event_name":"Tomb of Lord Red Mask","player_choice":"Paid","floor":36,"damage_taken":0},{"event_name":"Golden Shrine","player_choice":"Pray","floor":38,"damage_taken":0},{"event_name":"Winding Halls","player_choice":"Writhe","floor":44,"damage_taken":0},{"event_name":"The Lab","player_choice":"Got Potions","floor":46,"damage_taken":0}],"is_beta":false,"boss_relics":[{"not_picked":["Runic Pyramid","White Beast Statue"],"picked":"Astrolabe"},{"not_picked":["Black Star","Cursed Key"],"picked":"Nuclear Battery"}],"items_purged_floors":[19,45],"is_endless":false,"potions_floor_spawned":[3,7,10,16,18,28,31,35,42],"ascension_level":0}