{"gold_per_floor":[117,136,150,2,20,20,47,61,84,96,121,143,155,184,196,306,318,341,373,397,334,357,369,381,408,475,499,511],"floor_reached":28,"playtime":3617,"items_purged":["Strike_B"],"score":228,"play_id":"d5326ce5-8579-48af-ab94-5ff2df262684","local_time":"20190828171440","is_ascension_mode":false,"campfire_choices":[{"data":"Dualcast","floor":6.0,"key":"SMITH"},{"data":"Loop","floor":10.0,"key":"SMITH"},{"data":"Go for the Eyes","floor":13.0,"key":"SMITH"},{"data":"Coolheaded","floor":15.0,"key":"SMITH"},{"floor":23.0,"key":"REST"}],"neow_cost":"NONE","seed_source_timestamp":226929894500,"circlet_count":0,"master_deck":["Strike_B","Defend_B","Defend_B","Defend_B","Defend_B","Zap","Dualcast+1","Cold Snap","Ball Lightning","Hologram","Thunder Strike","Coolheaded+1","Heatsinks","Loop+1","Go for the Eyes+1","Sweeping Beam","Redo","All For One","Gash","Hologram","Beam Cell","Gash","Fission","Capacitor","Steam+1"],"special_seed":0,"relics":["Cracked Core","Matryoshka","MawBank","Vajra","Inserter","Dream Catcher","Omamori"],"potions_floor_usage":[28,28],"damage_taken":[{"damage":0.0,"enemies":"Cultist","floor":1.0,"turns":3.0},{"damage":6.0,"enemies":"Jaw Worm","floor":2.0,"turns":3.0},{"damage":0.0,"enemies":"2 Louse","floor":3.0,"turns":2.0},{"damage":1.0,"enemies":"Gremlin Gang","floor":5.0,"turns":4.0},{"damage":16.0,"enemies":"Gremlin Nob","floor":7.0,"turns":4.0},{"damage":7.0,"enemies":"2 Fungi Beasts","floor":8.0,"turns":2.0},{"damage":9.0,"enemies":"Large Slime","floor":11.0,"turns":6.0},{"damage":18.0,"enemies":"Lots of Slimes","floor":12.0,"turns":3.0},{"damage":0.0,"enemies":"Blue Slaver","floor":14.0,"turns":3.0},{"damage":20.0,"enemies":"Slime Boss","floor":16.0,"turns":8.0},{"damage":26.0,"enemies":"3 Byrds","floor":18.0,"turns":5.0},{"damage":25.0,"enemies":"Shell Parasite","floor":19.0,"turns":6.0},{"damage":26.0,"enemies":"Centurion and Healer","floor":20.0,"turns":9.0},{"damage":11.0,"enemies":"Cultist and Chosen","floor":22.0,"turns":6.0},{"damage":17.0,"enemies":"3 Cultists","floor":25.0,"turns":5.0},{"damage":13.0,"enemies":"Snake Plant","floor":27.0,"turns":4.0},{"damage":3,"enemies":"Slavers","floor":28,"turns":2}],"seed_played":"-7997470934649119331","potions_obtained":[{"floor":2.0,"key":"AttackPotion"},{"floor":3.0,"key":"Regen Potion"},{"floor":5.0,"key":"SneckoOil"},{"floor":14.0,"key":"FairyPotion"},{"floor":18.0,"key":"Strength Potion"},{"floor":19.0,"key":"Dexterity Potion"},{"floor":25.0,"key":"Strength Potion"}],"is_trial":false,"path_per_floor":["M","M","M","$","M","R","E","M","T","R","M","M","R","M","R","B",null,"M","M","M","?","M","R","?","M","T","M","E"],"character_chosen":"DEFECT","items_purchased":["Thunder Strike"],"campfire_rested":1,"item_purchase_floors":[4],"current_hp_per_floor":[82,76,76,76,75,75,59,52,52,52,43,25,25,25,25,19,82,56,31,5,5,8,32,32,15,15,2,0],"gold":511,"neow_bonus":"TEN_PERCENT_HP_BONUS","is_prod":false,"is_daily":false,"chose_seed":false,"campfire_upgraded":4,"win_rate":0.0,"timestamp":1566980080,"path_taken":["M","M","M","$","M","R","E","M","T","R","M","M","R","M","R","BOSS","M","M","?","?","M","R","?","M","T","?","E"],"build_version":"2019-07-17","purchased_purges":1,"victory":false,"max_hp_per_floor":[82,82,82,82,82,82,82,82,82,82,82,82,82,82,82,82,82,82,82,82,82,82,82,82,82,82,82,82],"card_choices":[{"not_picked":["Hologram","Glacier"],"picked":"Cold Snap","floor":1.0},{"not_picked":["Streamline","Stack"],"picked":"Ball Lightning","floor":2.0},{"not_picked":["Force Field","Leap"],"picked":"Hologram","floor":3.0},{"not_picked":["Redo","Hologram"],"picked":"Coolheaded","floor":5.0},{"not_picked":["Melter","Chaos"],"picked":"Heatsinks","floor":7.0},{"not_picked":["Cold Snap","Amplify"],"picked":"Loop","floor":8.0},{"not_picked":["Coolheaded","Conserve Battery"],"picked":"Go for the Eyes","floor":11.0},{"not_picked":["Leap","Chaos"],"picked":"Sweeping Beam","floor":12.0},{"not_picked":["Aggregate","Sweeping Beam"],"picked":"Redo","floor":14.0},{"not_picked":["Rainbow","Machine Learning"],"picked":"All For One","floor":16.0},{"not_picked":["Coolheaded","Hologram"],"picked":"Gash","floor":18.0},{"not_picked":["Coolheaded","Stack"],"picked":"Hologram","floor":19.0},{"not_picked":["Hologram","Blizzard"],"picked":"Beam Cell","floor":20.0},{"not_picked":["Coolheaded+1","Compile Driver"],"picked":"Gash","floor":22.0},{"not_picked":["Stack+1","Redo"],"picked":"Capacitor","floor":25.0},{"not_picked":["BootSequence","Electrodynamics"],"picked":"Steam+1","floor":27.0}],"player_experience":117544,"relics_obtained":[{"floor":7.0,"key":"Matryoshka"},{"floor":9.0,"key":"MawBank"},{"floor":9.0,"key":"Vajra"},{"floor":26.0,"key":"Dream Catcher"},{"floor":26.0,"key":"Omamori"}],"event_choices":[{"cards_removed":["Strike_B"],"damage_healed":0.0,"max_hp_gain":0.0,"max_hp_loss":0.0,"gold_gain":0.0,"event_name":"Beggar","player_choice":"Gave Gold","floor":21.0,"gold_loss":75.0,"damage_taken":0.0},{"damage_healed":0.0,"max_hp_gain":0.0,"max_hp_loss":0.0,"gold_gain":0.0,"cards_transformed":["Strike_B"],"event_name":"Transmorgrifier","player_choice":"Transformed","floor":24.0,"gold_loss":0.0,"damage_taken":0.0,"cards_obtained":["Fission"]}],"is_beta":false,"boss_relics":[{"not_picked":["Pandora\u0027s Box","Sozu"],"picked":"Inserter"}],"items_purged_floors":[4],"is_endless":false,"potions_floor_spawned":[2,3,5,14,18,19,25],"killed_by":"Slavers","ascension_level":0}