{"gold_per_floor":[111,130,142,142,161,117,117,117,117,143,153,153,74,249,249,352,352,365,365,365,365,376,376,30,30,30,30,50,50,68,68],"floor_reached":31,"playtime":1736,"items_purged":["Doubt"],"score":258,"play_id":"4da00230-9e11-4374-b592-9cecbc05725a","local_time":"20190831210239","is_ascension_mode":false,"campfire_choices":[{"data":"Perfected Strike","floor":7,"key":"SMITH"},{"data":"Iron Wave","floor":12,"key":"SMITH"},{"data":"Flex","floor":15,"key":"SMITH"},{"floor":23,"key":"REST"},{"data":"Searing Blow","floor":27,"key":"SMITH"}],"neow_cost":"NONE","seed_source_timestamp":631787529796446,"circlet_count":0,"master_deck":["Defend_R","Defend_R","Defend_R","Defend_R","Bash","Perfected Strike+1","Inflame+1","Flex+1","Iron Wave+1","Perfected Strike","Cleave","Offering","Bite","Bite","Bite","Bite","Bite","Necronomicurse","Searing Blow+1","Inflame","Flex","Apotheosis","Reaper","Whirlwind"],"relics":["Burning Blood","Strawberry","Red Skull","Ornamental Fan","Eternal Feather","Necronomicon","Matryoshka"],"potions_floor_usage":[11,16,16],"damage_taken":[{"damage":1,"enemies":"Cultist","floor":1,"turns":4},{"damage":2,"enemies":"2 Louse","floor":2,"turns":3},{"damage":0,"enemies":"Small Slimes","floor":3,"turns":3},{"damage":10,"enemies":"Looter","floor":5,"turns":3},{"damage":27,"enemies":"Gremlin Nob","floor":10,"turns":4},{"damage":6,"enemies":"3 Louse","floor":11,"turns":5},{"damage":69,"enemies":"The Guardian","floor":16,"turns":10},{"damage":20,"enemies":"Chosen","floor":18,"turns":5},{"damage":28,"enemies":"Spheric Guardian","floor":22,"turns":4},{"damage":54,"enemies":"3 Cultists","floor":28,"turns":6},{"damage":59,"enemies":"Cultist and Chosen","floor":30,"turns":7},{"damage":41,"enemies":"Centurion and Healer","floor":31,"turns":4}],"seed_played":"865505873665220553","potions_obtained":[{"floor":1,"key":"FearPotion"},{"floor":3,"key":"Dexterity Potion"},{"floor":22,"key":"AttackPotion"},{"floor":30,"key":"FairyPotion"}],"is_trial":false,"path_per_floor":["M","M","M","?","M","?","R","?","T","E","M","R","$","?","R","B",null,"M","?","?","?","M","R","$","?","T","R","M","$","M","M"],"character_chosen":"IRONCLAD","items_purchased":["Regen Potion","Flex","Apotheosis","BloodPotion"],"campfire_rested":1,"item_purchase_floors":[13,24,24,24],"current_hp_per_floor":[87,87,87,87,83,83,83,88,88,67,67,67,67,67,67,19,92,78,64,48,48,30,61,61,61,61,64,22,22,15,0],"gold":68,"neow_bonus":"RANDOM_COMMON_RELIC","is_prod":false,"is_daily":false,"chose_seed":false,"campfire_upgraded":4,"win_rate":0.0,"timestamp":1567303359,"path_taken":["M","M","?","?","M","?","R","?","T","E","M","R","$","?","R","BOSS","M","?","?","?","M","R","$","?","T","R","M","?","M","M"],"build_version":"2019-07-17","purchased_purges":1,"victory":false,"max_hp_per_floor":[87,87,87,87,87,87,87,92,92,92,92,92,92,92,92,92,92,92,64,64,64,64,64,64,64,64,64,64,64,64,64],"card_choices":[{"not_picked":["Disarm","Seeing Red"],"picked":"Perfected Strike","floor":1},{"not_picked":["Clash","Anger"],"picked":"Inflame","floor":2},{"not_picked":["Iron Wave","Armaments"],"picked":"Flex","floor":3},{"not_picked":["Clothesline","Cleave"],"picked":"Iron Wave","floor":5},{"not_picked":["Demon Form","Headbutt"],"picked":"Perfected Strike","floor":10},{"not_picked":["Sentinel","Sword Boomerang"],"picked":"Cleave","floor":11},{"not_picked":["Feed","Fiend Fire"],"picked":"Offering","floor":16},{"not_picked":["Sword Boomerang","Pummel","Wild Strike"],"picked":"SKIP","floor":18},{"not_picked":["Perfected Strike","Warcry"],"picked":"Inflame","floor":22},{"not_picked":["Shrug It Off","Flex"],"picked":"Reaper","floor":28},{"not_picked":["Headbutt","Twin Strike"],"picked":"Whirlwind","floor":30}],"player_experience":54966,"relics_obtained":[{"floor":9,"key":"Red Skull"},{"floor":10,"key":"Ornamental Fan"},{"floor":20,"key":"Necronomicon"},{"floor":26,"key":"Matryoshka"}],"event_choices":[{"damage_healed":0,"gold_gain":0,"player_choice":"Grow","damage_taken":0,"max_hp_gain":0,"max_hp_loss":0,"event_name":"Living Wall","floor":4,"gold_loss":0,"cards_upgraded":["Inflame"]},{"damage_healed":0,"gold_gain":0,"player_choice":"Left Gold","damage_taken":0,"max_hp_gain":0,"max_hp_loss":0,"event_name":"World of Goop","floor":6,"gold_loss":44},{"damage_healed":0,"gold_gain":0,"player_choice":"Donut","damage_taken":0,"max_hp_gain":5,"max_hp_loss":0,"event_name":"Big Fish","floor":8,"gold_loss":0},{"damage_healed":0,"gold_gain":175,"player_choice":"AGREE","damage_taken":0,"max_hp_gain":0,"max_hp_loss":0,"event_name":"Liars Game","floor":14,"gold_loss":0,"cards_obtained":["Doubt"]},{"damage_healed":0,"gold_gain":0,"player_choice":"Became a vampire","damage_taken":0,"max_hp_gain":0,"max_hp_loss":28,"event_name":"Vampires","floor":19,"gold_loss":0,"cards_obtained":["Bite","Bite","Bite","Bite","Bite"]},{"damage_healed":0,"gold_gain":0,"player_choice":"Obtained Book","damage_taken":16,"max_hp_gain":0,"max_hp_loss":0,"event_name":"Cursed Tome","floor":20,"gold_loss":0},{"damage_healed":0,"gold_gain":0,"player_choice":"Read","damage_taken":0,"max_hp_gain":0,"max_hp_loss":0,"event_name":"The Library","floor":21,"gold_loss":0,"cards_obtained":["Searing Blow"]},{"damage_healed":0,"gold_gain":0,"player_choice":"Ignored","damage_taken":0,"max_hp_gain":0,"max_hp_loss":0,"event_name":"Ghosts","floor":25,"gold_loss":0}],"is_beta":false,"boss_relics":[{"not_picked":["Runic Dome","Sozu"],"picked":"Eternal Feather"}],"items_purged_floors":[24],"is_endless":false,"potions_floor_spawned":[1,3,22,30],"killed_by":"Centurion and Healer","ascension_level":0}