{"gold_per_floor":[114,114,64,75,92,120,130,130,130,130,55,55,55,55,55,157,157,157,157,157,72,72,72,72,72,72,72,72,72,72,72,72,72,72,72,72,72,72,1,1,1,1,1],"floor_reached":44,"playtime":1884,"items_purged":["Strike_R"],"score":662,"play_id":"06b7b2b8-7e1d-4c3a-a65e-93d546512784","local_time":"20181028164311","is_ascension_mode":false,"campfire_choices":[{"data":"Bash","floor":8.0,"key":"SMITH"},{"data":"Double Tap","floor":13.0,"key":"SMITH"},{"data":"Spot Weakness","floor":15.0,"key":"SMITH"},{"data":"Fiend Fire","floor":23.0,"key":"SMITH"},{"data":"Inflame","floor":25.0,"key":"SMITH"},{"data":"Shrug It Off","floor":28.0,"key":"SMITH"},{"data":"Clash","floor":32.0,"key":"SMITH"},{"data":"Feel No Pain","floor":40.0,"key":"SMITH"}],"neow_cost":"NONE","seed_source_timestamp":29656477327030,"circlet_count":0,"master_deck":["Strike_R","Strike_R","Strike_R","Defend_R","Defend_R","Defend_R","Defend_R","Bash+1","Shrug It Off+1","Jack Of All Trades","Double Tap+1","Dropkick","Spot Weakness+1","Clash+1","Fiend Fire+1","True Grit+1","True Grit+1","Inflame+1","Shockwave+1","Limit Break+1","Dual Wield+1","True Grit+1","Feel No Pain+1","True Grit+1"],"special_seed":0,"relics":["Burning Blood","NeowsBlessing","Centennial Puzzle","Blue Candle","Toxic Egg 2","Ectoplasm","Singing Bowl","Tiny Chest","Runic Pyramid"],"potions_floor_usage":[43,43],"damage_taken":[{"damage":0.0,"enemies":"2 Louse","floor":1.0,"turns":1.0},{"damage":0.0,"enemies":"Cultist","floor":4.0,"turns":1.0},{"damage":0.0,"enemies":"Jaw Worm","floor":5.0,"turns":1.0},{"damage":23.0,"enemies":"Lagavulin","floor":6.0,"turns":5.0},{"damage":8.0,"enemies":"2 Fungi Beasts","floor":7.0,"turns":4.0},{"damage":10.0,"enemies":"The Guardian","floor":16.0,"turns":7.0},{"damage":8.0,"enemies":"3 Byrds","floor":18.0,"turns":6.0},{"damage":12.0,"enemies":"Shell Parasite","floor":19.0,"turns":2.0},{"damage":15.0,"enemies":"Centurion and Healer","floor":20.0,"turns":6.0},{"damage":10.0,"enemies":"Chosen and Byrds","floor":22.0,"turns":6.0},{"damage":8.0,"enemies":"3 Cultists","floor":27.0,"turns":4.0},{"damage":5.0,"enemies":"Sentry and Sphere","floor":29.0,"turns":3.0},{"damage":10.0,"enemies":"Chosen and Byrds","floor":30.0,"turns":5.0},{"damage":7.0,"enemies":"Snake Plant","floor":31.0,"turns":3.0},{"damage":60.0,"enemies":"Automaton","floor":33.0,"turns":12.0},{"damage":5.0,"enemies":"Orb Walker","floor":35.0,"turns":3.0},{"damage":14.0,"enemies":"3 Darklings","floor":36.0,"turns":4.0},{"damage":0.0,"enemies":"Maw","floor":38.0,"turns":6.0},{"damage":4.0,"enemies":"Jaw Worm Horde","floor":41.0,"turns":5.0},{"damage":50,"enemies":"Awakened One","floor":43,"turns":8}],"seed_played":"3008395194301897185","potions_obtained":[{"floor":4.0,"key":"BloodPotion"},{"floor":7.0,"key":"SteroidPotion"},{"floor":20.0,"key":"SkillPotion"},{"floor":22.0,"key":"Energy Potion"},{"floor":27.0,"key":"SteroidPotion"},{"floor":30.0,"key":"Poison Potion"},{"floor":41.0,"key":"Poison Potion"}],"is_trial":false,"path_per_floor":["M","?","?","M","M","E","M","R","T","T","$","?","R","?","R","B",null,"M","M","M","?","M","R","$","R","T","M","R","M","M","M","R","B",null,"M","M","$","M","$","R","M","?","B"],"character_chosen":"IRONCLAD","items_purchased":["Feel No Pain"],"campfire_rested":0,"item_purchase_floors":[39],"current_hp_per_floor":[80,80,80,80,80,63,61,61,61,61,61,61,61,66,66,62,85,83,77,76,76,72,72,72,72,72,72,72,75,73,74,74,20,93,93,85,85,93,93,93,95,95,51],"gold":1,"neow_bonus":"THREE_ENEMY_KILL","is_prod":false,"is_daily":false,"chose_seed":false,"campfire_upgraded":8,"win_rate":0,"timestamp":1540712591,"path_taken":["M","?","?","?","M","E","?","R","T","?","$","?","R","?","R","BOSS","M","M","M","?","M","R","$","R","T","M","R","M","M","M","R","BOSS","M","M","$","M","$","R","M","?","BOSS"],"build_version":"2018-10-25v2","purchased_purges":1,"victory":true,"max_hp_per_floor":[80,80,80,80,80,80,80,80,80,80,80,80,80,85,85,85,85,85,85,85,85,85,85,85,85,85,87,87,89,91,93,93,93,93,93,93,93,95,95,95,95,95,95],"card_choices":[{"not_picked":["Flex","Headbutt"],"picked":"Shrug It Off","floor":1.0},{"not_picked":["Heavy Blade","Double Tap"],"picked":"Spot Weakness","floor":4.0},{"not_picked":["Wild Strike","Warcry"],"picked":"Clash","floor":5.0},{"not_picked":["Anger","Iron Wave","Double Tap"],"picked":"SKIP","floor":6.0},{"not_picked":["Anger","Wild Strike","Iron Wave"],"picked":"SKIP","floor":7.0},{"not_picked":["Brutality","Bludgeon"],"picked":"Fiend Fire","floor":16.0},{"not_picked":["Flex+1","Cleave+1"],"picked":"True Grit+1","floor":18.0},{"not_picked":["Warcry+1","Thunderclap+1"],"picked":"True Grit+1","floor":19.0},{"not_picked":["Warcry+1","Anger"],"picked":"Inflame","floor":20.0},{"not_picked":["Twin Strike+1","Perfected Strike"],"picked":"Shockwave+1","floor":22.0},{"not_picked":["Pommel Strike+1","Warcry+1","Twin Strike"],"picked":"Singing Bowl","floor":27.0},{"not_picked":["Fire Breathing+1","Corruption","Heavy Blade"],"picked":"Singing Bowl","floor":29.0},{"not_picked":["Bludgeon","Body Slam","Iron Wave"],"picked":"Singing Bowl","floor":30.0},{"not_picked":["Body Slam+1","Clothesline","Thunderclap"],"picked":"Singing Bowl","floor":31.0},{"not_picked":["Dark Embrace","Demon Form"],"picked":"Limit Break+1","floor":33.0},{"not_picked":["Flex+1","Whirlwind"],"picked":"Dual Wield+1","floor":35.0},{"not_picked":["Warcry+1","Flex+1"],"picked":"True Grit+1","floor":36.0},{"not_picked":["Shrug It Off+1","Battle Trance+1","Flex+1"],"picked":"Singing Bowl","floor":38.0},{"not_picked":["Pummel","Anger"],"picked":"True Grit+1","floor":41.0}],"player_experience":358617,"relics_obtained":[{"floor":6.0,"key":"Centennial Puzzle"},{"floor":9.0,"key":"Blue Candle"},{"floor":10.0,"key":"Toxic Egg 2"},{"floor":26.0,"key":"Tiny Chest"}],"event_choices":[{"damage_healed":0.0,"max_hp_gain":0.0,"max_hp_loss":0.0,"gold_gain":0.0,"event_name":"Match and Keep!","player_choice":"3 cards matched","floor":2.0,"gold_loss":0.0,"damage_taken":0.0,"cards_obtained":["Jack Of All Trades","Double Tap","Dropkick"]},{"cards_removed":["Strike_R"],"damage_healed":0.0,"max_hp_gain":0.0,"max_hp_loss":0.0,"gold_gain":0.0,"event_name":"The Cleric","player_choice":"Card Removal","floor":3.0,"gold_loss":50.0,"damage_taken":0.0},{"damage_healed":0.0,"max_hp_gain":0.0,"max_hp_loss":0.0,"gold_gain":0.0,"event_name":"Liars Game","player_choice":"Ignored","floor":12.0,"gold_loss":0.0,"damage_taken":0.0},{"damage_healed":0.0,"max_hp_gain":5.0,"max_hp_loss":0.0,"gold_gain":0.0,"event_name":"Big Fish","player_choice":"Donut","floor":14.0,"gold_loss":0.0,"damage_taken":0.0},{"damage_healed":0.0,"max_hp_gain":0.0,"max_hp_loss":0.0,"gold_gain":0.0,"event_name":"Addict","player_choice":"Obtained Relic","floor":21.0,"gold_loss":85.0,"damage_taken":0.0,"relics_obtained":["Singing Bowl"]},{"damage_healed":0.0,"max_hp_gain":0.0,"max_hp_loss":0.0,"gold_gain":0.0,"event_name":"SecretPortal","player_choice":"Took Portal","floor":42.0,"gold_loss":0.0,"damage_taken":0.0}],"is_beta":false,"boss_relics":[{"not_picked":["Runic Dome","Astrolabe"],"picked":"Ectoplasm"},{"not_picked":["Lizard Tail","Black Blood"],"picked":"Runic Pyramid"}],"items_purged_floors":[11],"is_endless":false,"potions_floor_spawned":[4,7,20,22,27,30,41],"ascension_level":0}