{"gold_per_floor":[116,128,141,316,74,74,74,74,74,88,117,117,117,141,141,271,271,286,115,115,134,152,152,185,185,185,208,36,36,52,52,52,181,181,199,49,67,88,103,103,117,117,187,207,207,2,22,22,22,22],"floor_reached":51,"playtime":2284,"items_purged":["Doubt","Strike_B","Strike_B","Strike_B"],"score":694,"play_id":"b33c6831-9aab-4f9e-a01a-88b95078c8e9","local_time":"20181008194356","is_ascension_mode":false,"campfire_choices":[{"data":"Zap","floor":6.0,"key":"SMITH"},{"data":"Stack","floor":8.0,"key":"SMITH"},{"data":"White Noise","floor":13.0,"key":"SMITH"},{"data":"Darkness","floor":15.0,"key":"SMITH"},{"data":"Rainbow","floor":23.0,"key":"SMITH"},{"data":"Leap","floor":25.0,"key":"SMITH"},{"floor":29,"key":"REST"},{"data":"Defragment","floor":32,"key":"SMITH"},{"data":"Defragment","floor":40,"key":"SMITH"},{"floor":42,"key":"REST"},{"data":"Loop","floor":45,"key":"SMITH"},{"floor":49,"key":"REST"}],"neow_cost":"NONE","seed_source_timestamp":699086017146857,"circlet_count":0,"master_deck":["Defend_B","Defend_B+1","Defend_B","Defend_B","Zap+1","Dualcast+1","Streamline","Ball Lightning","Stack+1","Leap+1","White Noise+1","Coolheaded","Darkness+1","Rainbow+1","Leap+1","Sunder","FTL+1","Sunder+1","White Noise+1","Cold Snap+1","Leap","Reinforced Body+1","Defragment+1","Core Surge","BootSequence","Loop+1","Hologram+1","Defragment+1","Go for the Eyes+1","Meteor Strike","Leap","Conserve Battery+1"],"special_seed":0,"relics":["Cracked Core","War Paint","Nunchaku","Gremlin Horn","Golden Idol","Velvet Choker","Potion Belt","Bottled Lightning","Inserter","Meat on the Bone","Bronze Scales","Question Card"],"potions_floor_usage":[30,38,47,50,50],"damage_taken":[{"damage":0.0,"enemies":"2 Louse","floor":1.0,"turns":2.0},{"damage":6.0,"enemies":"Jaw Worm","floor":2.0,"turns":2.0},{"damage":10.0,"enemies":"Small Slimes","floor":3.0,"turns":2.0},{"damage":0.0,"enemies":"3 Louse","floor":10.0,"turns":3.0},{"damage":10.0,"enemies":"Gremlin Nob","floor":11.0,"turns":4.0},{"damage":0.0,"enemies":"Exordium Wildlife","floor":14.0,"turns":3.0},{"damage":18.0,"enemies":"The Guardian","floor":16.0,"turns":11.0},{"damage":0.0,"enemies":"Spheric Guardian","floor":18.0,"turns":3.0},{"damage":0.0,"enemies":"Chosen","floor":21.0,"turns":4.0},{"damage":15.0,"enemies":"Snecko","floor":22.0,"turns":7.0},{"damage":15.0,"enemies":"Book of Stabbing","floor":24.0,"turns":5.0},{"damage":15,"enemies":"Snake Plant","floor":27,"turns":3},{"damage":0,"enemies":"Cultist and Chosen","floor":30,"turns":4},{"damage":20,"enemies":"Collector","floor":33,"turns":8},{"damage":0,"enemies":"Orb Walker","floor":35,"turns":3},{"damage":0,"enemies":"3 Darklings","floor":37,"turns":8},{"damage":12,"enemies":"Spire Growth","floor":38,"turns":5},{"damage":9,"enemies":"Transient","floor":39,"turns":5},{"damage":13,"enemies":"3 Darklings","floor":41,"turns":6},{"damage":12,"enemies":"Reptomancer","floor":44,"turns":6},{"damage":15,"enemies":"Transient","floor":47,"turns":5},{"damage":45,"enemies":"Awakened One","floor":50,"turns":12}],"seed_played":"-2552916861300990372","potions_obtained":[{"floor":2.0,"key":"Fire Potion"},{"floor":10.0,"key":"Poison Potion"},{"floor":14.0,"key":"Block Potion"},{"floor":16.0,"key":"Strength Potion"},{"floor":22.0,"key":"FearPotion"},{"floor":27,"key":"SpeedPotion"},{"floor":30,"key":"Poison Potion"},{"floor":35,"key":"Block Potion"},{"floor":41,"key":"FearPotion"}],"is_trial":false,"path_per_floor":["M","M","M","?","$","R","$","R","T","M","E","?","R","M","R","B",null,"M","$","?","M","M","R","E","R","T","M","$","R","M","?","R","B",null,"M","$","M","M","M","R","M","R","T","M","R","$","M","T","R","B"],"character_chosen":"DEFECT","items_purchased":["Leap","War Paint","Sunder","Leap","Bronze Scales","Leap"],"campfire_rested":3,"item_purchase_floors":[5,5,19,28,46,46],"current_hp_per_floor":[82,76,66,66,66,66,66,66,66,66,56,36,36,36,36,18,82,82,82,82,82,67,67,52,52,52,37,37,61,61,61,61,41,82,82,82,82,70,61,61,48,72,72,60,60,60,45,45,69,36],"gold":22,"neow_bonus":"TEN_PERCENT_HP_BONUS","is_prod":false,"is_daily":false,"chose_seed":false,"campfire_upgraded":9,"win_rate":0,"timestamp":1538995436,"path_taken":["M","M","M","?","$","R","$","R","T","M","E","?","R","?","R","BOSS","M","?","?","M","M","R","E","R","T","?","$","R","M","?","R","BOSS","M","?","M","M","M","R","M","R","T","M","R","$","M","?","R","BOSS"],"build_version":"2018-10-04v2","purchased_purges":4,"victory":true,"max_hp_per_floor":[82,82,82,82,82,82,82,82,82,82,82,82,82,82,82,82,82,82,82,82,82,82,82,82,82,82,82,82,82,82,82,82,82,82,82,82,82,82,82,82,82,82,82,82,82,82,82,82,82,82],"card_choices":[{"not_picked":["Rebound","Sweeping Beam"],"picked":"Streamline","floor":1.0},{"not_picked":["Reprogram","Go for the Eyes"],"picked":"Ball Lightning","floor":2.0},{"not_picked":["Barrage","Redo"],"picked":"Stack","floor":3.0},{"not_picked":["Ball Lightning","Darkness"],"picked":"White Noise","floor":10.0},{"not_picked":["Rainbow","Beam Cell"],"picked":"Coolheaded","floor":11.0},{"not_picked":["Steam Power","White Noise"],"picked":"Darkness","floor":14.0},{"not_picked":["Reboot","Thunder Strike"],"picked":"Rainbow","floor":16.0},{"not_picked":["Coolheaded","Rip and Tear"],"picked":"Leap+1","floor":18.0},{"not_picked":["Turbo+1","Barrage"],"picked":"FTL+1","floor":21.0},{"not_picked":["Reboot","Redo"],"picked":"Sunder+1","floor":22.0},{"not_picked":["Streamline","Static Discharge"],"picked":"White Noise+1","floor":24.0},{"not_picked":["Barrage","Rebound"],"picked":"Cold Snap+1","floor":27},{"not_picked":["Static Discharge","Stack"],"picked":"Reinforced Body+1","floor":30},{"not_picked":["Multi-Cast","Machine Learning"],"picked":"Core Surge","floor":33},{"not_picked":["FTL","Redo"],"picked":"BootSequence","floor":35},{"not_picked":["Cold Snap","Turbo+1"],"picked":"Loop","floor":37},{"not_picked":["Gash+1","Sweeping Beam"],"picked":"Hologram+1","floor":38},{"not_picked":["Rebound","Go for the Eyes"],"picked":"Defragment","floor":39},{"not_picked":["Hologram","Streamline"],"picked":"Go for the Eyes+1","floor":41},{"not_picked":["Turbo+1","Ball Lightning+1"],"picked":"Meteor Strike","floor":44},{"not_picked":["Turbo+1","Beam Cell"],"picked":"Conserve Battery+1","floor":47}],"player_experience":167626,"relics_obtained":[{"floor":9.0,"key":"Nunchaku"},{"floor":11.0,"key":"Gremlin Horn"},{"floor":24.0,"key":"Potion Belt"},{"floor":26,"key":"Bottled Lightning"},{"floor":43,"key":"Meat on the Bone"},{"floor":48,"key":"Question Card"}],"event_choices":[{"event_name":"Liars Game","player_choice":"agreed","floor":4.0,"damage_taken":0.0},{"event_name":"Golden Idol","player_choice":"Take Damage","floor":12.0,"damage_taken":0.0},{"event_name":"Wheel of Change","player_choice":"Card Removal","floor":20.0,"damage_taken":0.0},{"event_name":"The Library","player_choice":"Read","floor":31,"damage_taken":0}],"is_beta":false,"boss_relics":[{"not_picked":["Runic Pyramid","White Beast Statue"],"picked":"Velvet Choker"},{"not_picked":["Sozu","Runic Dome"],"picked":"Inserter"}],"items_purged_floors":[5,19,28,36],"is_endless":false,"potions_floor_spawned":[2,10,14,16,22,27,30,35,41],"ascension_level":0}