{"gold_per_floor":[113,125,54,67,78,78,113,113,113,123,26,26,26,26,26,151,151,166,166,189,189,204,204],"floor_reached":23,"playtime":2248,"items_purged":[],"score":191,"play_id":"9b45581a-1d04-434a-91e7-133c85865480","local_time":"20190628204940","is_ascension_mode":false,"campfire_choices":[{"data":"Deflect","floor":6,"key":"SMITH"},{"floor":8,"key":"REST"},{"floor":15,"key":"REST"}],"neow_cost":"NONE","seed_source_timestamp":94016874809763,"circlet_count":0,"master_deck":["Defend_G+1","Defend_G+1","Defend_G+1","Defend_G+1","Defend_G+1","Strike_G+1","Strike_G+1","Strike_G+1","Strike_G+1","Strike_G+1","Survivor","Neutralize","PiercingWail","Dagger Spray","Deflect+1","Dagger Spray","Slice","Predator","Well Laid Plans","Finisher","Blade Dance","Noxious Fumes","After Image","Noxious Fumes","RitualDagger","Deadly Poison","Quick Slash"],"relics":["Ring of the Snake","Pen Nib","Ninja Scroll","Golden Idol","Black Star"],"potions_floor_usage":[7,7,20,22,22,23],"damage_taken":[{"damage":3,"enemies":"Jaw Worm","floor":1,"turns":6},{"damage":0,"enemies":"Small Slimes","floor":2,"turns":6},{"damage":0,"enemies":"2 Louse","floor":4,"turns":3},{"damage":0,"enemies":"Blue Slaver","floor":5,"turns":6},{"damage":40,"enemies":"Gremlin Nob","floor":7,"turns":6},{"damage":0,"enemies":"Large Slime","floor":10,"turns":6},{"damage":24,"enemies":"Slime Boss","floor":16,"turns":9},{"damage":18,"enemies":"3 Byrds","floor":18,"turns":7},{"damage":35,"enemies":"Spheric Guardian","floor":20,"turns":8},{"damage":14,"enemies":"Centurion and Healer","floor":22,"turns":5},{"damage":15,"enemies":"Slavers","floor":23,"turns":1}],"seed_played":"5378965750920067964","potions_obtained":[{"floor":1,"key":"PowerPotion"},{"floor":2,"key":"Fire Potion"},{"floor":10,"key":"AttackPotion"},{"floor":16,"key":"Explosive Potion"},{"floor":20,"key":"Weak Potion"},{"floor":22,"key":"Regen Potion"}],"is_trial":false,"path_per_floor":["M","M","$","M","M","R","E","R","T","M","$","?","?","?","R","B",null,"M","?","M","?","M","E"],"character_chosen":"THE_SILENT","items_purchased":["Deflect","Dagger Spray","Blade Dance","Noxious Fumes"],"campfire_rested":2,"item_purchase_floors":[3,3,11,11],"current_hp_per_floor":[74,74,74,74,74,74,34,57,57,57,57,57,57,57,77,53,77,59,53,18,18,4,0],"gold":204,"neow_bonus":"TEN_PERCENT_HP_BONUS","is_prod":false,"is_daily":false,"chose_seed":false,"campfire_upgraded":1,"win_rate":0.0,"timestamp":1561772980,"path_taken":["M","M","$","M","M","R","E","R","T","M","$","?","?","?","R","BOSS","M","?","M","?","M","E"],"build_version":"2019-01-23","purchased_purges":0,"victory":false,"max_hp_per_floor":[77,77,77,77,77,77,77,77,77,77,77,77,77,77,77,77,77,77,77,77,77,77,77],"card_choices":[{"not_picked":["Finisher","Reflex"],"picked":"PiercingWail","floor":1},{"not_picked":["Slice","Endless Agony"],"picked":"Dagger Spray","floor":2},{"not_picked":["Acrobatics","Deflect"],"picked":"Slice","floor":4},{"not_picked":["Expertise","Dagger Throw"],"picked":"Predator","floor":5},{"not_picked":["Distraction","Outmaneuver"],"picked":"Well Laid Plans","floor":7},{"not_picked":["PiercingWail","Reflex"],"picked":"Finisher","floor":10},{"not_picked":["A Thousand Cuts","Adrenaline"],"picked":"After Image","floor":16},{"not_picked":["Prepared","Choke"],"picked":"Noxious Fumes","floor":18},{"not_picked":["Acrobatics","Well Laid Plans+1"],"picked":"Deadly Poison","floor":20},{"not_picked":["Acrobatics+1","Slice"],"picked":"Quick Slash","floor":22}],"player_experience":4239,"relics_obtained":[{"floor":7,"key":"Pen Nib"},{"floor":9,"key":"Ninja Scroll"}],"event_choices":[{"damage_healed":0,"gold_gain":0,"player_choice":"Take Wound","damage_taken":0,"relics_obtained":["Golden Idol"],"max_hp_gain":0,"max_hp_loss":0,"event_name":"Golden Idol","floor":12,"gold_loss":0,"cards_obtained":["Injury"]},{"damage_healed":0,"gold_gain":0,"player_choice":"Ignored","damage_taken":0,"max_hp_gain":0,"max_hp_loss":0,"event_name":"Liars Game","floor":13,"gold_loss":0},{"cards_removed":["Injury"],"damage_healed":0,"gold_gain":0,"player_choice":"Forget","damage_taken":0,"max_hp_gain":0,"max_hp_loss":0,"event_name":"Living Wall","floor":14,"gold_loss":0},{"damage_healed":0,"gold_gain":0,"player_choice":"Joined the Cult","damage_taken":6,"max_hp_gain":0,"max_hp_loss":0,"event_name":"Nest","floor":19,"gold_loss":0,"cards_obtained":["RitualDagger"]},{"damage_healed":0,"gold_gain":0,"player_choice":"Simplicity","damage_taken":0,"max_hp_gain":0,"max_hp_loss":0,"event_name":"Back to Basics","floor":21,"gold_loss":0,"cards_upgraded":["Defend_G","Defend_G","Defend_G","Defend_G","Defend_G","Strike_G","Strike_G","Strike_G","Strike_G","Strike_G"]}],"is_beta":false,"boss_relics":[{"not_picked":["Busted Crown","Sozu"],"picked":"Black Star"}],"items_purged_floors":[],"is_endless":false,"potions_floor_spawned":[1,2,10,16,20,22],"killed_by":"Slavers","ascension_level":0}