{"gold_per_floor":[117,37,37,37,37,62,62,92,92,92,105,123,133,149,149,252,252,262,291,23,23,29,29,129,142,142,157,157,169,169,49,49,148,148,168,181,9,231,10,10,24,58,58,58,70,70,87,87,87,87],"floor_reached":51,"playtime":2419,"items_purged":["Writhe","Strike_G+1"],"score":860,"play_id":"36037115-8eef-4013-a68b-5ccaef3deedc","local_time":"20181003000108","is_ascension_mode":false,"campfire_choices":[{"data":"Neutralize","floor":7,"key":"SMITH"},{"data":"Footwork","floor":10,"key":"SMITH"},{"data":"Caltrops","floor":15,"key":"SMITH"},{"floor":23,"key":"REST"},{"data":"Accuracy","floor":30,"key":"SMITH"},{"floor":32,"key":"REST"},{"data":"After Image","floor":40,"key":"SMITH"},{"data":"A Thousand Cuts","floor":44,"key":"SMITH"},{"data":"Blade Dance","floor":49,"key":"SMITH"}],"neow_cost":"NONE","seed_source_timestamp":195964337681644,"circlet_count":0,"master_deck":["Defend_G+1","Defend_G+1","Defend_G+1","Defend_G+1","Defend_G+1","Strike_G+1","Strike_G+1","Strike_G+1","Survivor","Neutralize+1","Quick Slash","Footwork+1","Blade Dance+1","Dagger Throw","Sucker Punch","Outmaneuver+1","Dash","Caltrops+1","Adrenaline+1","Blade Dance+1","Noxious Fumes+1","Dagger Spray","Cloak And Dagger+1","Well Laid Plans","Deflect+1","Accuracy+1","Cloak And Dagger+1","Adrenaline+1","Deadly Poison+1","Backstab+1","PiercingWail+1","Deflect+1","After Image+1","Acrobatics+1","A Thousand Cuts+1","Dodge and Roll+1","Distraction+1","Sadistic Nature","Blind+1","Finesse+1"],"relics":["Ring of the Snake","NeowsBlessing","Shuriken","Matryoshka","Ancient Tea Set","Toxic Egg 2","WristBlade","Red Mask","Meat on the Bone","Orichalcum","Unceasing Top","Kunai","Pen Nib","Pantograph","Eternal Feather","Bronze Scales","Blood Vial","Bag of Marbles","Turnip"],"potions_floor_usage":[19,24,50],"damage_taken":[{"damage":0,"enemies":"2 Louse","floor":1,"turns":1},{"damage":0,"enemies":"3 Sentries","floor":6,"turns":1},{"damage":0,"enemies":"Lagavulin","floor":8,"turns":1},{"damage":0,"enemies":"Small Slimes","floor":11,"turns":2},{"damage":0,"enemies":"Jaw Worm","floor":12,"turns":4},{"damage":1,"enemies":"3 Louse","floor":13,"turns":4},{"damage":9,"enemies":"Exordium Wildlife","floor":14,"turns":6},{"damage":19,"enemies":"Hexaghost","floor":16,"turns":8},{"damage":24,"enemies":"Spheric Guardian","floor":18,"turns":7},{"damage":22,"enemies":"Masked Bandits","floor":19,"turns":5},{"damage":4,"enemies":"2 Thieves","floor":22,"turns":4},{"damage":8,"enemies":"Colosseum Slavers","floor":24,"turns":4},{"damage":26,"enemies":"Colosseum Nobs","floor":24,"turns":4},{"damage":0,"enemies":"Cultist and Chosen","floor":25,"turns":5},{"damage":9,"enemies":"Centurion and Healer","floor":27,"turns":5},{"damage":0,"enemies":"Sentry and Sphere","floor":29,"turns":3},{"damage":0,"enemies":"Automaton","floor":33,"turns":6},{"damage":10,"enemies":"3 Darklings","floor":35,"turns":6},{"damage":0,"enemies":"Orb Walker","floor":36,"turns":3},{"damage":11,"enemies":"Transient","floor":41,"turns":5},{"damage":3,"enemies":"Giant Head","floor":42,"turns":8},{"damage":0,"enemies":"Spire Growth","floor":45,"turns":3},{"damage":1,"enemies":"4 Shapes","floor":47,"turns":4},{"damage":0,"enemies":"Donu and Deca","floor":50,"turns":6}],"seed_played":"-2567663843483061874","potions_obtained":[{"floor":8,"key":"SmokeBomb"},{"floor":12,"key":"EssenceOfSteel"},{"floor":13,"key":"Ancient Potion"},{"floor":22,"key":"LiquidBronze"},{"floor":24,"key":"Fire Potion"},{"floor":27,"key":"AttackPotion"},{"floor":29,"key":"Energy Potion"},{"floor":36,"key":"SteroidPotion"},{"floor":41,"key":"EssenceOfSteel"}],"is_trial":false,"path_per_floor":["M","$","?","$","?","E","R","E","T","R","M","M","M","M","R","B",null,"M","?","$","?","M","R","?","M","T","M","?","M","R","$","R","B",null,"M","M","$","?","$","R","M","E","T","R","M","T","M","?","R","B"],"character_chosen":"THE_SILENT","items_purchased":["Footwork","Meat on the Bone","Dagger Spray","Cloak And Dagger+1","PiercingWail+1","Deflect+1","After Image","Bronze Scales"],"campfire_rested":2,"item_purchase_floors":[2,20,20,31,37,37,39,39],"current_hp_per_floor":[70,70,63,63,68,68,68,68,68,68,68,68,67,58,58,39,75,51,29,29,29,37,59,37,49,49,40,40,40,40,40,62,75,75,65,65,65,65,65,75,64,61,61,75,75,75,74,64,75,75],"gold":87,"neow_bonus":"THREE_ENEMY_KILL","is_prod":false,"is_daily":false,"chose_seed":false,"campfire_upgraded":7,"win_rate":1,"timestamp":1538492468,"path_taken":["M","$","?","$","?","E","R","E","T","R","M","M","M","M","R","BOSS","M","?","$","?","M","R","?","?","T","M","?","M","R","?","R","BOSS","M","M","$","?","$","R","M","E","T","R","M","?","M","?","R","BOSS"],"build_version":"2018-09-27","purchased_purges":2,"victory":true,"max_hp_per_floor":[70,70,70,70,75,75,75,75,75,75,75,75,75,75,75,75,75,75,75,75,75,75,75,75,75,75,75,75,75,75,75,75,75,75,75,75,75,75,75,75,75,75,75,75,75,75,75,75,75,75],"card_choices":[{"not_picked":["Slice","Dodge and Roll"],"picked":"Quick Slash","floor":1},{"not_picked":["Terror","Dagger Throw"],"picked":"Blade Dance","floor":6},{"not_picked":["Night Terror","Venomology"],"picked":"Dagger Throw","floor":8},{"not_picked":["Outmaneuver+1","Concentrate+1"],"picked":"Sucker Punch","floor":11},{"not_picked":["Bane","Quick Slash"],"picked":"Outmaneuver+1","floor":12},{"not_picked":["Acrobatics+1","Distraction+1"],"picked":"Dash","floor":13},{"not_picked":["Bane","Concentrate+1"],"picked":"Caltrops","floor":14},{"not_picked":["Unload","Burst+1"],"picked":"Adrenaline+1","floor":16},{"not_picked":["Underhanded Strike+1","Acrobatics+1"],"picked":"Blade Dance+1","floor":18},{"not_picked":["Dagger Throw+1","Choke"],"picked":"Noxious Fumes+1","floor":19},{"not_picked":["All Out Attack+1","Backflip+1"],"picked":"Cloak And Dagger+1","floor":22},{"not_picked":["Masterful Stab","Reflex+1"],"picked":"Well Laid Plans","floor":25},{"not_picked":["Underhanded Strike","Bane"],"picked":"Deflect+1","floor":27},{"not_picked":["Deadly Poison+1","Escape Plan+1"],"picked":"Accuracy","floor":29},{"not_picked":["Die Die Die","Venomology+1"],"picked":"Adrenaline+1","floor":33},{"not_picked":["Dagger Throw+1","Poisoned Stab"],"picked":"Deadly Poison+1","floor":35},{"not_picked":["Slice","Underhanded Strike+1"],"picked":"Backstab+1","floor":36},{"not_picked":["Slice","Masterful Stab+1"],"picked":"Acrobatics+1","floor":41},{"not_picked":["Acrobatics+1","Endless Agony"],"picked":"A Thousand Cuts","floor":42},{"not_picked":["Well Laid Plans","Quick Slash"],"picked":"Dodge and Roll+1","floor":45},{"not_picked":["Poisoned Stab+1","Dagger Throw"],"picked":"Distraction+1","floor":47},{"not_picked":["Panacea+1","Blind+1"],"picked":"Sadistic Nature","floor":48},{"not_picked":["Jack Of All Trades+1","Mind Blast"],"picked":"Blind+1","floor":48},{"not_picked":["Purity+1","Deep Breath+1"],"picked":"Finesse+1","floor":48}],"player_experience":105547,"relics_obtained":[{"floor":6,"key":"Shuriken"},{"floor":8,"key":"Matryoshka"},{"floor":9,"key":"Ancient Tea Set"},{"floor":9,"key":"Toxic Egg 2"},{"floor":19,"key":"Red Mask"},{"floor":24,"key":"Unceasing Top"},{"floor":24,"key":"Kunai"},{"floor":26,"key":"Pen Nib"},{"floor":26,"key":"Pantograph"},{"floor":42,"key":"Blood Vial"},{"floor":43,"key":"Bag of Marbles"},{"floor":46,"key":"Turnip"}],"event_choices":[{"event_name":"Golden Wing","player_choice":"Card Removal","floor":3,"damage_taken":0},{"event_name":"Big Fish","player_choice":"Donut","floor":5,"damage_taken":0},{"event_name":"Masked Bandits","player_choice":"Fought Bandits","floor":19,"damage_taken":0},{"event_name":"The Mausoleum","player_choice":"Yes","floor":21,"damage_taken":0},{"event_name":"Colosseum","player_choice":"Fight","floor":24,"damage_taken":0},{"event_name":"Colosseum","player_choice":"Fought Nobs","floor":24,"damage_taken":0},{"event_name":"Back to Basics","player_choice":"Simplicity","floor":28,"damage_taken":0},{"event_name":"Tomb of Lord Red Mask","player_choice":"Wore Mask","floor":38,"damage_taken":0},{"event_name":"SensoryStone","player_choice":"Memory 3","floor":48,"damage_taken":0}],"is_beta":false,"boss_relics":[{"not_picked":["White Beast Statue","Snecko Eye"],"picked":"WristBlade"},{"not_picked":["Pandora\u0027s Box","Tiny House"],"picked":"Eternal Feather"}],"items_purged_floors":[31,37],"is_endless":false,"potions_floor_spawned":[8,12,13,22,24,24,27,29,36,41,47],"ascension_level":0}