{"gold_per_floor":[114,133,145,158,177,177,203,203,203,238,238,258,0,24,24,145,145,170,170,170,49,68,68,97,97,166,166,184,215,215,215,215,319,319,335,335,350,350,250,250,277,277,277,277,63,92,15,25,25,25],"floor_reached":51,"playtime":2798,"items_purged":["Strike_B","Strike_B","Regret"],"score":866,"play_id":"bd080d34-94e1-47f2-a4a8-ddc48e4a93dc","local_time":"20181029002521","is_ascension_mode":false,"campfire_choices":[{"data":"Sunder","floor":6.0,"key":"SMITH"},{"data":"Multi-Cast","floor":8.0,"key":"SMITH"},{"data":"Beam Cell","floor":15.0,"key":"SMITH"},{"data":"Seek","floor":23.0,"key":"SMITH"},{"data":"Ghostly","floor":27.0,"key":"SMITH"},{"data":"Creative AI","floor":30.0,"key":"SMITH"},{"data":"Ghostly","floor":32,"key":"SMITH"},{"data":"Ghostly","floor":40,"key":"SMITH"},{"data":"Ghostly","floor":42,"key":"SMITH"},{"data":"Ghostly","floor":44,"key":"SMITH"},{"data":"Capacitor","floor":49,"key":"SMITH"}],"neow_cost":"NONE","seed_source_timestamp":56625372667754,"circlet_count":0,"master_deck":["Strike_B+1","Strike_B+1","Defend_B","Defend_B","Defend_B","Defend_B","Zap+1","Dualcast","Ball Lightning","Sunder+1","Coolheaded","Sweeping Beam","Multi-Cast+1","Compile Driver","Beam Cell+1","Steam","Leap","Seek+1","Cold Snap","Leap","Hello World+1","Conserve Battery+1","Ghostly+1","Ghostly+1","Ghostly+1","Ghostly+1","Ghostly+1","Doubt","Chill+1","Creative AI+1","Electrodynamics","Capacitor+1","Blizzard+1"],"special_seed":0,"relics":["Cracked Core","Whetstone","Gremlin Horn","Potion Belt","Bloody Idol","OrangePellets","Cursed Key","Bag of Marbles","Molten Egg 2","Meat on the Bone","Busted Crown","Ancient Tea Set","Ornamental Fan","WingedGreaves"],"potions_floor_usage":[46,50,50,50,50],"damage_taken":[{"damage":0.0,"enemies":"Cultist","floor":1.0,"turns":3.0},{"damage":1.0,"enemies":"Jaw Worm","floor":2.0,"turns":3.0},{"damage":3.0,"enemies":"Small Slimes","floor":3.0,"turns":2.0},{"damage":0.0,"enemies":"3 Louse","floor":4.0,"turns":1.0},{"damage":0.0,"enemies":"Large Slime","floor":5.0,"turns":3.0},{"damage":19.0,"enemies":"Lagavulin","floor":10.0,"turns":6.0},{"damage":7.0,"enemies":"Red Slaver","floor":12.0,"turns":3.0},{"damage":0.0,"enemies":"3 Louse","floor":14.0,"turns":2.0},{"damage":2.0,"enemies":"Slime Boss","floor":16.0,"turns":5.0},{"damage":5.0,"enemies":"2 Thieves","floor":18.0,"turns":3.0},{"damage":8.0,"enemies":"Spheric Guardian","floor":22.0,"turns":3.0},{"damage":24.0,"enemies":"Book of Stabbing","floor":24.0,"turns":9.0},{"damage":2.0,"enemies":"Cultist and Chosen","floor":28.0,"turns":7.0},{"damage":0.0,"enemies":"Gremlin Leader","floor":29.0,"turns":8.0},{"damage":0,"enemies":"Automaton","floor":33,"turns":13},{"damage":0,"enemies":"3 Shapes","floor":35,"turns":4},{"damage":0,"enemies":"Orb Walker","floor":37,"turns":4},{"damage":0,"enemies":"Reptomancer","floor":41,"turns":8},{"damage":0,"enemies":"Giant Head","floor":46,"turns":11},{"damage":0,"enemies":"4 Shapes","floor":48,"turns":4},{"damage":10,"enemies":"Time Eater","floor":50,"turns":13}],"seed_played":"6901211615024905817","potions_obtained":[{"floor":1.0,"key":"Explosive Potion"},{"floor":2.0,"key":"GamblersBrew"},{"floor":4.0,"key":"Swift Potion"},{"floor":12.0,"key":"LiquidBronze"},{"floor":16.0,"key":"AttackPotion"},{"floor":18.0,"key":"PowerPotion"},{"floor":19.0,"key":"Strength Potion"},{"floor":19.0,"key":"FairyPotion"},{"floor":19.0,"key":"Weak Potion"},{"floor":41,"key":"AttackPotion"},{"floor":46,"key":"FocusPotion"}],"is_trial":false,"path_per_floor":["M","M","M","M","M","R","T","R","T","E","?","M","$","M","R","B",null,"M","?","?","$","M","R","E","?","T","R","M","E","R","T","R","B",null,"M","?","M","?","$","R","E","R","T","R","$","E","$","M","R","B"],"character_chosen":"DEFECT","items_purchased":["OrangePellets","Steam","Leap","Capacitor","PowerPotion","Blizzard+1"],"campfire_rested":0,"item_purchase_floors":[13,13,21,45,45,47],"current_hp_per_floor":[75,74,71,71,71,71,71,71,71,52,34,27,27,27,27,25,75,70,70,70,70,67,67,48,37,37,37,37,37,37,37,37,37,37,37,37,37,35,35,35,35,35,35,35,35,35,35,35,35,25],"gold":25,"neow_bonus":"UPGRADE_CARD","is_prod":false,"is_daily":false,"chose_seed":false,"campfire_upgraded":11,"win_rate":0,"timestamp":1540740321,"path_taken":["M","M","M","M","M","R","?","R","T","E","?","M","$","M","R","BOSS","M","?","?","$","?","R","E","?","T","R","M","E","R","?","R","BOSS","M","?","?","?","$","R","E","R","T","R","$","E","?","?","R","BOSS"],"build_version":"2018-10-25v2","purchased_purges":3,"victory":true,"max_hp_per_floor":[75,75,75,75,75,75,75,75,75,75,75,75,75,75,75,75,75,75,75,75,75,75,75,75,37,37,37,37,37,37,37,37,37,37,37,37,37,35,35,35,35,35,35,35,35,35,35,35,35,35],"card_choices":[{"not_picked":["Genetic Algorithm","Go for the Eyes"],"picked":"Ball Lightning","floor":1.0},{"not_picked":["Ball Lightning","Barrage"],"picked":"Sunder","floor":2.0},{"not_picked":["Beam Cell","Redo"],"picked":"Coolheaded","floor":3.0},{"not_picked":["Ball Lightning","Cold Snap"],"picked":"Sweeping Beam","floor":4.0},{"not_picked":["BootSequence","Compile Driver"],"picked":"Multi-Cast","floor":5.0},{"not_picked":["Sunder","Rip and Tear"],"picked":"Compile Driver","floor":10.0},{"not_picked":["Skim","Go for the Eyes"],"picked":"Beam Cell","floor":12.0},{"not_picked":["Beam Cell","Streamline"],"picked":"Leap","floor":14.0},{"not_picked":["Machine Learning","Reboot"],"picked":"Seek","floor":16.0},{"not_picked":["Double Energy","Sweeping Beam"],"picked":"Cold Snap","floor":18.0},{"not_picked":["Coolheaded","Redo"],"picked":"Hello World+1","floor":22.0},{"not_picked":["Static Discharge","Stack"],"picked":"Conserve Battery+1","floor":24.0},{"not_picked":["Hologram+1","Rip and Tear+1"],"picked":"Chill+1","floor":28.0},{"not_picked":["BootSequence","Core Surge+1"],"picked":"Creative AI","floor":29.0},{"not_picked":["Rainbow","Creative AI"],"picked":"Electrodynamics","floor":33},{"not_picked":["Double Energy"],"picked":"SKIP","floor":35},{"not_picked":["Streamline+1"],"picked":"SKIP","floor":37},{"not_picked":["Barrage+1"],"picked":"SKIP","floor":41},{"not_picked":["Beam Cell+1"],"picked":"SKIP","floor":46},{"not_picked":["Conserve Battery+1"],"picked":"SKIP","floor":48}],"player_experience":369938,"relics_obtained":[{"floor":7.0,"key":"Whetstone"},{"floor":9.0,"key":"Gremlin Horn"},{"floor":10.0,"key":"Potion Belt"},{"floor":24.0,"key":"Bag of Marbles"},{"floor":26.0,"key":"Molten Egg 2"},{"floor":29.0,"key":"Meat on the Bone"},{"floor":41,"key":"Ancient Tea Set"},{"floor":43,"key":"Ornamental Fan"},{"floor":46,"key":"WingedGreaves"}],"event_choices":[{"damage_healed":0.0,"max_hp_gain":0.0,"max_hp_loss":0.0,"gold_gain":0.0,"event_name":"Golden Idol","player_choice":"Take Damage","floor":11.0,"gold_loss":0.0,"damage_taken":18.0,"relics_obtained":["Golden Idol"]},{"damage_healed":0.0,"max_hp_gain":0.0,"max_hp_loss":0.0,"gold_gain":0.0,"event_name":"The Lab","player_choice":"Got Potions","floor":19.0,"gold_loss":0.0,"damage_taken":0.0},{"damage_healed":0.0,"max_hp_gain":0.0,"max_hp_loss":0.0,"gold_gain":0.0,"event_name":"Forgotten Altar","player_choice":"Gave Idol","floor":20.0,"relics_lost":["Golden Idol"],"gold_loss":0.0,"damage_taken":0.0,"relics_obtained":["Bloody Idol"]},{"damage_healed":0.0,"max_hp_gain":0.0,"max_hp_loss":38.0,"gold_gain":0.0,"event_name":"Ghosts","player_choice":"Became a Ghost","floor":25.0,"gold_loss":0.0,"damage_taken":0.0,"cards_obtained":["Ghostly","Ghostly","Ghostly","Ghostly","Ghostly"]},{"damage_healed":0,"gold_gain":0,"player_choice":"Ignored","damage_taken":0,"max_hp_gain":0,"max_hp_loss":0,"event_name":"Tomb of Lord Red Mask","floor":36,"gold_loss":0},{"damage_healed":0,"gold_gain":0,"player_choice":"Max HP","damage_taken":0,"max_hp_gain":0,"max_hp_loss":2,"event_name":"Winding Halls","floor":38,"gold_loss":0}],"is_beta":false,"boss_relics":[{"not_picked":["Fusion Hammer","Eternal Feather"],"picked":"Cursed Key"},{"not_picked":["Runic Pyramid","Orrery"],"picked":"Busted Crown"}],"items_purged_floors":[21,39,45],"is_endless":false,"potions_floor_spawned":[1,2,4,12,16,18,41,46],"ascension_level":0}