{"gold_per_floor":[119,42,42,42,60,95,370,370,370,384,138,171,181,207,207,311,311,325,48,80,105,129,141,183,195,260,272,304,326,338,360,372,483,495,517,543,580,266,283,87,87,106,106,106,106,117,0,16,16,16],"floor_reached":51,"playtime":4016,"items_purged":["Regret","Strike_R","Doubt"],"score":739,"play_id":"3f0ec2e4-2bd3-4bf0-b403-783b15291d9e","local_time":"20180919232906","is_ascension_mode":false,"campfire_choices":[{"data":"Armaments","floor":8.0,"key":"SMITH"},{"data":"True Grit","floor":15.0,"key":"SMITH"},{"data":"Rampage","floor":23.0,"key":"SMITH"},{"data":"True Grit","floor":25.0,"key":"SMITH"},{"data":"Metallicize","floor":27.0,"key":"SMITH"},{"data":"Metallicize","floor":30.0,"key":"SMITH"},{"data":"Flex","floor":32.0,"key":"SMITH"},{"data":"Clothesline","floor":41.0,"key":"SMITH"},{"data":"Juggernaut","floor":45,"key":"SMITH"},{"data":"Flame Barrier","floor":49,"key":"SMITH"}],"neow_cost":"","seed_source_timestamp":448972129471604,"circlet_count":0,"master_deck":["Strike_R","Strike_R","Strike_R","Strike_R","Defend_R","Defend_R","Defend_R","Defend_R+1","Bash+1","Armaments+1","Offering","Flame Barrier+1","Flame Barrier+1","True Grit+1","True Grit+1","Rampage+1","Shockwave","Feed","Warcry+1","Pommel Strike","Metallicize+1","Warcry","Twin Strike","Feed","Dropkick","Metallicize+1","Flex+1","Juggernaut+1","Shrug It Off+1","Decay","Power Through","Double Tap","Body Slam+1","Clothesline+1","Uppercut+1","Dark Shackles"],"special_seed":0,"relics":["Burning Blood","Blood Vial","Shuriken","War Paint","PreservedInsect","Red Skull","Cursed Key","MawBank","Lantern","Dream Catcher","Sozu","Potion Belt","Bronze Scales","Red Mask"],"potions_floor_usage":[50,50],"damage_taken":[{"damage":6.0,"enemies":"Cultist","floor":1.0,"turns":3.0},{"damage":5.0,"enemies":"2 Louse","floor":5.0,"turns":3.0},{"damage":24.0,"enemies":"Gremlin Nob","floor":6.0,"turns":4.0},{"damage":6.0,"enemies":"Small Slimes","floor":10.0,"turns":3.0},{"damage":15.0,"enemies":"3 Sentries","floor":12.0,"turns":16.0},{"damage":6.0,"enemies":"Gremlin Gang","floor":13.0,"turns":5.0},{"damage":10.0,"enemies":"Gremlin Nob","floor":14.0,"turns":4.0},{"damage":32.0,"enemies":"The Guardian","floor":16.0,"turns":15.0},{"damage":8.0,"enemies":"Chosen","floor":18.0,"turns":4.0},{"damage":10.0,"enemies":"Spheric Guardian","floor":20.0,"turns":9.0},{"damage":6.0,"enemies":"Centurion and Healer","floor":21.0,"turns":11.0},{"damage":6.0,"enemies":"Chosen and Byrds","floor":22.0,"turns":6.0},{"damage":11.0,"enemies":"Gremlin Leader","floor":24.0,"turns":6.0},{"damage":12.0,"enemies":"Snecko","floor":28.0,"turns":6.0},{"damage":11.0,"enemies":"Snake Plant","floor":29.0,"turns":4.0},{"damage":6.0,"enemies":"Cultist and Chosen","floor":31.0,"turns":10.0},{"damage":63.0,"enemies":"Champ","floor":33.0,"turns":15.0},{"damage":6.0,"enemies":"3 Shapes","floor":35.0,"turns":6.0},{"damage":5.0,"enemies":"Orb Walker","floor":36.0,"turns":5.0},{"damage":23.0,"enemies":"Spire Growth","floor":39.0,"turns":5.0},{"damage":10.0,"enemies":"3 Darklings","floor":42.0,"turns":7.0},{"damage":11,"enemies":"Reptomancer","floor":46,"turns":7},{"damage":10,"enemies":"Sphere and 2 Shapes","floor":48,"turns":5},{"damage":37,"enemies":"Awakened One","floor":50,"turns":13}],"seed_played":"-3303164964938794108","potions_obtained":[{"floor":6.0,"key":"Swift Potion"},{"floor":12.0,"key":"Block Potion"},{"floor":13.0,"key":"Strength Potion"},{"floor":22.0,"key":"Swift Potion"},{"floor":28.0,"key":"Regen Potion"},{"floor":33.0,"key":"Energy Potion"}],"is_trial":false,"path_per_floor":["M","$","?","?","M","E","?","R","T","M","$","E","M","E","R","B",null,"M","$","M","M","M","R","E","R","T","R","M","M","R","M","R","B",null,"M","M","T","$","M","$","R","M","T","?","R","M","?","M","R","B"],"character_chosen":"IRONCLAD","items_purchased":["Offering","War Paint","True Grit","Pommel Strike","MawBank","Power Through","Double Tap","Bronze Scales","Clothesline"],"campfire_rested":0,"item_purchase_floors":[2,11,11,19,19,38,38,40,40],"current_hp_per_floor":[80,80,85,85,85,67,67,67,67,69,69,62,64,62,62,38,85,86,86,87,92,94,94,89,89,89,89,88,89,89,101,101,44,101,107,107,107,107,90,90,90,88,88,88,88,85,85,83,83,57],"gold":16,"neow_bonus":"","is_prod":false,"is_daily":false,"chose_seed":false,"campfire_upgraded":10,"win_rate":0.0,"timestamp":1537367346,"path_taken":["M","$","?","?","M","E","?","R","T","?","$","E","M","E","R","BOSS","M","$","?","M","M","R","E","R","T","R","M","M","R","M","R","BOSS","M","M","?","$","M","$","R","M","T","?","R","M","?","?","R","BOSS"],"build_version":"2018-09-06","purchased_purges":3,"victory":true,"max_hp_per_floor":[80,80,85,85,85,85,85,85,85,85,85,85,85,85,85,85,85,88,88,91,94,94,94,94,94,94,94,97,101,101,101,101,101,101,107,107,107,107,107,107,107,107,107,107,107,107,107,107,107,110],"card_choices":[{"not_picked":["Clash","Dropkick"],"picked":"Armaments","floor":1.0},{"not_picked":["Clash","Pummel"],"picked":"Flame Barrier","floor":5.0},{"not_picked":["Impervious","Combust"],"picked":"Flame Barrier","floor":6.0},{"not_picked":["Perfected Strike","Bloodletting"],"picked":"True Grit","floor":10.0},{"not_picked":["Sever Soul","Ghostly Armor"],"picked":"Rampage","floor":12.0},{"not_picked":["Reckless Charge","Thunderclap"],"picked":"Shockwave","floor":13.0},{"not_picked":["Corruption","Flex","Hemokinesis"],"picked":"SKIP","floor":14.0},{"not_picked":["Juggernaut","Dark Embrace"],"picked":"Feed","floor":16.0},{"not_picked":["Thunderclap","Anger"],"picked":"Warcry+1","floor":18.0},{"not_picked":["Battle Trance","Infernal Blade"],"picked":"Metallicize","floor":20.0},{"not_picked":["Flex","Flame Barrier"],"picked":"Warcry","floor":21.0},{"not_picked":["Sword Boomerang","Armaments+1"],"picked":"Twin Strike","floor":22.0},{"not_picked":["Clash","Pommel Strike"],"picked":"Feed","floor":24.0},{"not_picked":["Perfected Strike","Twin Strike+1"],"picked":"Dropkick","floor":28.0},{"not_picked":["Clothesline","Thunderclap"],"picked":"Metallicize","floor":29.0},{"not_picked":["Burning Pact+1","Sword Boomerang"],"picked":"Flex","floor":31.0},{"not_picked":["Berserk","Bludgeon"],"picked":"Juggernaut","floor":33.0},{"not_picked":["Clash+1","True Grit+1","Sword Boomerang"],"picked":"SKIP","floor":35.0},{"not_picked":["Rupture+1","Pommel Strike+1"],"picked":"Shrug It Off+1","floor":36.0},{"not_picked":["Hemokinesis","Searing Blow"],"picked":"Body Slam+1","floor":39.0},{"not_picked":["Flex+1","Sword Boomerang"],"picked":"Uppercut+1","floor":42.0},{"not_picked":["Violence","Impatience"],"picked":"Dark Shackles","floor":44},{"not_picked":["Headbutt+1","Clothesline","Twin Strike+1"],"picked":"SKIP","floor":46},{"not_picked":["Anger+1","Fiend Fire","Pommel Strike"],"picked":"SKIP","floor":48}],"player_experience":0,"relics_obtained":[{"floor":6.0,"key":"Blood Vial"},{"floor":9.0,"key":"Shuriken"},{"floor":12.0,"key":"PreservedInsect"},{"floor":14.0,"key":"Red Skull"},{"floor":24.0,"key":"Lantern"},{"floor":26.0,"key":"Dream Catcher"},{"floor":37.0,"key":"Potion Belt"}],"event_choices":[{"event_name":"Big Fish","player_choice":"Donut","floor":3.0,"damage_taken":0.0},{"event_name":"Upgrade Shrine","player_choice":"Upgraded","floor":4.0,"damage_taken":0.0},{"event_name":"Golden Shrine","player_choice":"Desecrate","floor":7.0,"damage_taken":0.0},{"event_name":"SensoryStone","player_choice":"Memory 1","floor":44,"damage_taken":0},{"event_name":"Tomb of Lord Red Mask","player_choice":"Paid","floor":47,"damage_taken":0}],"is_beta":false,"boss_relics":[{"not_picked":["Black Star","Astrolabe"],"picked":"Cursed Key"},{"not_picked":["Philosopher\u0027s Stone","Orrery"],"picked":"Sozu"}],"items_purged_floors":[11,19,38],"is_endless":false,"potions_floor_spawned":[6,12,13,18,22,28,33,35,48],"ascension_level":0}