{"gold_per_floor":[115,130,147,163,10,10,10,10,56,56,67,98,118,132,132,233,233,248,248,268,125,136,136,163,63,63,63,78,91,104,121,121,222,222,234,247,264,264,139,139,152,162,232,232,63,110,128,153,153,153],"floor_reached":51,"playtime":3953,"items_purged":["Strike_B","Strike_B","Strike_B"],"score":680,"play_id":"7a516ccb-5252-40a8-9575-f15a0a00bb71","local_time":"20180924092337","is_ascension_mode":false,"campfire_choices":[{"data":"Streamline","floor":6.0,"key":"SMITH"},{"data":"Go for the Eyes","floor":8.0,"key":"SMITH"},{"data":"Conserve Battery","floor":10.0,"key":"SMITH"},{"data":"Seek","floor":15.0,"key":"SMITH"},{"data":"Capacitor","floor":23,"key":"SMITH"},{"data":"Stack","floor":27,"key":"SMITH"},{"data":"Creative AI","floor":32,"key":"SMITH"},{"data":"Loop","floor":40,"key":"SMITH"},{"data":"Loop","floor":44,"key":"SMITH"},{"floor":49,"key":"REST"}],"neow_cost":"NONE","seed_source_timestamp":219121873470469,"circlet_count":0,"master_deck":["Defend_B","Defend_B","Defend_B","Defend_B","Zap+1","Dualcast","Conserve Battery+1","Sweeping Beam","Go for the Eyes+1","Streamline+1","Seek+1","Chill","Glacier","Beam Cell","Creative AI+1","Leap","Finesse","Seek","Stack+1","Loop+1","Self Repair","Capacitor+1","Heatsinks+1","Compile Driver","Loop+1","Coolheaded+1","Seek","Leap","Hologram","Force Field+1","Turbo","Rebound+1","Loop+1","Hologram+1","Finesse","Capacitor+1","Echo Form","Consume","Storm","Leap","Defragment"],"special_seed":0,"relics":["Cracked Core","Happy Flower","Centennial Puzzle","Bronze Scales","Sozu","Oddly Smooth Stone","Pantograph","Orrery","Shuriken","Pocketwatch","Bag of Marbles"],"potions_floor_usage":[37,50,50],"damage_taken":[{"damage":2.0,"enemies":"2 Louse","floor":1.0,"turns":3.0},{"damage":3.0,"enemies":"Small Slimes","floor":2.0,"turns":3.0},{"damage":0.0,"enemies":"Cultist","floor":3.0,"turns":3.0},{"damage":0.0,"enemies":"Red Slaver","floor":4.0,"turns":4.0},{"damage":6.0,"enemies":"Lots of Slimes","floor":11.0,"turns":2.0},{"damage":16.0,"enemies":"Gremlin Nob","floor":12.0,"turns":3.0},{"damage":0.0,"enemies":"Large Slime","floor":13.0,"turns":3.0},{"damage":0.0,"enemies":"Looter","floor":14.0,"turns":2.0},{"damage":23.0,"enemies":"Slime Boss","floor":16.0,"turns":5.0},{"damage":6.0,"enemies":"Chosen","floor":18.0,"turns":5.0},{"damage":0,"enemies":"3 Byrds","floor":20,"turns":4},{"damage":0,"enemies":"Sentry and Sphere","floor":22,"turns":7},{"damage":7,"enemies":"Book of Stabbing","floor":24,"turns":6},{"damage":2,"enemies":"Snake Plant","floor":28,"turns":4},{"damage":0,"enemies":"Centurion and Healer","floor":29,"turns":7},{"damage":2,"enemies":"Snecko","floor":30,"turns":5},{"damage":9,"enemies":"3 Cultists","floor":31,"turns":5},{"damage":7,"enemies":"Automaton","floor":33,"turns":9},{"damage":0,"enemies":"3 Darklings","floor":35,"turns":7},{"damage":8,"enemies":"3 Shapes","floor":36,"turns":7},{"damage":3,"enemies":"Spire Growth","floor":37,"turns":9},{"damage":0,"enemies":"Transient","floor":41,"turns":5},{"damage":0,"enemies":"4 Shapes","floor":42,"turns":9},{"damage":21,"enemies":"Mysterious Sphere","floor":46,"turns":6},{"damage":1,"enemies":"3 Darklings","floor":47,"turns":5},{"damage":9,"enemies":"Nemesis","floor":48,"turns":7},{"damage":12,"enemies":"Donu and Deca","floor":50,"turns":7}],"seed_played":"-4934998366886856563","potions_obtained":[{"floor":2.0,"key":"Dexterity Potion"},{"floor":4.0,"key":"Fire Potion"},{"floor":12.0,"key":"Dexterity Potion"},{"floor":16.0,"key":"Ancient Potion"}],"is_trial":false,"path_per_floor":["M","M","M","M","$","R","?","R","T","R","M","E","M","M","R","B",null,"M","?","M","$","M","R","E","$","T","R","M","M","M","M","R","B",null,"M","M","M","?","$","R","M","M","T","R","$","?","M","E","R","B"],"character_chosen":"DEFECT","items_purchased":["Happy Flower","Self Repair","Consume","Storm","Leap"],"campfire_rested":1,"item_purchase_floors":[5,21,45,45,45],"current_hp_per_floor":[73,70,70,70,70,70,70,70,70,70,64,48,48,48,48,25,75,69,69,69,69,75,75,75,75,75,75,75,75,75,73,73,75,75,75,75,75,75,75,75,75,75,75,75,75,61,60,58,75,63],"gold":153,"neow_bonus":"UPGRADE_CARD","is_prod":false,"is_daily":false,"chose_seed":false,"campfire_upgraded":9,"win_rate":1,"timestamp":1537748617,"path_taken":["M","M","M","M","$","R","?","R","T","R","M","E","M","M","R","BOSS","M","?","?","?","M","R","E","$","T","R","M","M","M","M","R","BOSS","M","M","M","?","$","R","M","M","T","R","$","?","M","E","R","BOSS"],"build_version":"2018-09-20","purchased_purges":3,"victory":true,"max_hp_per_floor":[75,75,75,75,75,75,75,75,75,75,75,75,75,75,75,75,75,75,75,75,75,75,75,75,75,75,75,75,75,75,75,75,75,75,75,75,75,75,75,75,75,75,75,75,75,75,75,75,75,75],"card_choices":[{"not_picked":["Gash","Turbo"],"picked":"Conserve Battery","floor":1.0},{"not_picked":["Redo","Chaos"],"picked":"Sweeping Beam","floor":2.0},{"not_picked":["Gash","Meteor Strike"],"picked":"Go for the Eyes","floor":3.0},{"not_picked":["Ball Lightning","Redo"],"picked":"Streamline","floor":4.0},{"not_picked":["Beam Cell","Steam"],"picked":"Seek","floor":11.0},{"not_picked":["Compile Driver","Tempest"],"picked":"Chill","floor":12.0},{"not_picked":["Melter","Heatsinks"],"picked":"Glacier","floor":13.0},{"not_picked":["Stack","Melter"],"picked":"Beam Cell","floor":14.0},{"not_picked":["Biased Cognition","Meteor Strike"],"picked":"Creative AI","floor":16.0},{"not_picked":["Tempest","Barrage"],"picked":"Leap","floor":18.0},{"not_picked":["Cold Snap","Gash"],"picked":"Loop","floor":20},{"not_picked":["Conserve Battery","Go for the Eyes+1"],"picked":"Capacitor","floor":22},{"not_picked":["Beam Cell","Redo"],"picked":"Heatsinks+1","floor":24},{"not_picked":["Barrage","Redo"],"picked":"Compile Driver","floor":28},{"not_picked":["Steam","Rebound"],"picked":"Loop","floor":29},{"not_picked":["Chaos","Darkness","Go for the Eyes"],"picked":"SKIP","floor":30},{"not_picked":["Force Field","Compile Driver"],"picked":"Coolheaded+1","floor":31},{"not_picked":["Fission","Reboot"],"picked":"Seek","floor":33},{"not_picked":["Chill","Redo"],"picked":"Leap","floor":34},{"not_picked":["Doom and Gloom","Chaos"],"picked":"Hologram","floor":34},{"not_picked":["Sweeping Beam","FTL"],"picked":"Force Field+1","floor":34},{"not_picked":["Rebound+1","Ball Lightning"],"picked":"Turbo","floor":34},{"not_picked":["Beam Cell+1","Reprogram+1"],"picked":"Rebound+1","floor":35},{"not_picked":["Multi-Cast","Storm"],"picked":"Loop+1","floor":36},{"not_picked":["Gash","Beam Cell+1"],"picked":"Hologram+1","floor":37},{"not_picked":["Dark Shackles","Swift Strike"],"picked":"Finesse","floor":38},{"not_picked":["Gash","Ball Lightning+1"],"picked":"Capacitor+1","floor":41},{"not_picked":["Turbo+1","Compile Driver"],"picked":"Echo Form","floor":42},{"not_picked":["Turbo+1","Chaos+1"],"picked":"Defragment","floor":47},{"not_picked":["Go for the Eyes","Beam Cell","Doom and Gloom+1"],"picked":"SKIP","floor":48}],"player_experience":52811,"relics_obtained":[{"floor":9.0,"key":"Centennial Puzzle"},{"floor":12.0,"key":"Bronze Scales"},{"floor":24,"key":"Oddly Smooth Stone"},{"floor":26,"key":"Pantograph"},{"floor":43,"key":"Shuriken"},{"floor":46,"key":"Pocketwatch"},{"floor":48,"key":"Bag of Marbles"}],"event_choices":[{"event_name":"Living Wall","player_choice":"Forget","floor":7.0,"damage_taken":0.0},{"event_name":"Match and Keep!","player_choice":"3 cards matched","floor":19,"damage_taken":0},{"event_name":"SensoryStone","player_choice":"Memory 1","floor":38,"damage_taken":0},{"event_name":"Mysterious Sphere","player_choice":"Fight","floor":46,"damage_taken":0}],"is_beta":false,"boss_relics":[{"not_picked":["Black Star","Velvet Choker"],"picked":"Sozu"},{"not_picked":["Lizard Tail","White Beast Statue"],"picked":"Orrery"}],"items_purged_floors":[21,25,39],"is_endless":false,"potions_floor_spawned":[2,4,12,16,22,24,30,31,35,41,42,47],"ascension_level":0}