{"gold_per_floor":[119,138,9,24,35,35,67,67,67,85,100,117,117,147,147,249,249,267,21,21,21,41,41,51,51,105,116,128,140,140,153,153,250,250,267,167,0,10,10,10,57,72,148,178,178,105,105,120,120,120],"floor_reached":51,"playtime":2990,"items_purged":["Strike_B","Strike_B"],"score":716,"play_id":"38a7ce24-68e6-416c-8f24-1bc2d2192426","local_time":"20181014190147","is_ascension_mode":false,"campfire_choices":[{"data":"Zap","floor":6,"key":"SMITH"},{"data":"Doom and Gloom","floor":8,"key":"SMITH"},{"data":"Rainbow","floor":13,"key":"SMITH"},{"data":"Streamline","floor":15,"key":"SMITH"},{"data":"Apotheosis","floor":23,"key":"SMITH"},{"floor":25,"key":"REST"},{"data":"Stack","floor":30,"key":"SMITH"},{"data":"Blizzard","floor":32,"key":"SMITH"},{"data":"Leap","floor":40,"key":"SMITH"},{"floor":45,"key":"REST"},{"data":"Consume","floor":47,"key":"SMITH"},{"data":"Loop","floor":49,"key":"SMITH"}],"neow_cost":"NONE","seed_source_timestamp":23786510600674,"circlet_count":0,"master_deck":["Strike_B","Defend_B","Defend_B","Defend_B","Defend_B","Zap+1","Dualcast","Coolheaded","Doom and Gloom+1","Steam","Glacier","Ball Lightning","Compile Driver","BootSequence","Rainbow+1","Leap+1","Streamline+1","Echo Form","Beam Cell","Apotheosis+1","Stack+1","Leap","Coolheaded","Loop+1","Conserve Battery+1","Leap","Blizzard+1","Echo Form","Hologram+1","Chill","Consume+1","Conserve Battery+1","Hologram","Loop+1","Loop+1"],"relics":["Cracked Core","Strawberry","Question Card","Incense Burner","Calipers","Inserter","Enchiridion","Anchor","Sozu","Red Mask","Nunchaku","Blue Candle","Lantern"],"potions_floor_usage":[18,33,33,50],"damage_taken":[{"damage":0,"enemies":"Small Slimes","floor":1,"turns":2},{"damage":0,"enemies":"Jaw Worm","floor":2,"turns":4},{"damage":0,"enemies":"2 Louse","floor":4,"turns":2},{"damage":0,"enemies":"Gremlin Gang","floor":5,"turns":5},{"damage":13,"enemies":"Lagavulin","floor":7,"turns":7},{"damage":9,"enemies":"Large Slime","floor":10,"turns":5},{"damage":0,"enemies":"Looter","floor":11,"turns":2},{"damage":0,"enemies":"Exordium Wildlife","floor":12,"turns":5},{"damage":18,"enemies":"Gremlin Nob","floor":14,"turns":4},{"damage":5,"enemies":"Slime Boss","floor":16,"turns":8},{"damage":23,"enemies":"2 Thieves","floor":18,"turns":3},{"damage":0,"enemies":"Chosen","floor":22,"turns":5},{"damage":6,"enemies":"Shelled Parasite and Fungi","floor":24,"turns":7},{"damage":0,"enemies":"Cultist and Chosen","floor":27,"turns":6},{"damage":11,"enemies":"Snecko","floor":28,"turns":5},{"damage":0,"enemies":"Snake Plant","floor":29,"turns":3},{"damage":0,"enemies":"Chosen and Byrds","floor":31,"turns":7},{"damage":16,"enemies":"Collector","floor":33,"turns":11},{"damage":0,"enemies":"Orb Walker","floor":35,"turns":4},{"damage":0,"enemies":"3 Shapes","floor":38,"turns":5},{"damage":0,"enemies":"Mysterious Sphere","floor":41,"turns":5},{"damage":27,"enemies":"3 Darklings","floor":42,"turns":5},{"damage":0,"enemies":"Giant Head","floor":44,"turns":8},{"damage":3,"enemies":"Sphere and 2 Shapes","floor":48,"turns":9},{"damage":11,"enemies":"Awakened One","floor":50,"turns":14}],"seed_played":"-7299757874958744168","potions_obtained":[{"floor":1,"key":"SpeedPotion"},{"floor":2,"key":"SkillPotion"},{"floor":12,"key":"Weak Potion"},{"floor":24,"key":"Energy Potion"},{"floor":29,"key":"Swift Potion"}],"is_trial":false,"path_per_floor":["M","M","$","M","M","R","E","R","T","M","M","M","R","E","R","B",null,"M","$","?","?","M","R","M","R","T","M","M","M","R","M","R","B",null,"M","$","?","M","?","R","?","M","T","E","R","$","R","M","R","B"],"character_chosen":"DEFECT","items_purchased":["Steam","Apotheosis","Stack","Loop"],"campfire_rested":2,"item_purchase_floors":[3,19,19,46],"current_hp_per_floor":[82,82,82,82,82,82,69,69,69,60,60,60,60,42,42,37,82,59,59,59,43,43,43,37,61,61,61,50,50,50,50,50,34,82,82,82,82,82,82,82,82,55,55,55,79,79,79,76,76,65],"gold":120,"neow_bonus":"RANDOM_COMMON_RELIC","is_prod":false,"is_daily":false,"chose_seed":false,"campfire_upgraded":10,"win_rate":0,"timestamp":1539511307,"path_taken":["M","M","$","M","M","R","E","R","T","M","M","M","R","E","R","BOSS","M","$","?","?","?","R","M","R","T","M","M","M","R","M","R","BOSS","M","$","?","M","?","R","?","M","T","E","R","$","R","M","R","BOSS"],"build_version":"2018-10-11","purchased_purges":2,"victory":true,"max_hp_per_floor":[82,82,82,82,82,82,82,82,82,82,82,82,82,82,82,82,82,82,82,82,82,82,82,82,82,82,82,82,82,82,82,82,82,82,82,82,82,82,82,82,82,82,82,82,82,82,82,82,82,82],"card_choices":[{"not_picked":["Hologram","Steam"],"picked":"Coolheaded","floor":1},{"not_picked":["Cold Snap","Heatsinks"],"picked":"Doom and Gloom","floor":2},{"not_picked":["Steam","Rebound"],"picked":"Glacier","floor":4},{"not_picked":["Melter","Reprogram"],"picked":"Ball Lightning","floor":5},{"not_picked":["Heatsinks","Cold Snap"],"picked":"Compile Driver","floor":7},{"not_picked":["Go for the Eyes","Compile Driver","Reinforced Body"],"picked":"BootSequence","floor":10},{"not_picked":["Redo","Heatsinks","Barrage"],"picked":"Rainbow","floor":11},{"not_picked":["Reprogram","Stack","Sweeping Beam"],"picked":"Leap","floor":12},{"not_picked":["Auto Shields","Skim","Sweeping Beam"],"picked":"Streamline","floor":14},{"not_picked":["Meteor Strike","Amplify","Rainbow"],"picked":"Echo Form","floor":16},{"not_picked":["Ball Lightning","Cold Snap","Darkness"],"picked":"Beam Cell","floor":18},{"not_picked":["Sweeping Beam+1","Go for the Eyes","Double Energy"],"picked":"Leap","floor":22},{"not_picked":["Scrape","Compile Driver+1","Genetic Algorithm"],"picked":"Coolheaded","floor":24},{"not_picked":["Scrape+1","Gash+1","Beam Cell"],"picked":"Loop+1","floor":27},{"not_picked":["Leap","Beam Cell","Doom and Gloom"],"picked":"Conserve Battery+1","floor":28},{"not_picked":["White Noise","Darkness","Hologram"],"picked":"Leap","floor":29},{"not_picked":["Capacitor","Melter+1","Gash"],"picked":"Blizzard","floor":31},{"not_picked":["All For One","Creative AI","Hyperbeam"],"picked":"Echo Form","floor":33},{"not_picked":["Genetic Algorithm+1","Barrage","Cold Snap"],"picked":"Hologram+1","floor":35},{"not_picked":["Stack","BootSequence","Hello World+1"],"picked":"Chill","floor":38},{"not_picked":["Capacitor+1","Beam Cell+1","Leap"],"picked":"Consume","floor":41},{"not_picked":["Leap+1","Scrape+1","Redo"],"picked":"Conserve Battery+1","floor":42},{"not_picked":["Rainbow","Rebound","Cold Snap"],"picked":"Hologram","floor":44},{"not_picked":["Rebound","Tempest+1","Coolheaded+1"],"picked":"Loop+1","floor":48}],"player_experience":233881,"relics_obtained":[{"floor":7,"key":"Question Card"},{"floor":9,"key":"Incense Burner"},{"floor":14,"key":"Calipers"},{"floor":21,"key":"Enchiridion"},{"floor":26,"key":"Anchor"},{"floor":41,"key":"Nunchaku"},{"floor":43,"key":"Blue Candle"},{"floor":44,"key":"Lantern"}],"event_choices":[{"event_name":"Beggar","player_choice":"Ignored","floor":20,"damage_taken":0},{"event_name":"Cursed Tome","player_choice":"Obtained Book","floor":21,"damage_taken":0},{"event_name":"Tomb of Lord Red Mask","player_choice":"Paid","floor":37,"damage_taken":0},{"event_name":"Falling","player_choice":"Removed Attack","floor":39,"damage_taken":0},{"event_name":"Mysterious Sphere","player_choice":"Fight","floor":41,"damage_taken":0}],"is_beta":false,"boss_relics":[{"not_picked":["Snecko Eye","Eternal Feather"],"picked":"Inserter"},{"not_picked":["Orrery","Pandora\u0027s Box"],"picked":"Sozu"}],"items_purged_floors":[3,36],"is_endless":false,"potions_floor_spawned":[1,2,12,24,29,31,41,42],"ascension_level":0}