{"gold_per_floor":[109,122,138,138,149,149,183,207,259,259,270,270],"floor_reached":12,"playtime":911,"items_purged":[],"score":80,"play_id":"be8e31b0-4abf-4372-a9be-16b0f5ab2443","local_time":"20190831125403","is_ascension_mode":false,"campfire_choices":[{"data":"Armaments","floor":6,"key":"SMITH"},{"floor":10,"key":"REST"}],"neow_cost":"NONE","seed_source_timestamp":603286091414772,"circlet_count":0,"master_deck":["Strike_R","Strike_R","Strike_R","Strike_R","Strike_R","Defend_R","Defend_R","Defend_R","Defend_R","Bash","Pommel Strike+1","Power Through","Heavy Blade+1","Armaments+1","Searing Blow","Searing Blow"],"relics":["Burning Blood","Bag of Preparation","Ancient Tea Set","Boot"],"potions_floor_usage":[],"damage_taken":[{"damage":2,"enemies":"2 Louse","floor":1,"turns":4},{"damage":10,"enemies":"Jaw Worm","floor":2,"turns":4},{"damage":6,"enemies":"Cultist","floor":3,"turns":4},{"damage":12,"enemies":"Blue Slaver","floor":5,"turns":3},{"damage":52,"enemies":"Gremlin Nob","floor":7,"turns":6},{"damage":6,"enemies":"Red Slaver","floor":11,"turns":4},{"damage":42,"enemies":"Lagavulin","floor":12,"turns":9}],"seed_played":"-9099429734506536503","potions_obtained":[{"floor":3,"key":"Explosive Potion"},{"floor":5,"key":"Fire Potion"},{"floor":7,"key":"AttackPotion"}],"is_trial":false,"path_per_floor":["M","M","M","?","M","R","E","T","T","R","M","E"],"character_chosen":"IRONCLAD","items_purchased":[],"campfire_rested":1,"item_purchase_floors":[],"current_hp_per_floor":[88,84,84,66,60,60,14,14,14,40,40,0],"gold":270,"neow_bonus":"TEN_PERCENT_HP_BONUS","is_prod":false,"is_daily":false,"chose_seed":false,"campfire_upgraded":1,"win_rate":0.0,"timestamp":1567274043,"path_taken":["M","M","M","?","M","R","E","?","T","R","?","E"],"build_version":"2019-07-17","purchased_purges":0,"victory":false,"max_hp_per_floor":[88,88,88,88,88,88,88,88,88,88,88,88],"card_choices":[{"not_picked":["Body Slam","Wild Strike"],"picked":"Pommel Strike","floor":1},{"not_picked":["Iron Wave","Body Slam"],"picked":"Power Through","floor":2},{"not_picked":["True Grit","Warcry"],"picked":"Heavy Blade","floor":3},{"not_picked":["Whirlwind","Thunderclap"],"picked":"Armaments","floor":5},{"not_picked":["Battle Trance","Rampage"],"picked":"Searing Blow","floor":7},{"not_picked":["Bloodletting","True Grit"],"picked":"Searing Blow","floor":11}],"player_experience":32050,"relics_obtained":[{"floor":7,"key":"Bag of Preparation"},{"floor":8,"key":"Ancient Tea Set"},{"floor":9,"key":"Boot"}],"event_choices":[{"damage_healed":0,"gold_gain":0,"player_choice":"Entered Light","damage_taken":18,"max_hp_gain":0,"max_hp_loss":0,"event_name":"Shining Light","floor":4,"gold_loss":0,"cards_upgraded":["Heavy Blade","Pommel Strike"]}],"is_beta":false,"boss_relics":[],"items_purged_floors":[],"is_endless":false,"potions_floor_spawned":[3,5,7],"killed_by":"Lagavulin","ascension_level":0}