{"gold_per_floor":[119,119,119,119,44,44,56,56,81,115,115,128,128,146,146,223,223,241,25,25,36,50,50,106,6,6,6,33,51,77,87,87,165,165,176,176,188,206,224,224,238,272,321,33,133,165,165,190,190,190,190],"floor_reached":52,"playtime":2074,"items_purged":["Juggernaut","Body Slam","Sentinel"],"score":2676,"play_id":"d248e2ab-95cf-412e-a770-d614968ac189","local_time":"20190831235135","is_ascension_mode":true,"campfire_choices":[{"data":"Dual Wield","floor":6.0,"key":"SMITH"},{"floor":11.0,"key":"REST"},{"data":"Bash","floor":15.0,"key":"SMITH"},{"data":"Pommel Strike","floor":23.0,"key":"SMITH"},{"floor":27.0,"key":"REST"},{"floor":32.0,"key":"REST"},{"data":"Offering","floor":40.0,"key":"SMITH"},{"floor":49.0,"key":"REST"}],"neow_cost":"NONE","seed_source_timestamp":0,"circlet_count":0,"master_deck":["AscendersBane","Bash+1","Dual Wield+1","Dropkick+1","Offering+1","Thunderclap+1","Pommel Strike+1","Evolve","Offering","Disarm"],"special_seed":0,"relics":["Pandora\u0027s Box","Centennial Puzzle","Regal Pillow","Magic Flower","Black Star","TheAbacus","Bird Faced Urn","Tiny Chest","Molten Egg 2","Strawberry","Shuriken","Red Mask","Philosopher\u0027s Stone","Sundial","Whetstone","Pen Nib","Bag of Preparation","Shovel","Juzu Bracelet","Omamori","Ancient Tea Set","Lantern"],"potions_floor_usage":[],"damage_taken":[{"damage":23.0,"enemies":"2 Louse","floor":1.0,"turns":3.0},{"damage":6.0,"enemies":"Jaw Worm","floor":7.0,"turns":1.0},{"damage":6.0,"enemies":"Lagavulin","floor":10.0,"turns":1.0},{"damage":0.0,"enemies":"Cultist","floor":12.0,"turns":2.0},{"damage":0.0,"enemies":"3 Sentries","floor":13.0,"turns":1.0},{"damage":20.0,"enemies":"3 Louse","floor":14.0,"turns":4.0},{"damage":6.0,"enemies":"Hexaghost","floor":16.0,"turns":1.0},{"damage":6.0,"enemies":"Spheric Guardian","floor":18.0,"turns":2.0},{"damage":6.0,"enemies":"2 Thieves","floor":21.0,"turns":1.0},{"damage":6.0,"enemies":"Snecko","floor":22.0,"turns":1.0},{"damage":6.0,"enemies":"Book of Stabbing","floor":24.0,"turns":1.0},{"damage":6.0,"enemies":"Gremlin Leader","floor":28.0,"turns":1.0},{"damage":6.0,"enemies":"Centurion and Healer","floor":29.0,"turns":1.0},{"damage":13.0,"enemies":"Masked Bandits","floor":30.0,"turns":2.0},{"damage":6.0,"enemies":"Snake Plant","floor":31.0,"turns":1.0},{"damage":6.0,"enemies":"Automaton","floor":33.0,"turns":2.0},{"damage":6.0,"enemies":"3 Darklings","floor":35.0,"turns":1.0},{"damage":16.0,"enemies":"3 Shapes","floor":37.0,"turns":2.0},{"damage":6.0,"enemies":"3 Darklings","floor":38.0,"turns":1.0},{"damage":6.0,"enemies":"4 Shapes","floor":39.0,"turns":1.0},{"damage":6.0,"enemies":"Maw","floor":41.0,"turns":1.0},{"damage":6.0,"enemies":"Reptomancer","floor":42.0,"turns":1.0},{"damage":6.0,"enemies":"Mind Bloom Boss Battle","floor":45.0,"turns":1.0},{"damage":6.0,"enemies":"Giant Head","floor":46.0,"turns":1.0},{"damage":6.0,"enemies":"Reptomancer","floor":48.0,"turns":1.0},{"damage":12,"enemies":"Time Eater","floor":50,"turns":3},{"damage":6,"enemies":"Awakened One","floor":51,"turns":2}],"seed_played":"-6368152373374433433","potions_obtained":[{"floor":7.0,"key":"SmokeBomb"},{"floor":10.0,"key":"Weak Potion"},{"floor":16.0,"key":"SkillPotion"},{"floor":18.0,"key":"EntropicBrew"},{"floor":22.0,"key":"SpeedPotion"},{"floor":33.0,"key":"Fire Potion"},{"floor":41.0,"key":"Regen Potion"},{"floor":46.0,"key":"Regen Potion"}],"is_trial":false,"path_per_floor":["M","?","?","?","$","R","M","$","T","E","R","M","E","M","R","B",null,"M","$","?","M","M","R","E","$","T","R","E","M","?","M","R","B",null,"M","?","M","M","M","R","M","E","T","$","?","E","?","E","R","B","B",null],"character_chosen":"IRONCLAD","items_purchased":["TheAbacus","Bag of Preparation"],"campfire_rested":4,"item_purchase_floors":[19,44],"current_hp_per_floor":[45,34,27,27,27,27,21,21,21,15,52,52,52,32,32,26,63,57,57,57,51,45,45,39,39,39,75,76,70,57,51,82,76,81,75,75,62,56,50,50,47,44,44,44,41,38,54,51,82,73,70],"gold":190,"neow_bonus":"BOSS_RELIC","is_prod":false,"is_daily":false,"chose_seed":false,"campfire_upgraded":4,"win_rate":0,"timestamp":1567320695,"path_taken":["M","?","?","?","?","R","M","$","T","E","R","M","E","M","R","BOSS","M","$","?","?","M","R","E","$","T","R","E","M","?","M","R","BOSS","M","?","M","M","?","R","M","E","T","$","?","E","?","E","R","BOSS","BOSS"],"build_version":"2019-08-26","purchased_purges":3,"victory":true,"max_hp_per_floor":[75,75,75,75,75,75,75,75,75,75,75,75,75,75,75,75,75,75,75,75,75,75,75,75,75,75,75,82,82,82,82,82,82,82,82,82,82,82,82,82,82,82,82,82,82,82,82,82,82,82,82],"card_choices":[{"not_picked":["Searing Blow","Thunderclap","Evolve"],"picked":"SKIP","floor":7.0},{"not_picked":["Clash","Seeing Red","Headbutt"],"picked":"SKIP","floor":10.0},{"not_picked":["Sword Boomerang","Headbutt","Clash"],"picked":"SKIP","floor":12.0},{"not_picked":["Fire Breathing","Shrug It Off"],"picked":"Thunderclap","floor":14.0},{"not_picked":["Perfected Strike","Shrug It Off"],"picked":"Pommel Strike","floor":18.0},{"not_picked":["Wild Strike","Fire Breathing","Clash+1"],"picked":"SKIP","floor":21.0},{"not_picked":["Thunderclap","Flex","Evolve"],"picked":"SKIP","floor":22.0},{"not_picked":["Juggernaut","Second Wind+1","Havoc+1"],"picked":"SKIP","floor":24.0},{"not_picked":["Heavy Blade+1","Headbutt+1","Rage+1"],"picked":"SKIP","floor":28.0},{"not_picked":["Corruption","Clothesline+1","Shrug It Off"],"picked":"SKIP","floor":29.0},{"not_picked":["Body Slam+1","Shrug It Off","Infernal Blade"],"picked":"SKIP","floor":31.0},{"not_picked":["Sentinel","Ghostly Armor+1","Seeing Red"],"picked":"SKIP","floor":35.0},{"not_picked":["Perfected Strike+1","Wild Strike+1","Flex"],"picked":"SKIP","floor":37.0},{"not_picked":["Clash+1","Perfected Strike+1","Shrug It Off"],"picked":"SKIP","floor":38.0},{"not_picked":["Headbutt+1","True Grit+1"],"picked":"Offering","floor":41.0},{"not_picked":["Warcry+1","Spot Weakness+1","Body Slam+1"],"picked":"SKIP","floor":42.0},{"not_picked":["Shrug It Off","Corruption+1"],"picked":"Disarm","floor":45.0},{"not_picked":["Thunderclap+1","Flame Barrier+1","Rupture+1"],"picked":"SKIP","floor":46.0},{"not_picked":["Reaper+1","Anger+1","Armaments+1"],"picked":"SKIP","floor":48.0}],"player_experience":1486652,"relics_obtained":[{"floor":9.0,"key":"Regal Pillow"},{"floor":10.0,"key":"Magic Flower"},{"floor":24.0,"key":"Bird Faced Urn"},{"floor":24.0,"key":"Tiny Chest"},{"floor":26.0,"key":"Molten Egg 2"},{"floor":28.0,"key":"Strawberry"},{"floor":28.0,"key":"Shuriken"},{"floor":30.0,"key":"Red Mask"},{"floor":42.0,"key":"Sundial"},{"floor":42.0,"key":"Whetstone"},{"floor":43.0,"key":"Pen Nib"},{"floor":45.0,"key":"Shovel"},{"floor":46.0,"key":"Juzu Bracelet"},{"floor":46.0,"key":"Omamori"},{"floor":48.0,"key":"Ancient Tea Set"},{"floor":48.0,"key":"Lantern"}],"event_choices":[{"damage_healed":0.0,"max_hp_gain":0.0,"max_hp_loss":0.0,"gold_gain":0.0,"event_name":"Scrap Ooze","player_choice":"Success","floor":2.0,"gold_loss":0.0,"damage_taken":11.0,"relics_obtained":["Centennial Puzzle"]},{"cards_removed":["Barricade"],"damage_healed":0.0,"max_hp_gain":0.0,"max_hp_loss":0.0,"gold_gain":0.0,"event_name":"Golden Wing","player_choice":"Card Removal","floor":3.0,"gold_loss":0.0,"damage_taken":7.0},{"damage_healed":0.0,"max_hp_gain":0.0,"max_hp_loss":0.0,"gold_gain":0.0,"event_name":"Liars Game","player_choice":"Ignored","floor":4.0,"gold_loss":0.0,"damage_taken":0.0},{"cards_removed":["Rupture"],"damage_healed":0.0,"max_hp_gain":0.0,"max_hp_loss":0.0,"gold_gain":0.0,"event_name":"Purifier","player_choice":"Purged","floor":20.0,"gold_loss":0.0,"damage_taken":0.0},{"damage_healed":0.0,"max_hp_gain":0.0,"max_hp_loss":0.0,"gold_gain":0.0,"event_name":"Masked Bandits","player_choice":"Fought Bandits","floor":30.0,"gold_loss":0.0,"damage_taken":0.0},{"damage_healed":0.0,"max_hp_gain":0.0,"max_hp_loss":0.0,"gold_gain":0.0,"cards_transformed":["Spot Weakness"],"event_name":"Transmorgrifier","player_choice":"Transformed","floor":36.0,"gold_loss":0.0,"damage_taken":0.0,"cards_obtained":["Evolve"]},{"damage_healed":0.0,"max_hp_gain":0.0,"max_hp_loss":0.0,"gold_gain":0.0,"event_name":"MindBloom","player_choice":"Fight","floor":45.0,"gold_loss":0.0,"damage_taken":0.0},{"damage_healed":16.0,"max_hp_gain":0.0,"max_hp_loss":0.0,"gold_gain":0.0,"event_name":"Winding Halls","player_choice":"Writhe","floor":47.0,"gold_loss":0.0,"damage_taken":0.0,"cards_obtained":["Writhe"]}],"is_beta":true,"boss_relics":[{"not_picked":["Coffee Dripper","Velvet Choker"],"picked":"Black Star"},{"not_picked":["Calling Bell","Cursed Key"],"picked":"Philosopher\u0027s Stone"}],"items_purged_floors":[5,25,44],"is_endless":false,"potions_floor_spawned":[7,10,13,16,18,22,33,35,41,42,46],"ascension_level":20}