{"gold_per_floor":[110,124,4,104,115,115,125,125,125,144,164,164,192,206,206,304,304,323,323,113,113,86,86,103,103,103,116,135,135,169,180,180,279,279,297,29,29,41,55,55,85,85,85,85,103,103,103,103,103,103],"floor_reached":51,"playtime":3384,"items_purged":["Strike_R","Pain","Strike_R"],"score":749,"play_id":"531a0bbb-5dd8-4173-8b15-1cc0b9d7ba0c","local_time":"20180924194220","is_ascension_mode":false,"campfire_choices":[{"data":"True Grit","floor":6.0,"key":"SMITH"},{"data":"Shrug It Off","floor":8.0,"key":"SMITH"},{"data":"Body Slam","floor":12.0,"key":"SMITH"},{"data":"Feel No Pain","floor":15.0,"key":"SMITH"},{"data":"True Grit","floor":23,"key":"SMITH"},{"data":"Disarm","floor":25,"key":"SMITH"},{"data":"Body Slam","floor":29,"key":"SMITH"},{"floor":32,"key":"REST"},{"floor":40,"key":"REST"},{"data":"Strike_R","floor":42,"key":"PURGE"},{"floor":44,"key":"REST"},{"data":"Strike_R","floor":47,"key":"PURGE"},{"data":"Defend_R","floor":49,"key":"PURGE"}],"neow_cost":"NONE","seed_source_timestamp":256619865197880,"circlet_count":0,"master_deck":["Defend_R","Defend_R","Bash+1","True Grit+1","Feel No Pain+1","Shrug It Off+1","Shrug It Off","Pommel Strike","Disarm","Body Slam+1","Pummel","Disarm+1","Juggernaut","Evolve","Flame Barrier","True Grit+1","Rage","Spot Weakness+1","Body Slam+1","Feel No Pain+1","Dark Embrace","Flex+1","Ghostly Armor","Dual Wield+1"],"special_seed":0,"relics":["Burning Blood","Matryoshka","Mark of Pain","WarpedTongs","Darkstone Periapt","Peace Pipe","Red Skull","Runic Pyramid","PreservedInsect","Juzu Bracelet","Anchor","Smiling Mask"],"potions_floor_usage":[16,16,22,24,27,28,33,38,50,50,50],"damage_taken":[{"damage":6.0,"enemies":"Cultist","floor":1.0,"turns":3.0},{"damage":6.0,"enemies":"Jaw Worm","floor":2.0,"turns":3.0},{"damage":4.0,"enemies":"Small Slimes","floor":5.0,"turns":4.0},{"damage":38.0,"enemies":"Exordium Thugs","floor":7.0,"turns":9.0},{"damage":1.0,"enemies":"Lots of Slimes","floor":10.0,"turns":10.0},{"damage":0.0,"enemies":"Looter","floor":11.0,"turns":4.0},{"damage":5.0,"enemies":"3 Sentries","floor":13.0,"turns":11.0},{"damage":1.0,"enemies":"Large Slime","floor":14.0,"turns":8.0},{"damage":45,"enemies":"Slime Boss","floor":16,"turns":15},{"damage":5,"enemies":"Shell Parasite","floor":18,"turns":7},{"damage":4,"enemies":"2 Thieves","floor":22,"turns":5},{"damage":10,"enemies":"Cultist and Chosen","floor":24,"turns":5},{"damage":9,"enemies":"Snake Plant","floor":27,"turns":4},{"damage":10,"enemies":"Chosen and Byrds","floor":28,"turns":5},{"damage":17,"enemies":"Book of Stabbing","floor":30,"turns":6},{"damage":17,"enemies":"Sentry and Sphere","floor":31,"turns":6},{"damage":36,"enemies":"Collector","floor":33,"turns":13},{"damage":0,"enemies":"3 Shapes","floor":35,"turns":6},{"damage":2,"enemies":"3 Darklings","floor":38,"turns":7},{"damage":54,"enemies":"Transient","floor":39,"turns":5},{"damage":25,"enemies":"Nemesis","floor":41,"turns":7},{"damage":8,"enemies":"Maw","floor":45,"turns":9},{"damage":0,"enemies":"Donu and Deca","floor":50,"turns":8}],"seed_played":"-3482421100531509664","potions_obtained":[{"floor":5.0,"key":"FearPotion"},{"floor":10.0,"key":"AttackPotion"},{"floor":14.0,"key":"Swift Potion"},{"floor":21,"key":"Regen Potion"},{"floor":21,"key":"Fruit Juice"},{"floor":21,"key":"EntropicBrew"},{"floor":22,"key":"Regen Potion"},{"floor":27,"key":"Dexterity Potion"},{"floor":33,"key":"PowerPotion"},{"floor":39,"key":"Dexterity Potion"}],"is_trial":false,"path_per_floor":["M","M","$","?","M","R","M","R","T","M","M","R","E","M","R","B",null,"M","?","$","?","M","R","M","R","T","M","M","R","E","M","R","B",null,"M","$","?","M","M","R","E","R","T","R","M","?","R","?","R","B"],"character_chosen":"IRONCLAD","items_purchased":["Shrug It Off","Evolve","Flame Barrier","PreservedInsect"],"campfire_rested":3,"item_purchase_floors":[3,20,20,36],"current_hp_per_floor":[80,80,80,80,80,80,48,48,48,53,59,59,60,65,65,26,80,80,80,80,80,85,85,85,85,85,85,81,81,70,59,84,54,85,85,85,85,85,37,62,43,43,43,68,66,66,66,85,85,85],"gold":103,"neow_bonus":"UPGRADE_CARD","is_prod":false,"is_daily":false,"chose_seed":false,"campfire_upgraded":7,"win_rate":1,"timestamp":1537785740,"path_taken":["M","M","$","?","M","R","M","R","T","M","M","R","E","?","R","BOSS","M","?","$","?","M","R","M","R","T","M","?","R","E","M","R","BOSS","M","$","?","M","M","R","E","R","T","R","M","?","R","?","R","BOSS"],"build_version":"2018-09-20","purchased_purges":3,"victory":true,"max_hp_per_floor":[80,80,80,80,80,80,80,80,80,80,80,80,80,80,80,80,80,80,80,80,80,85,85,85,85,85,85,85,85,85,85,85,85,85,85,85,85,85,85,85,85,85,85,85,85,85,85,85,85,85],"card_choices":[{"not_picked":["Anger","Warcry"],"picked":"True Grit","floor":1.0},{"not_picked":["Uppercut","Wild Strike"],"picked":"Feel No Pain","floor":2.0},{"not_picked":["Havoc","Clash"],"picked":"Shrug It Off","floor":5.0},{"not_picked":["Wild Strike","Heavy Blade"],"picked":"Pommel Strike","floor":7.0},{"not_picked":["Pummel","Havoc"],"picked":"Disarm","floor":10.0},{"not_picked":["Flex","Second Wind"],"picked":"Body Slam","floor":11.0},{"not_picked":["Fiend Fire","Anger"],"picked":"Pummel","floor":13.0},{"not_picked":["Blood for Blood","Pommel Strike"],"picked":"Disarm","floor":14.0},{"not_picked":["Exhume","Berserk"],"picked":"Juggernaut","floor":16},{"not_picked":["Pommel Strike","Thunderclap","Twin Strike"],"picked":"SKIP","floor":18},{"not_picked":["Anger","Fire Breathing+1"],"picked":"True Grit","floor":22},{"not_picked":["Wild Strike","Limit Break"],"picked":"Rage","floor":24},{"not_picked":["Searing Blow+1","Flame Barrier"],"picked":"Spot Weakness+1","floor":27},{"not_picked":["Inflame","Combust"],"picked":"Body Slam","floor":28},{"not_picked":["Carnage","Bloodletting","Perfected Strike+1"],"picked":"SKIP","floor":30},{"not_picked":["Intimidate","Heavy Blade+1"],"picked":"Feel No Pain+1","floor":31},{"not_picked":["Double Tap","Fiend Fire"],"picked":"Dark Embrace","floor":33},{"not_picked":["Combust+1","Pommel Strike"],"picked":"Flex+1","floor":35},{"not_picked":["Perfected Strike+1","Flame Barrier"],"picked":"Ghostly Armor","floor":38},{"not_picked":["Havoc","Hemokinesis","Blood for Blood"],"picked":"SKIP","floor":39},{"not_picked":["Heavy Blade+1","Shrug It Off+1"],"picked":"Dual Wield+1","floor":41},{"not_picked":["Clothesline","Body Slam+1","Wild Strike"],"picked":"SKIP","floor":45}],"player_experience":58846,"relics_obtained":[{"floor":13.0,"key":"Matryoshka"},{"floor":26,"key":"Darkstone Periapt"},{"floor":26,"key":"Peace Pipe"},{"floor":30,"key":"Red Skull"},{"floor":41,"key":"Juzu Bracelet"},{"floor":43,"key":"Anchor"},{"floor":43,"key":"Smiling Mask"}],"event_choices":[{"event_name":"Golden Shrine","player_choice":"Pray","floor":4.0,"damage_taken":0.0},{"event_name":"Accursed Blacksmith","player_choice":"Rummage","floor":19,"damage_taken":0},{"event_name":"The Lab","player_choice":"Got Potions","floor":21,"damage_taken":0},{"event_name":"Bonfire Elementals","player_choice":"BASIC","floor":37,"damage_taken":0},{"event_name":"Falling","player_choice":"Removed Skill","floor":46,"damage_taken":0},{"event_name":"Wheel of Change","player_choice":"Full Heal","floor":48,"damage_taken":0}],"is_beta":false,"boss_relics":[{"not_picked":["Eternal Feather","Pandora\u0027s Box"],"picked":"Mark of Pain"},{"not_picked":["Fusion Hammer","Snecko Eye"],"picked":"Runic Pyramid"}],"items_purged_floors":[3,20,36],"is_endless":false,"potions_floor_spawned":[5,10,14,22,27,30,33,39,45],"ascension_level":0}