{"gold_per_floor":[116,130,130,130,80,80,95,270,297,124,124,154,174,189,189,287,287,307,320,320,120,150,150,163,180,180,204,79,99,99,99,99,195,195,215,215,229,229,35,35,35,35,60,60,77,77,97,108,108,108],"floor_reached":51,"playtime":2319,"items_purged":["Doubt","Strike_R","Writhe"],"score":695,"play_id":"791dca96-f277-4ec1-8070-3ef8a34df9a6","local_time":"20181013063958","is_ascension_mode":false,"campfire_choices":[{"data":"True Grit","floor":6,"key":"SMITH"},{"data":"Carnage","floor":11,"key":"SMITH"},{"data":"Armaments","floor":15,"key":"SMITH"},{"data":"Body Slam","floor":23,"key":"SMITH"},{"floor":32,"key":"REST"},{"data":"True Grit","floor":40,"key":"SMITH"},{"data":"True Grit","floor":42,"key":"SMITH"},{"data":"Feel No Pain","floor":44,"key":"SMITH"},{"data":"Juggernaut","floor":46,"key":"SMITH"},{"data":"Demon Form","floor":49,"key":"SMITH"}],"neow_cost":"NONE","seed_source_timestamp":186276461777655,"circlet_count":0,"master_deck":["Strike_R","Strike_R+1","Defend_R","Defend_R","Defend_R","Defend_R","Bash+1","Iron Wave","True Grit+1","Juggernaut+1","Metallicize","Carnage+1","Clash","Armaments+1","Immolate+1","Body Slam+1","Shrug It Off","Burning Pact","Bloodletting+1","True Grit+1","Demon Form+1","True Grit+1","Feel No Pain+1","Warcry+1"],"relics":["Burning Blood","MawBank","Incense Burner","Runic Pyramid","Tiny Chest","Shuriken","Whetstone","Nilry\u0027s Codex","Sozu","Mango","ClockworkSouvenir","Red Skull"],"potions_floor_usage":[19,50,50,50],"damage_taken":[{"damage":6,"enemies":"Jaw Worm","floor":1,"turns":3},{"damage":6,"enemies":"Cultist","floor":2,"turns":3},{"damage":2,"enemies":"Small Slimes","floor":7,"turns":4},{"damage":11,"enemies":"Lagavulin","floor":12,"turns":6},{"damage":1,"enemies":"2 Fungi Beasts","floor":13,"turns":3},{"damage":2,"enemies":"Large Slime","floor":14,"turns":4},{"damage":31,"enemies":"The Guardian","floor":16,"turns":11},{"damage":5,"enemies":"Chosen","floor":18,"turns":4},{"damage":0,"enemies":"3 Byrds","floor":19,"turns":4},{"damage":11,"enemies":"Snecko","floor":24,"turns":3},{"damage":9,"enemies":"Centurion and Healer","floor":25,"turns":7},{"damage":6,"enemies":"3 Cultists","floor":29,"turns":3},{"damage":18,"enemies":"Champ","floor":33,"turns":11},{"damage":13,"enemies":"3 Shapes","floor":35,"turns":3},{"damage":0,"enemies":"Mind Bloom Boss Battle","floor":36,"turns":5},{"damage":3,"enemies":"3 Darklings","floor":37,"turns":6},{"damage":13,"enemies":"Sphere and 2 Shapes","floor":45,"turns":5},{"damage":9,"enemies":"4 Shapes","floor":47,"turns":2},{"damage":9,"enemies":"Spire Growth","floor":48,"turns":5},{"damage":25,"enemies":"Awakened One","floor":50,"turns":10}],"seed_played":"-5062030366557720197","potions_obtained":[{"floor":2,"key":"Fire Potion"},{"floor":12,"key":"Strength Potion"},{"floor":16,"key":"Explosive Potion"},{"floor":33,"key":"Dexterity Potion"}],"is_trial":false,"path_per_floor":["M","M","?","$","?","R","M","?","T","$","R","E","M","M","R","B",null,"M","M","?","$","?","R","M","M","T","T","$","M","?","?","R","B",null,"M","?","M","?","$","R","$","R","T","R","M","R","M","M","R","B"],"character_chosen":"IRONCLAD","items_purchased":["Metallicize","Carnage","Shrug It Off","Strength Potion","ClockworkSouvenir"],"campfire_rested":1,"item_purchase_floors":[10,10,21,21,39],"current_hp_per_floor":[80,80,80,80,80,80,80,80,80,80,80,75,80,80,80,55,80,80,80,65,65,65,65,60,57,57,57,57,57,41,41,66,54,85,78,98,99,99,99,99,99,99,99,99,92,92,89,86,86,67],"gold":108,"neow_bonus":"UPGRADE_CARD","is_prod":false,"is_daily":false,"chose_seed":false,"campfire_upgraded":9,"win_rate":0,"timestamp":1539380398,"path_taken":["M","M","?","$","?","R","M","?","T","$","R","E","M","M","R","BOSS","M","M","?","$","?","R","M","?","T","?","$","M","?","?","R","BOSS","M","?","M","?","$","R","$","R","T","R","M","R","M","M","R","BOSS"],"build_version":"2018-10-11","purchased_purges":3,"victory":true,"max_hp_per_floor":[80,80,80,80,80,80,80,80,80,80,80,80,80,80,80,80,80,80,80,85,85,85,85,85,85,85,85,85,85,85,85,85,85,85,85,99,99,99,99,99,99,99,99,99,99,99,99,99,99,99],"card_choices":[{"not_picked":["Thunderclap","Anger"],"picked":"Iron Wave","floor":1},{"not_picked":["Wild Strike","Searing Blow"],"picked":"True Grit","floor":2},{"not_picked":["Warcry","Anger"],"picked":"Juggernaut","floor":7},{"not_picked":["Carnage","Dual Wield"],"picked":"Clash","floor":12},{"not_picked":["Twin Strike","Brutality","Iron Wave"],"picked":"SKIP","floor":13},{"not_picked":["Iron Wave","Twin Strike"],"picked":"Armaments","floor":14},{"not_picked":["Exhume","Reaper"],"picked":"Immolate","floor":16},{"not_picked":["Armaments","Rupture","Havoc"],"picked":"SKIP","floor":18},{"not_picked":["Anger","Iron Wave"],"picked":"Body Slam","floor":19},{"not_picked":["Pommel Strike","Iron Wave"],"picked":"Burning Pact","floor":24},{"not_picked":["Body Slam","Thunderclap"],"picked":"Bloodletting+1","floor":25},{"not_picked":["Perfected Strike","Flame Barrier"],"picked":"True Grit","floor":29},{"not_picked":["Immolate","Fiend Fire"],"picked":"Demon Form","floor":33},{"not_picked":["Combust+1","Perfected Strike","Pummel"],"picked":"SKIP","floor":35},{"not_picked":["Second Wind+1","Cleave+1"],"picked":"True Grit","floor":36},{"not_picked":["Flex","Metallicize"],"picked":"Feel No Pain","floor":37},{"not_picked":["Havoc","Clothesline","Flex"],"picked":"SKIP","floor":45},{"not_picked":["Clash+1","Sword Boomerang","Searing Blow+1"],"picked":"SKIP","floor":47},{"not_picked":["Hemokinesis+1","Perfected Strike+1"],"picked":"Warcry+1","floor":48}],"player_experience":207011,"relics_obtained":[{"floor":9,"key":"MawBank"},{"floor":12,"key":"Incense Burner"},{"floor":26,"key":"Shuriken"},{"floor":27,"key":"Whetstone"},{"floor":30,"key":"Nilry\u0027s Codex"},{"floor":36,"key":"Mango"},{"floor":43,"key":"Red Skull"}],"event_choices":[{"event_name":"Bonfire Elementals","player_choice":"BASIC","floor":3,"damage_taken":0},{"event_name":"The Cleric","player_choice":"Card Removal","floor":5,"damage_taken":0},{"event_name":"Liars Game","player_choice":"agreed","floor":8,"damage_taken":0},{"event_name":"Forgotten Altar","player_choice":"Shed Blood","floor":20,"damage_taken":0},{"event_name":"The Mausoleum","player_choice":"Yes","floor":22,"damage_taken":0},{"event_name":"Cursed Tome","player_choice":"Obtained Book","floor":30,"damage_taken":0},{"event_name":"Vampires","player_choice":"Ignored","floor":31,"damage_taken":0},{"event_name":"MindBloom","player_choice":"Fight","floor":36,"damage_taken":0},{"event_name":"SensoryStone","player_choice":"Memory 1","floor":38,"damage_taken":0}],"is_beta":false,"boss_relics":[{"not_picked":["White Beast Statue","Philosopher\u0027s Stone"],"picked":"Runic Pyramid"},{"not_picked":["Snecko Eye","Runic Dome"],"picked":"Sozu"}],"items_purged_floors":[10,21,28],"is_endless":false,"potions_floor_spawned":[2,12,16,25,33,36,37],"ascension_level":0}