{"gold_per_floor":[112,130,143,158,168,168,45,45,45,45,64,64,78,98,98,201,201,218,218,218,250,79,79,7,24,24,34,34,54,73,88,88,183,183,196,196,296,296,311,311,325,96,122,122,27,45,59,76,76,76],"floor_reached":51,"playtime":3086,"items_purged":["Strike_R","Strike_R"],"score":620,"play_id":"f8fda499-f5e4-404d-bd1b-d716114596b9","local_time":"20181022201126","is_ascension_mode":false,"campfire_choices":[{"data":"Bash","floor":6.0,"key":"SMITH"},{"data":"True Grit","floor":8.0,"key":"SMITH"},{"data":"Armaments","floor":10.0,"key":"SMITH"},{"data":"True Grit","floor":12.0,"key":"SMITH"},{"data":"Disarm","floor":15.0,"key":"SMITH"},{"data":"Dark Embrace","floor":23,"key":"SMITH"},{"data":"Rampage","floor":28,"key":"SMITH"},{"data":"Metallicize","floor":32,"key":"SMITH"},{"data":"Deep Breath","floor":40,"key":"SMITH"},{"data":"Feel No Pain","floor":44,"key":"SMITH"},{"data":"Feel No Pain","floor":49,"key":"SMITH"}],"neow_cost":"PERCENT_DAMAGE","seed_source_timestamp":501077363967712,"circlet_count":0,"master_deck":["Strike_R","Strike_R","Strike_R","Defend_R","Defend_R","Defend_R","Defend_R","Bash+1","Disarm+1","Anger","Rampage+1","Armaments+1","Headbutt","True Grit+1","True Grit+1","Feel No Pain+1","Dark Embrace+1","True Grit+1","Inflame","Corruption","Metallicize+1","Disarm","Barricade+1","Deep Breath+1","Feel No Pain+1","Finesse","Inflame+1"],"special_seed":0,"relics":["Burning Blood","Magic Flower","Mummified Hand","Busted Crown","Red Mask","Ginger","Eternal Feather","Bronze Scales","Anchor"],"potions_floor_usage":[19,21,35,48,50],"damage_taken":[{"damage":3.0,"enemies":"Cultist","floor":1.0,"turns":6.0},{"damage":4.0,"enemies":"Jaw Worm","floor":2.0,"turns":5.0},{"damage":0.0,"enemies":"2 Louse","floor":3.0,"turns":3.0},{"damage":7.0,"enemies":"2 Fungi Beasts","floor":4.0,"turns":3.0},{"damage":5.0,"enemies":"3 Louse","floor":5.0,"turns":3.0},{"damage":6.0,"enemies":"Lots of Slimes","floor":11.0,"turns":5.0},{"damage":0.0,"enemies":"Blue Slaver","floor":13.0,"turns":5.0},{"damage":26.0,"enemies":"Exordium Wildlife","floor":14.0,"turns":4.0},{"damage":33.0,"enemies":"The Guardian","floor":16.0,"turns":13.0},{"damage":2.0,"enemies":"Chosen","floor":18.0,"turns":4.0},{"damage":15,"enemies":"Colosseum Slavers","floor":19,"turns":4},{"damage":33,"enemies":"Masked Bandits","floor":21,"turns":8},{"damage":12,"enemies":"3 Byrds","floor":25,"turns":5},{"damage":8,"enemies":"Snake Plant","floor":27,"turns":4},{"damage":7,"enemies":"Centurion and Healer","floor":29,"turns":6},{"damage":2,"enemies":"Sentry and Sphere","floor":30,"turns":4},{"damage":0,"enemies":"Snake Plant","floor":31,"turns":4},{"damage":57,"enemies":"Automaton","floor":33,"turns":11},{"damage":31,"enemies":"3 Darklings","floor":35,"turns":9},{"damage":4,"enemies":"3 Shapes","floor":39,"turns":7},{"damage":16,"enemies":"3 Darklings","floor":41,"turns":9},{"damage":0,"enemies":"Maw","floor":46,"turns":10},{"damage":23,"enemies":"Transient","floor":47,"turns":5},{"damage":3,"enemies":"Jaw Worm Horde","floor":48,"turns":5},{"damage":28,"enemies":"Donu and Deca","floor":50,"turns":13}],"seed_played":"-6671276067466476997","potions_obtained":[{"floor":1.0,"key":"Fire Potion"},{"floor":3.0,"key":"PowerPotion"},{"floor":11.0,"key":"Strength Potion"},{"floor":14.0,"key":"Swift Potion"},{"floor":21,"key":"Poison Potion"},{"floor":25,"key":"FearPotion"},{"floor":31,"key":"FairyPotion"},{"floor":39,"key":"AttackPotion"}],"is_trial":false,"path_per_floor":["M","M","M","M","M","R","$","R","T","R","M","R","M","M","R","B",null,"M","?","?","?","$","R","$","M","T","M","R","M","M","M","R","B",null,"M","?","?","?","M","R","M","$","T","R","$","M","M","M","R","B"],"character_chosen":"IRONCLAD","items_purchased":["True Grit","Inflame","Corruption","Feel No Pain","Bronze Scales","Finesse"],"campfire_rested":0,"item_purchase_floors":[7,22,24,42,42,45],"current_hp_per_floor":[62,67,76,78,80,80,80,80,80,80,80,80,80,63,63,39,80,80,74,74,50,50,50,50,47,47,48,48,50,57,66,66,18,80,58,58,58,58,63,75,68,68,68,80,80,80,66,72,80,61],"gold":76,"neow_bonus":"ONE_RARE_RELIC","is_prod":false,"is_daily":false,"chose_seed":false,"campfire_upgraded":11,"win_rate":0,"timestamp":1540206686,"path_taken":["M","M","M","?","M","R","?","R","T","R","M","R","M","M","R","BOSS","M","?","?","?","?","R","$","M","T","M","R","M","M","M","R","BOSS","M","?","?","?","M","R","M","$","T","R","$","?","M","M","R","BOSS"],"build_version":"2018-10-18","purchased_purges":2,"victory":true,"max_hp_per_floor":[80,80,80,80,80,80,80,80,80,80,80,80,80,80,80,80,80,80,80,80,80,80,80,80,80,80,80,80,80,80,80,80,80,80,80,80,80,80,80,80,80,80,80,80,80,80,80,80,80,80],"card_choices":[{"not_picked":["Blood for Blood","Headbutt"],"picked":"Disarm","floor":1.0},{"not_picked":["Sentinel","Battle Trance"],"picked":"Anger","floor":2.0},{"not_picked":["Bloodletting","Body Slam"],"picked":"Rampage","floor":3.0},{"not_picked":["Wild Strike","Power Through"],"picked":"Armaments","floor":4.0},{"not_picked":["Clothesline","Anger"],"picked":"Headbutt","floor":5.0},{"not_picked":["Perfected Strike","Pommel Strike"],"picked":"True Grit","floor":11.0},{"not_picked":["Perfected Strike","Sword Boomerang"],"picked":"Feel No Pain","floor":13.0},{"not_picked":["Blood for Blood","Pummel","Clothesline"],"picked":"SKIP","floor":14.0},{"not_picked":["Fiend Fire","Limit Break"],"picked":"Dark Embrace","floor":16.0},{"not_picked":["Headbutt"],"picked":"SKIP","floor":18.0},{"not_picked":[],"picked":"True Grit+1","floor":21},{"not_picked":["Spot Weakness"],"picked":"SKIP","floor":25},{"not_picked":["Anger"],"picked":"SKIP","floor":27},{"not_picked":["Anger"],"picked":"SKIP","floor":27},{"not_picked":["Entrench+1"],"picked":"SKIP","floor":29},{"not_picked":[],"picked":"Metallicize","floor":30},{"not_picked":[],"picked":"Disarm","floor":31},{"not_picked":[],"picked":"Barricade","floor":33},{"not_picked":["Havoc"],"picked":"SKIP","floor":35},{"not_picked":[],"picked":"Deep Breath","floor":36},{"not_picked":["Cleave+1"],"picked":"SKIP","floor":39},{"not_picked":["Headbutt+1"],"picked":"SKIP","floor":41},{"not_picked":["Combust+1"],"picked":"SKIP","floor":46},{"not_picked":["Sever Soul"],"picked":"SKIP","floor":47},{"not_picked":[],"picked":"Inflame+1","floor":48}],"player_experience":307907,"relics_obtained":[{"floor":9.0,"key":"Mummified Hand"},{"floor":21,"key":"Red Mask"},{"floor":26,"key":"Ginger"},{"floor":43,"key":"Anchor"}],"event_choices":[{"damage_healed":0,"gold_gain":0,"player_choice":"Fight","damage_taken":0,"max_hp_gain":0,"max_hp_loss":0,"event_name":"Colosseum","floor":19,"gold_loss":0},{"damage_healed":0,"gold_gain":0,"player_choice":"Fled From Nobs","damage_taken":0,"max_hp_gain":0,"max_hp_loss":0,"event_name":"Colosseum","floor":19,"gold_loss":0},{"damage_healed":0,"gold_gain":0,"player_choice":"Ignored","damage_taken":0,"max_hp_gain":0,"max_hp_loss":0,"event_name":"Vampires","floor":20,"gold_loss":0},{"damage_healed":0,"gold_gain":0,"player_choice":"Fought Bandits","damage_taken":0,"max_hp_gain":0,"max_hp_loss":0,"event_name":"Masked Bandits","floor":21,"gold_loss":0},{"damage_healed":0,"gold_gain":0,"player_choice":"Memory 1","damage_taken":0,"max_hp_gain":0,"max_hp_loss":0,"event_name":"SensoryStone","floor":36,"gold_loss":0},{"damage_healed":0,"gold_gain":100,"player_choice":"Pray","damage_taken":0,"max_hp_gain":0,"max_hp_loss":0,"event_name":"Golden Shrine","floor":37,"gold_loss":0},{"damage_healed":0,"gold_gain":0,"player_choice":"Forge","damage_taken":0,"max_hp_gain":0,"max_hp_loss":0,"event_name":"Accursed Blacksmith","floor":38,"gold_loss":0,"cards_upgraded":["Barricade"]}],"is_beta":false,"boss_relics":[{"not_picked":["Tiny House","Black Star"],"picked":"Busted Crown"},{"not_picked":["Coffee Dripper","Calling Bell"],"picked":"Eternal Feather"}],"items_purged_floors":[7,22],"is_endless":false,"potions_floor_spawned":[1,3,11,14,19,21,25,27,31,39,41],"ascension_level":0}