{"gold_per_floor":[116,191,34,34,48,48,62,62,62,62,88,108,140,156,156,260,260,275,45,45,45,55,17,17,35,35,35,63,63,63,79,79,175,175,194,204,204,204,204,204,9,9,9,21,34,49,49,65,65,65],"floor_reached":51,"playtime":2152,"items_purged":[],"score":700,"play_id":"4a02d54f-6c6a-45a9-8c99-c8c19af75ada","local_time":"20181007220409","is_ascension_mode":false,"campfire_choices":[{"data":"Armaments","floor":6.0,"key":"SMITH"},{"data":"Shrug It Off","floor":8.0,"key":"SMITH"},{"data":"Fire Breathing","floor":10.0,"key":"SMITH"},{"data":"Pommel Strike","floor":15.0,"key":"SMITH"},{"data":"Immolate","floor":24,"key":"SMITH"},{"data":"Bludgeon","floor":27,"key":"SMITH"},{"data":"Seeing Red","floor":29,"key":"SMITH"},{"data":"True Grit","floor":32,"key":"SMITH"},{"data":"Iron Wave","floor":40,"key":"SMITH"},{"data":"Clothesline","floor":47,"key":"SMITH"},{"data":"Shrug It Off","floor":49,"key":"SMITH"}],"neow_cost":"NONE","seed_source_timestamp":621228302366695,"circlet_count":0,"master_deck":["Strike_R","Strike_R","Strike_R","Strike_R","Defend_R","Defend_R","Defend_R","Defend_R","Bash+1","Fire Breathing+1","Ghostly Armor","Armaments+1","Shrug It Off+1","Pommel Strike+1","Shrug It Off+1","Intimidate","Iron Wave+1","Immolate+1","Bludgeon+1","Seeing Red+1","Inflame+1","Evolve+1","Thunderclap+1","True Grit+1","Clothesline+1","Perfected Strike+1","Inflame+1"],"special_seed":0,"relics":["Burning Blood","Anchor","Pear","Frozen Egg 2","Blood Vial","Busted Crown","Bag of Marbles","Paper Frog","Torii","Snecko Eye","Bronze Scales","Orichalcum"],"potions_floor_usage":[31,33,50,50],"damage_taken":[{"damage":5.0,"enemies":"2 Louse","floor":1.0,"turns":2.0},{"damage":0.0,"enemies":"Small Slimes","floor":5.0,"turns":3.0},{"damage":1.0,"enemies":"Cultist","floor":7.0,"turns":3.0},{"damage":29.0,"enemies":"Gremlin Nob","floor":11.0,"turns":5.0},{"damage":0.0,"enemies":"3 Louse","floor":12.0,"turns":3.0},{"damage":17.0,"enemies":"Lagavulin","floor":13.0,"turns":9.0},{"damage":0.0,"enemies":"Blue Slaver","floor":14.0,"turns":4.0},{"damage":51.0,"enemies":"Hexaghost","floor":16.0,"turns":9.0},{"damage":16.0,"enemies":"Shell Parasite","floor":18.0,"turns":8.0},{"damage":0,"enemies":"3 Byrds","floor":22,"turns":5},{"damage":3,"enemies":"Centurion and Healer","floor":25,"turns":5},{"damage":16,"enemies":"Gremlin Leader","floor":28,"turns":6},{"damage":1,"enemies":"Cultist and Chosen","floor":31,"turns":4},{"damage":62,"enemies":"Automaton","floor":33,"turns":11},{"damage":1,"enemies":"Orb Walker","floor":35,"turns":3},{"damage":16,"enemies":"3 Darklings","floor":36,"turns":6},{"damage":0,"enemies":"Transient","floor":44,"turns":5},{"damage":0,"enemies":"Reptomancer","floor":45,"turns":3},{"damage":0,"enemies":"Maw","floor":46,"turns":4},{"damage":2,"enemies":"3 Darklings","floor":48,"turns":4},{"damage":59,"enemies":"Time Eater","floor":50,"turns":9}],"seed_played":"4114998934784936327","potions_obtained":[{"floor":1.0,"key":"Explosive Potion"},{"floor":5.0,"key":"Energy Potion"},{"floor":12.0,"key":"LiquidBronze"},{"floor":13.0,"key":"Strength Potion"},{"floor":25,"key":"FearPotion"},{"floor":35,"key":"Strength Potion"},{"floor":46,"key":"Regen Potion"}],"is_trial":false,"path_per_floor":["M","?","$","?","M","R","M","R","T","R","E","M","E","M","R","B",null,"M","$","?","?","M","$","R","M","T","R","E","R","?","M","R","B",null,"M","M","?","?","?","R","$","$","T","M","M","M","R","M","R","B"],"character_chosen":"IRONCLAD","items_purchased":["Anchor","Bludgeon","Bag of Marbles","Inflame+1","Bronze Scales","Clothesline"],"campfire_rested":0,"item_purchase_floors":[3,19,19,23,41,41],"current_hp_per_floor":[80,69,69,69,75,75,80,80,90,90,67,73,62,70,70,27,90,80,80,80,62,70,70,70,75,75,75,67,67,67,74,74,20,95,95,85,85,85,85,85,85,85,85,93,95,95,95,95,95,57],"gold":65,"neow_bonus":"THREE_CARDS","is_prod":false,"is_daily":false,"chose_seed":false,"campfire_upgraded":11,"win_rate":0,"timestamp":1538917449,"path_taken":["M","?","$","?","M","R","M","R","T","R","E","?","E","M","R","BOSS","M","$","?","?","?","$","R","M","T","R","E","R","?","M","R","BOSS","M","M","?","?","?","R","?","$","T","?","M","M","R","?","R","BOSS"],"build_version":"2018-10-04v2","purchased_purges":0,"victory":true,"max_hp_per_floor":[80,80,80,80,80,80,80,80,90,90,90,90,90,90,90,90,90,90,90,90,95,95,95,95,95,95,95,95,95,95,95,95,95,95,95,95,95,95,95,95,95,95,95,95,95,95,95,95,95,95],"card_choices":[{"not_picked":["Rupture","Havoc"],"picked":"Fire Breathing","floor":0.0},{"not_picked":["Perfected Strike","Cleave"],"picked":"Ghostly Armor","floor":1.0},{"not_picked":["Spot Weakness","Twin Strike"],"picked":"Armaments","floor":5.0},{"not_picked":["Clothesline","Battle Trance"],"picked":"Shrug It Off","floor":7.0},{"not_picked":["Entrench","Thunderclap"],"picked":"Pommel Strike","floor":11.0},{"not_picked":["Pommel Strike","Rupture+1"],"picked":"Shrug It Off","floor":12.0},{"not_picked":["Havoc","Iron Wave"],"picked":"Intimidate","floor":13.0},{"not_picked":["Sword Boomerang","Anger"],"picked":"Iron Wave","floor":14.0},{"not_picked":["Impervious","Brutality+1"],"picked":"Immolate","floor":16.0},{"not_picked":["Heavy Blade"],"picked":"SKIP","floor":18.0},{"not_picked":[],"picked":"Seeing Red","floor":22},{"not_picked":[],"picked":"Evolve+1","floor":25},{"not_picked":[],"picked":"Thunderclap+1","floor":28},{"not_picked":["Thunderclap"],"picked":"SKIP","floor":31},{"not_picked":["Thunderclap+1"],"picked":"SKIP","floor":35},{"not_picked":["Perfected Strike"],"picked":"SKIP","floor":36},{"not_picked":["Searing Blow+1"],"picked":"SKIP","floor":44},{"not_picked":[],"picked":"Perfected Strike+1","floor":45},{"not_picked":[],"picked":"Inflame+1","floor":46},{"not_picked":["Reckless Charge+1"],"picked":"SKIP","floor":48}],"player_experience":153750,"relics_obtained":[{"floor":9.0,"key":"Pear"},{"floor":11.0,"key":"Frozen Egg 2"},{"floor":13.0,"key":"Blood Vial"},{"floor":26,"key":"Paper Frog"},{"floor":28,"key":"Torii"},{"floor":43,"key":"Orichalcum"}],"event_choices":[{"event_name":"World of Goop","player_choice":"Gather Gold","floor":2.0,"damage_taken":0.0},{"event_name":"Living Wall","player_choice":"Grow","floor":4.0,"damage_taken":0.0},{"event_name":"The Mausoleum","player_choice":"No","floor":20,"damage_taken":0},{"event_name":"Forgotten Altar","player_choice":"Shed Blood","floor":21,"damage_taken":0},{"event_name":"The Library","player_choice":"Read","floor":30,"damage_taken":0},{"event_name":"Falling","player_choice":"Removed Attack","floor":37,"damage_taken":0},{"event_name":"Tomb of Lord Red Mask","player_choice":"Ignored","floor":38,"damage_taken":0},{"event_name":"Mysterious Sphere","player_choice":"Ignore","floor":39,"damage_taken":0}],"is_beta":false,"boss_relics":[{"not_picked":["Tiny House","White Beast Statue"],"picked":"Busted Crown"},{"not_picked":["Black Blood","Mark of Pain"],"picked":"Snecko Eye"}],"items_purged_floors":[],"is_endless":false,"potions_floor_spawned":[1,5,12,13,25,35,46],"ascension_level":0}