{"gold_per_floor":[113,126,146,146,56,56,89,13,13,13,30,50,50,75,75,177,177,197,25,38,38,52,52,83,100,100,100,100,115,125,141,141,238,238,253,253,272,282,8,35,35,35,116,129,129,163,11,11,11,11],"floor_reached":51,"playtime":3403,"items_purged":["Chaos"],"score":837,"play_id":"8a095a89-c70d-4332-96a7-696961daee42","local_time":"20181008023432","is_ascension_mode":false,"campfire_choices":[{"data":"Zap","floor":6,"key":"SMITH"},{"data":"Hyperbeam","floor":10,"key":"SMITH"},{"data":"1","floor":13,"key":"LIFT"},{"data":"Defragment","floor":15,"key":"SMITH"},{"data":"Double Energy","floor":23,"key":"SMITH"},{"data":"2","floor":28,"key":"LIFT"},{"data":"Defragment","floor":32,"key":"SMITH"},{"data":"Turbo","floor":42,"key":"SMITH"},{"data":"3","floor":45,"key":"LIFT"},{"floor":49,"key":"REST"}],"neow_cost":"NONE","seed_source_timestamp":636218727322576,"circlet_count":0,"master_deck":["Zap+1","Dualcast","Hyperbeam+1","Reinforced Body","Hologram","FTL","Leap","Cold Snap+1","Consume","Self Repair","Defragment+1","Ball Lightning","Defragment+1","Core Surge","Double Energy+1","Conserve Battery","Turbo+1","Stack","FTL","Hello World","Leap","Conserve Battery","All For One","Gash","Steam Power+1","Hologram+1","Beam Cell+1","Chill","Loop","Recycle+1","Echo Form","Recycle+1","Glacier","Gash+1","Coolheaded+1","Blizzard","Thunder Strike"],"relics":["Cracked Core","Kunai","Girya","Question Card","Bag of Preparation","Pandora\u0027s Box","Thread and Needle","Darkstone Periapt","Runic Pyramid","Toy Ornithopter","Whetstone","Incense Burner","Letter Opener","Toxic Egg 2","Blue Candle"],"potions_floor_usage":[50,50,50],"damage_taken":[{"damage":0,"enemies":"Cultist","floor":1,"turns":2},{"damage":1,"enemies":"Jaw Worm","floor":2,"turns":3},{"damage":0,"enemies":"2 Louse","floor":3,"turns":2},{"damage":15,"enemies":"Lagavulin","floor":7,"turns":7},{"damage":0,"enemies":"Exordium Wildlife","floor":11,"turns":2},{"damage":5,"enemies":"Blue Slaver","floor":12,"turns":3},{"damage":14,"enemies":"Gremlin Nob","floor":14,"turns":3},{"damage":16,"enemies":"Hexaghost","floor":16,"turns":9},{"damage":6,"enemies":"Spheric Guardian","floor":18,"turns":3},{"damage":11,"enemies":"2 Thieves","floor":20,"turns":2},{"damage":0,"enemies":"3 Cultists","floor":22,"turns":3},{"damage":0,"enemies":"Book of Stabbing","floor":24,"turns":5},{"damage":1,"enemies":"Cultist and Chosen","floor":25,"turns":4},{"damage":0,"enemies":"Shelled Parasite and Fungi","floor":29,"turns":3},{"damage":0,"enemies":"Snake Plant","floor":30,"turns":3},{"damage":0,"enemies":"Centurion and Healer","floor":31,"turns":5},{"damage":0,"enemies":"Automaton","floor":33,"turns":11},{"damage":0,"enemies":"Orb Walker","floor":35,"turns":3},{"damage":16,"enemies":"3 Darklings","floor":37,"turns":3},{"damage":0,"enemies":"Maw","floor":38,"turns":7},{"damage":37,"enemies":"2 Orb Walkers","floor":40,"turns":5},{"damage":0,"enemies":"Mind Bloom Boss Battle","floor":41,"turns":7},{"damage":0,"enemies":"4 Shapes","floor":44,"turns":3},{"damage":0,"enemies":"Giant Head","floor":46,"turns":5},{"damage":29,"enemies":"Awakened One","floor":50,"turns":10}],"seed_played":"8644002345604000011","potions_obtained":[{"floor":2,"key":"Fire Potion"},{"floor":11,"key":"Swift Potion"},{"floor":14,"key":"Swift Potion"},{"floor":16,"key":"EssenceOfSteel"},{"floor":25,"key":"FocusPotion"},{"floor":29,"key":"Dexterity Potion"},{"floor":31,"key":"Strength Potion"}],"is_trial":false,"path_per_floor":["M","M","M","T","$","R","E","$","T","R","M","M","R","E","R","B",null,"M","$","M","?","M","R","E","M","T","?","R","M","M","M","R","B",null,"M","$","M","M","$","E","?","R","T","M","R","E","$","T","R","B"],"character_chosen":"DEFECT","items_purchased":["Leap","Cold Snap","Self Repair","Conserve Battery","All For One","Gash","Toy Ornithopter","Thunder Strike"],"campfire_rested":1,"item_purchase_floors":[5,5,8,19,19,19,39,47],"current_hp_per_floor":[75,74,74,74,74,74,59,59,59,59,59,61,61,54,54,45,75,75,75,71,71,75,75,75,74,74,74,74,74,74,75,75,75,75,75,75,59,66,66,43,57,57,57,57,57,57,57,57,75,46],"gold":11,"neow_bonus":"ONE_RANDOM_RARE_CARD","is_prod":false,"is_daily":false,"chose_seed":false,"campfire_upgraded":6,"win_rate":0,"timestamp":1538933672,"path_taken":["M","?","M","?","$","R","E","$","T","R","?","?","R","E","R","BOSS","M","$","M","?","M","R","E","M","T","?","R","M","?","?","R","BOSS","M","$","?","M","$","E","?","R","T","M","R","E","?","?","R","BOSS"],"build_version":"2018-10-04v2","purchased_purges":1,"victory":true,"max_hp_per_floor":[75,75,75,75,75,75,75,75,75,75,75,75,75,75,75,75,75,75,75,75,75,75,75,75,75,75,75,75,75,75,75,75,75,75,75,75,75,75,75,75,75,75,75,75,75,75,75,75,75,75],"card_choices":[{"not_picked":["Beam Cell","Redo"],"picked":"Reinforced Body","floor":1},{"not_picked":["Stack","Gash"],"picked":"Hologram","floor":2},{"not_picked":["Doom and Gloom","Beam Cell"],"picked":"FTL","floor":3},{"not_picked":["Genetic Algorithm","Rebound"],"picked":"Consume","floor":7},{"not_picked":["Compile Driver","Steam","Chill"],"picked":"Defragment","floor":11},{"not_picked":["Rebound","Genetic Algorithm","Reinforced Body"],"picked":"Ball Lightning","floor":12},{"not_picked":["Reinforced Body","Amplify","Chill"],"picked":"Defragment","floor":14},{"not_picked":["Fission","Meteor Strike","Reboot"],"picked":"Core Surge","floor":16},{"not_picked":["Hologram+1","FTL","White Noise"],"picked":"Leap","floor":18},{"not_picked":["Melter","Conserve Battery","Sweeping Beam"],"picked":"Steam Power+1","floor":20},{"not_picked":["Coolheaded","Streamline","Storm"],"picked":"Hologram+1","floor":22},{"not_picked":["Conserve Battery","Steam","Leap"],"picked":"Beam Cell+1","floor":24},{"not_picked":["Compile Driver","Steam","Conserve Battery"],"picked":"Chill","floor":25},{"not_picked":["Reboot","Leap","Hello World+1"],"picked":"Loop","floor":29},{"not_picked":["Conserve Battery","Cold Snap","Melter","Hologram"],"picked":"SKIP","floor":30},{"not_picked":["Steam+1","Sweeping Beam+1","Hologram"],"picked":"Recycle+1","floor":31},{"not_picked":["All For One","Amplify","Multi-Cast"],"picked":"Echo Form","floor":33},{"not_picked":["Gash","Streamline","Go for the Eyes"],"picked":"Recycle+1","floor":35},{"not_picked":["Stack","Compile Driver+1","Ball Lightning","Rip and Tear"],"picked":"SKIP","floor":37},{"not_picked":["Barrage+1","Storm+1","Beam Cell"],"picked":"Glacier","floor":38},{"not_picked":["Skim","White Noise+1","Aggregate+1"],"picked":"Gash","floor":40},{"not_picked":["Sunder+1","Static Discharge","Cold Snap+1"],"picked":"Coolheaded+1","floor":44},{"not_picked":["Darkness+1","Stack","Lockon"],"picked":"Blizzard","floor":46}],"player_experience":158955,"relics_obtained":[{"floor":4,"key":"Kunai"},{"floor":7,"key":"Girya"},{"floor":9,"key":"Question Card"},{"floor":14,"key":"Bag of Preparation"},{"floor":24,"key":"Thread and Needle"},{"floor":26,"key":"Darkstone Periapt"},{"floor":40,"key":"Whetstone"},{"floor":41,"key":"Incense Burner"},{"floor":43,"key":"Letter Opener"},{"floor":46,"key":"Toxic Egg 2"},{"floor":48,"key":"Blue Candle"}],"event_choices":[{"event_name":"Beggar","player_choice":"Ignored","floor":21,"damage_taken":0},{"event_name":"Back to Basics","player_choice":"Elegance","floor":27,"damage_taken":0},{"event_name":"MindBloom","player_choice":"Fight","floor":41,"damage_taken":0}],"is_beta":false,"boss_relics":[{"not_picked":["Empty Cage","Orrery"],"picked":"Pandora\u0027s Box"},{"not_picked":["Eternal Feather","FrozenCore"],"picked":"Runic Pyramid"}],"items_purged_floors":[39],"is_endless":false,"potions_floor_spawned":[2,11,14,16,25,29,31,35,37,46],"ascension_level":0}