{"gold_per_floor":[115,134,114,131,149,149,184,184,265,282,299,299,70,82,82,184,184,204,215,215,21,36,36,60,79,79,79,79,178,178],"floor_reached":30,"playtime":3168,"items_purged":["Strike_R"],"score":232,"play_id":"0bdf49c8-9f40-4e1c-8ea1-c191b62c1b03","local_time":"20190629142638","is_ascension_mode":false,"campfire_choices":[{"data":"Power Through","floor":6,"key":"SMITH"},{"floor":8,"key":"REST"},{"data":"Rage","floor":12,"key":"SMITH"},{"data":"Cleave","floor":15,"key":"SMITH"},{"floor":23,"key":"REST"},{"floor":27,"key":"REST"}],"neow_cost":"NONE","seed_source_timestamp":156544979006733,"circlet_count":0,"master_deck":["Strike_R","Strike_R","Strike_R","Defend_R","Defend_R","Defend_R","Defend_R","Bash","Perfected Strike","Cleave+1","Flex","Rage+1","Power Through+1","Shrug It Off","Ghostly Armor","Twin Strike","Headbutt","Cleave","Searing Blow","Disarm+1","Infernal Blade","Fire Breathing","Seeing Red","Metallicize","Entrench+1","Cleave+1"],"relics":["Burning Blood","Incense Burner","Shuriken","Lee\u0027s Waffle","Runic Pyramid","Oddly Smooth Stone","Paper Frog"],"potions_floor_usage":[16,16,16,22],"damage_taken":[{"damage":6,"enemies":"Jaw Worm","floor":1,"turns":3},{"damage":3,"enemies":"Cultist","floor":2,"turns":5},{"damage":0,"enemies":"2 Louse","floor":4,"turns":2},{"damage":4,"enemies":"Exordium Wildlife","floor":5,"turns":4},{"damage":34,"enemies":"3 Sentries","floor":7,"turns":8},{"damage":10,"enemies":"Looter","floor":10,"turns":3},{"damage":0,"enemies":"2 Fungi Beasts","floor":11,"turns":3},{"damage":28,"enemies":"Exordium Thugs","floor":14,"turns":6},{"damage":67,"enemies":"Hexaghost","floor":16,"turns":16},{"damage":35,"enemies":"3 Byrds","floor":18,"turns":8},{"damage":39,"enemies":"Spheric Guardian","floor":19,"turns":8},{"damage":11,"enemies":"Snake Plant","floor":22,"turns":7},{"damage":40,"enemies":"Shelled Parasite and Fungi","floor":25,"turns":10},{"damage":29,"enemies":"3 Cultists","floor":30,"turns":6}],"seed_played":"-3749359444794763209","potions_obtained":[{"floor":1,"key":"Block Potion"},{"floor":3,"key":"Fire Potion"},{"floor":4,"key":"Regen Potion"},{"floor":16,"key":"SteroidPotion"},{"floor":18,"key":"Ancient Potion"},{"floor":19,"key":"Ancient Potion"}],"is_trial":false,"path_per_floor":["M","M","?","M","M","R","E","R","T","M","M","R","$","M","R","B",null,"M","M","?","$","M","R","T","M","T","R","?","?","M"],"character_chosen":"IRONCLAD","items_purchased":["Headbutt","Lee\u0027s Waffle","Seeing Red","Metallicize"],"campfire_rested":3,"item_purchase_floors":[13,13,21,21],"current_hp_per_floor":[80,80,80,80,80,80,52,76,76,72,78,78,87,65,65,19,87,58,25,25,25,20,46,46,12,12,38,29,29,0],"gold":178,"neow_bonus":"THREE_CARDS","is_prod":false,"is_daily":false,"chose_seed":false,"campfire_upgraded":3,"win_rate":0.0,"timestamp":1561836398,"path_taken":["M","M","?","M","M","R","E","R","T","M","M","R","$","?","R","BOSS","M","?","?","$","M","R","?","M","T","R","?","?","M"],"build_version":"2019-01-23","purchased_purges":1,"victory":false,"max_hp_per_floor":[80,80,80,80,80,80,80,80,80,80,80,80,87,87,87,87,87,87,87,87,87,87,87,87,87,87,87,87,87,87],"card_choices":[{"not_picked":["Clothesline","Thunderclap"],"picked":"Perfected Strike","floor":0},{"not_picked":["True Grit","Twin Strike"],"picked":"Cleave","floor":1},{"not_picked":["Intimidate","Headbutt"],"picked":"Flex","floor":2},{"not_picked":["Warcry","Dual Wield"],"picked":"Rage","floor":4},{"not_picked":["Reaper","Clothesline"],"picked":"Power Through","floor":5},{"not_picked":["Flex","Cleave"],"picked":"Shrug It Off","floor":7},{"not_picked":["Fiend Fire","Anger"],"picked":"Ghostly Armor","floor":10},{"not_picked":["Infernal Blade","Headbutt"],"picked":"Twin Strike","floor":11},{"not_picked":["Blood for Blood","Anger"],"picked":"Cleave","floor":14},{"not_picked":["Fiend Fire","Brutality"],"picked":"Berserk","floor":16},{"not_picked":["Twin Strike","True Grit+1"],"picked":"Searing Blow","floor":18},{"not_picked":["Pommel Strike","Twin Strike"],"picked":"Disarm+1","floor":19},{"not_picked":["Bloodletting+1","Twin Strike+1"],"picked":"Entrench+1","floor":22},{"not_picked":["Warcry","Clothesline+1"],"picked":"Cleave+1","floor":25}],"player_experience":11342,"relics_obtained":[{"floor":7,"key":"Incense Burner"},{"floor":9,"key":"Shuriken"},{"floor":24,"key":"Oddly Smooth Stone"},{"floor":26,"key":"Paper Frog"}],"event_choices":[{"damage_healed":0,"gold_gain":0,"player_choice":"Bought 1 Potion","damage_taken":0,"max_hp_gain":0,"max_hp_loss":0,"event_name":"The Woman in Blue","floor":3,"gold_loss":0},{"damage_healed":0,"gold_gain":0,"cards_transformed":["Berserk","Strike_R"],"player_choice":"Became Test Subject","damage_taken":0,"max_hp_gain":0,"max_hp_loss":0,"event_name":"Drug Dealer","floor":20,"gold_loss":0,"cards_obtained":["Infernal Blade","Fire Breathing"]},{"damage_healed":0,"gold_gain":0,"player_choice":"Stopped","damage_taken":9,"max_hp_gain":0,"max_hp_loss":0,"event_name":"Cursed Tome","floor":28,"gold_loss":0},{"damage_healed":0,"gold_gain":99,"player_choice":"Stole From Cult","damage_taken":0,"max_hp_gain":0,"max_hp_loss":0,"event_name":"Nest","floor":29,"gold_loss":0}],"is_beta":false,"boss_relics":[{"not_picked":["Sozu","Eternal Feather"],"picked":"Runic Pyramid"}],"items_purged_floors":[21],"is_endless":false,"potions_floor_spawned":[1,4,7,14,16,18,19],"killed_by":"3 Cultists","ascension_level":0}