{"gold_per_floor":[114,126,51,63,74,107,107,136,136,136,147,157,217,217,217,319,319,334,350,201,216,236,236,267,267,267,287,287,387,402,421,421,517,517,532,160,174,188,199,199,199,234,234,234,88,0,19,19,19,19],"floor_reached":51,"playtime":3119,"items_purged":["Strike_R","Strike_R","Strike_R","Strike_R+1"],"score":711,"play_id":"45e64da7-4781-48f9-8329-f39773af5d48","local_time":"20180930090526","is_ascension_mode":false,"campfire_choices":[{"data":"Body Slam","floor":7.0,"key":"SMITH"},{"data":"Flame Barrier","floor":10.0,"key":"SMITH"},{"data":"Whirlwind","floor":15.0,"key":"SMITH"},{"data":"Bludgeon","floor":23.0,"key":"SMITH"},{"data":"True Grit","floor":25.0,"key":"SMITH"},{"data":"Metallicize","floor":32.0,"key":"SMITH"},{"data":"Shrug It Off","floor":40.0,"key":"SMITH"},{"data":"Shrug It Off","floor":44,"key":"SMITH"},{"floor":49,"key":"REST"}],"neow_cost":"NONE","seed_source_timestamp":737376047437413,"circlet_count":0,"master_deck":["Strike_R+1","Defend_R","Defend_R","Defend_R","Defend_R","Bash+1","Headbutt","Body Slam+1","Flame Barrier+1","Shrug It Off+1","Warcry","Metallicize+1","Shrug It Off","Shrug It Off+1","Whirlwind+1","Bludgeon+1","Shockwave+1","Clothesline","Flex+1","True Grit+1","Dual Wield+1","Pommel Strike+1","True Grit+1","Shrug It Off+1","Demon Form","Enlightenment+1"],"special_seed":0,"relics":["Burning Blood","Nunchaku","Happy Flower","Whetstone","Singing Bowl","Mummified Hand","Cursed Key","Bottled Flame","Toxic Egg 2","Mark of Pain","Paper Frog","StoneCalendar","Smiling Mask","Red Mask"],"potions_floor_usage":[50,50,50],"damage_taken":[{"damage":5.0,"enemies":"Small Slimes","floor":1.0,"turns":3.0},{"damage":0.0,"enemies":"2 Louse","floor":2.0,"turns":2.0},{"damage":1.0,"enemies":"Jaw Worm","floor":4.0,"turns":3.0},{"damage":0.0,"enemies":"Blue Slaver","floor":5.0,"turns":5.0},{"damage":17.0,"enemies":"Gremlin Nob","floor":6.0,"turns":4.0},{"damage":11.0,"enemies":"Lagavulin","floor":8.0,"turns":5.0},{"damage":10.0,"enemies":"Exordium Thugs","floor":11.0,"turns":3.0},{"damage":0.0,"enemies":"2 Fungi Beasts","floor":12.0,"turns":4.0},{"damage":0.0,"enemies":"Lagavulin Event","floor":13.0,"turns":6.0},{"damage":26.0,"enemies":"Hexaghost","floor":16.0,"turns":10.0},{"damage":0.0,"enemies":"Spheric Guardian","floor":18.0,"turns":3.0},{"damage":0.0,"enemies":"Chosen","floor":19.0,"turns":4.0},{"damage":2.0,"enemies":"Shelled Parasite and Fungi","floor":21.0,"turns":4.0},{"damage":0.0,"enemies":"3 Cultists","floor":22.0,"turns":2.0},{"damage":20.0,"enemies":"Book of Stabbing","floor":24.0,"turns":5.0},{"damage":0.0,"enemies":"Snecko","floor":27.0,"turns":4.0},{"damage":11.0,"enemies":"Snake Plant","floor":30.0,"turns":4.0},{"damage":0.0,"enemies":"Shelled Parasite and Fungi","floor":31.0,"turns":4.0},{"damage":8.0,"enemies":"Champ","floor":33.0,"turns":33.0},{"damage":0.0,"enemies":"Orb Walker","floor":35.0,"turns":3.0},{"damage":0.0,"enemies":"3 Darklings","floor":37.0,"turns":1.0},{"damage":0.0,"enemies":"4 Shapes","floor":38.0,"turns":3.0},{"damage":0.0,"enemies":"Reptomancer","floor":39.0,"turns":5.0},{"damage":0.0,"enemies":"Mind Bloom Boss Battle","floor":41.0,"turns":5.0},{"damage":32.0,"enemies":"2 Orb Walkers","floor":42.0,"turns":5.0},{"damage":5,"enemies":"Maw","floor":47,"turns":7},{"damage":7,"enemies":"Donu and Deca","floor":50,"turns":9}],"seed_played":"548614806406335212","potions_obtained":[{"floor":4.0,"key":"GamblersBrew"},{"floor":6.0,"key":"SteroidPotion"},{"floor":12.0,"key":"EssenceOfSteel"},{"floor":13.0,"key":"Block Potion"},{"floor":31.0,"key":"Dexterity Potion"},{"floor":38.0,"key":"Dexterity Potion"},{"floor":41.0,"key":"Strength Potion"}],"is_trial":false,"path_per_floor":["M","M","$","M","M","E","R","E","T","R","M","M","?","?","R","B",null,"M","M","$","M","M","R","E","R","T","M","?","?","M","M","R","B",null,"M","$","M","M","M","R","?","E","T","R","$","?","M","?","R","B"],"character_chosen":"IRONCLAD","items_purchased":["Clothesline","Paper Frog","Enlightenment+1"],"campfire_rested":1,"item_purchase_floors":[20,36,45],"current_hp_per_floor":[80,80,80,80,80,69,69,64,64,64,60,66,72,69,69,49,80,82,82,82,82,84,84,70,70,70,76,76,76,71,79,79,79,88,88,88,88,90,90,90,92,66,66,66,66,66,69,69,94,93],"gold":19,"neow_bonus":"UPGRADE_CARD","is_prod":false,"is_daily":false,"chose_seed":false,"campfire_upgraded":8,"win_rate":1,"timestamp":1538265926,"path_taken":["M","M","$","M","M","E","R","E","T","R","M","M","?","?","R","BOSS","M","M","$","M","M","R","E","R","T","M","?","?","M","?","R","BOSS","M","$","M","M","M","R","?","E","T","R","$","?","M","?","R","BOSS"],"build_version":"2018-09-27","purchased_purges":4,"victory":true,"max_hp_per_floor":[80,80,80,80,80,80,80,80,80,80,80,80,80,80,80,80,80,82,82,82,82,84,84,84,84,84,84,84,84,84,86,86,88,88,88,88,88,90,90,90,92,92,92,92,92,92,94,94,94,94],"card_choices":[{"not_picked":["Heavy Blade","Entrench"],"picked":"Headbutt","floor":1.0},{"not_picked":["Perfected Strike","Intimidate"],"picked":"Body Slam","floor":2.0},{"not_picked":["Wild Strike","Combust"],"picked":"Flame Barrier","floor":4.0},{"not_picked":["Seeing Red","Wild Strike"],"picked":"Shrug It Off","floor":5.0},{"not_picked":["Exhume","Pommel Strike"],"picked":"Warcry","floor":6.0},{"not_picked":["Shockwave","Rage"],"picked":"Metallicize","floor":8.0},{"not_picked":["Havoc","Blood for Blood"],"picked":"Shrug It Off","floor":11.0},{"not_picked":["Intimidate","Sentinel"],"picked":"Shrug It Off","floor":12.0},{"not_picked":["Flame Barrier","Hemokinesis"],"picked":"Whirlwind","floor":13.0},{"not_picked":["Exhume","Offering"],"picked":"Bludgeon","floor":16.0},{"not_picked":["Rupture","Clash+1","Cleave"],"picked":"Singing Bowl","floor":18.0},{"not_picked":["Reckless Charge+1","Heavy Blade"],"picked":"Shockwave+1","floor":19.0},{"not_picked":["Anger","Thunderclap+1"],"picked":"Flex+1","floor":21.0},{"not_picked":["Thunderclap+1","Clash","Headbutt+1"],"picked":"Singing Bowl","floor":22.0},{"not_picked":["Twin Strike","Rupture"],"picked":"True Grit","floor":24.0},{"not_picked":["Anger","Twin Strike"],"picked":"True Grit+1","floor":27.0},{"not_picked":["Anger+1","Armaments+1"],"picked":"Dual Wield+1","floor":30.0},{"not_picked":["Anger","Dual Wield+1","Uppercut"],"picked":"Singing Bowl","floor":31.0},{"not_picked":["Brutality","Immolate","Berserk"],"picked":"Singing Bowl","floor":33.0},{"not_picked":["Evolve","Whirlwind"],"picked":"Pommel Strike+1","floor":35.0},{"not_picked":["Anger+1","Shrug It Off+1"],"picked":"True Grit+1","floor":37.0},{"not_picked":["Twin Strike","Pommel Strike+1","Dual Wield+1"],"picked":"Singing Bowl","floor":38.0},{"not_picked":["Cleave+1","Battle Trance+1"],"picked":"Shrug It Off+1","floor":39.0},{"not_picked":["Corruption+1","Limit Break+1","Intimidate+1"],"picked":"Singing Bowl","floor":41.0},{"not_picked":["Dropkick","Juggernaut"],"picked":"Demon Form","floor":42.0},{"not_picked":["Rage+1","Sword Boomerang+1","Havoc+1"],"picked":"Singing Bowl","floor":47}],"player_experience":76215,"relics_obtained":[{"floor":6.0,"key":"Nunchaku"},{"floor":8.0,"key":"Happy Flower"},{"floor":9.0,"key":"Whetstone"},{"floor":24.0,"key":"Bottled Flame"},{"floor":26.0,"key":"Toxic Egg 2"},{"floor":41.0,"key":"StoneCalendar"},{"floor":42.0,"key":"Smiling Mask"}],"event_choices":[{"event_name":"Dead Adventurer","player_choice":"Searched \u00273\u0027 times","floor":13.0,"damage_taken":0.0},{"event_name":"Scrap Ooze","player_choice":"success","floor":14.0,"damage_taken":3.0},{"event_name":"Back to Basics","player_choice":"Elegance","floor":28.0,"damage_taken":0.0},{"event_name":"Golden Shrine","player_choice":"Pray","floor":29.0,"damage_taken":0.0},{"event_name":"MindBloom","player_choice":"Fight","floor":41.0,"damage_taken":0.0},{"event_name":"Tomb of Lord Red Mask","player_choice":"Paid","floor":46,"damage_taken":0},{"event_name":"Falling","player_choice":"Removed Skill","floor":48,"damage_taken":0}],"is_beta":false,"boss_relics":[{"not_picked":["Astrolabe","Black Star"],"picked":"Cursed Key"},{"not_picked":["Philosopher\u0027s Stone","Velvet Choker"],"picked":"Mark of Pain"}],"items_purged_floors":[3,20,36,45],"is_endless":false,"potions_floor_spawned":[4,6,12,13,16,18,27,30,31,33,38,41,47],"ascension_level":0}