{"gold_per_floor":[110,125,50,68,78,78,113,113,113,113,126,76,91,91,91,192,192,203,303,12,27,39,39,39,39,39,39,59,74,74,101,101,197,197,216,230,230,245,0,0,0,0,0,10,10,10,29,48,48,48],"floor_reached":51,"playtime":3100,"items_purged":["Strike_B"],"score":699,"play_id":"6059cc48-234d-415e-831f-717ce0b6405c","local_time":"20180923201738","is_ascension_mode":false,"campfire_choices":[{"data":"Lockon","floor":6,"key":"SMITH"},{"data":"Stack","floor":8,"key":"SMITH"},{"data":"Rebound","floor":15,"key":"SMITH"},{"floor":23,"key":"REST"},{"floor":25,"key":"REST"},{"data":"Defragment","floor":32,"key":"SMITH"},{"data":"1","floor":40,"key":"LIFT"},{"data":"2","floor":42,"key":"LIFT"},{"data":"3","floor":45,"key":"LIFT"},{"floor":49,"key":"REST"}],"neow_cost":"NONE","seed_source_timestamp":172784985317141,"circlet_count":0,"master_deck":["Zap+1","Dualcast","Lockon+1","Coolheaded+1","Stack+1","Sweeping Beam","Rebound+1","Cold Snap","FTL","Electrodynamics","Coolheaded","Double Energy","Redo","Sweeping Beam","Steam","Blizzard","Stack","Conserve Battery+1","Sunder+1","FTL","Beam Cell","Defragment+1","Echo Form","Hologram+1","FTL","Madness","Madness","Stack+1","Beam Cell"],"special_seed":0,"relics":["Cracked Core","Pear","Sundial","Pandora\u0027s Box","Girya","Bottled Lightning","Thread and Needle","FossilizedHelix","Juzu Bracelet","Fusion Hammer","Red Mask","Lantern"],"potions_floor_usage":[16,19,19,33,35,50,50,50],"damage_taken":[{"damage":1.0,"enemies":"2 Louse","floor":1.0,"turns":3.0},{"damage":0.0,"enemies":"Cultist","floor":2.0,"turns":3.0},{"damage":0,"enemies":"Small Slimes","floor":4,"turns":2},{"damage":0,"enemies":"3 Louse","floor":5,"turns":3},{"damage":30,"enemies":"3 Sentries","floor":7,"turns":9},{"damage":0,"enemies":"2 Fungi Beasts","floor":11,"turns":2},{"damage":0,"enemies":"Large Slime","floor":13,"turns":2},{"damage":18,"enemies":"The Guardian","floor":16,"turns":13},{"damage":0,"enemies":"3 Byrds","floor":18,"turns":3},{"damage":19,"enemies":"Colosseum Slavers","floor":19,"turns":3},{"damage":40,"enemies":"Colosseum Nobs","floor":19,"turns":4},{"damage":0,"enemies":"Chosen","floor":21,"turns":4},{"damage":13,"enemies":"Snake Plant","floor":22,"turns":4},{"damage":0,"enemies":"Chosen and Byrds","floor":28,"turns":4},{"damage":0,"enemies":"Snecko","floor":29,"turns":4},{"damage":0,"enemies":"Champ","floor":33,"turns":12},{"damage":8,"enemies":"3 Darklings","floor":35,"turns":5},{"damage":5,"enemies":"Orb Walker","floor":36,"turns":4},{"damage":0,"enemies":"Reptomancer","floor":38,"turns":7},{"damage":0,"enemies":"Spire Growth","floor":44,"turns":4},{"damage":0,"enemies":"3 Darklings","floor":47,"turns":3},{"damage":0,"enemies":"Reptomancer","floor":48,"turns":5},{"damage":49,"enemies":"Donu and Deca","floor":50,"turns":10}],"seed_played":"-4856903138233657400","potions_obtained":[{"floor":7,"key":"LiquidBronze"},{"floor":11,"key":"Regen Potion"},{"floor":13,"key":"Strength Potion"},{"floor":16,"key":"EssenceOfSteel"},{"floor":22,"key":"Fruit Juice"},{"floor":29,"key":"Swift Potion"},{"floor":36,"key":"Strength Potion"},{"floor":44,"key":"SteroidPotion"},{"floor":48,"key":"Block Potion"}],"is_trial":false,"path_per_floor":["M","M","$","M","M","R","E","R","T","?","M","?","M","?","R","B",null,"M","?","$","M","M","R","$","R","T","$","M","M","?","T","R","B",null,"M","M","?","M","?","R","$","R","T","M","R","?","M","M","R","B"],"character_chosen":"DEFECT","items_purchased":["Thread and Needle"],"campfire_rested":3,"item_purchase_floors":[20],"current_hp_per_floor":[74,74,74,74,74,74,54,54,54,46,46,46,46,46,46,43,85,85,26,26,26,13,38,38,63,63,63,63,63,47,47,47,52,95,87,82,70,70,70,70,70,70,70,70,70,70,70,70,95,46],"gold":48,"neow_bonus":"UPGRADE_CARD","is_prod":false,"is_daily":false,"chose_seed":false,"campfire_upgraded":4,"win_rate":1,"timestamp":1537701458,"path_taken":["M","M","$","M","M","R","E","R","T","?","M","?","M","?","R","BOSS","M","?","$","M","?","R","$","R","T","?","M","M","?","?","R","BOSS","M","M","?","M","?","R","?","R","T","M","R","?","M","M","R","BOSS"],"build_version":"2018-09-20","purchased_purges":1,"victory":true,"max_hp_per_floor":[75,75,75,75,75,75,85,85,85,85,85,85,85,85,85,85,85,85,85,85,85,85,85,85,85,85,85,85,85,90,90,90,95,95,95,95,95,95,95,95,95,95,95,95,95,95,95,95,95,95],"card_choices":[{"not_picked":["Compile Driver","Storm"],"picked":"Lockon","floor":1.0},{"not_picked":["Static Discharge","Barrage"],"picked":"Coolheaded","floor":2.0},{"not_picked":["Skim","Barrage"],"picked":"Stack","floor":4},{"not_picked":["Steam Power","Static Discharge"],"picked":"Sweeping Beam","floor":5},{"not_picked":["Steam Power","Turbo"],"picked":"Rebound","floor":7},{"not_picked":["Thunder Strike","Redo"],"picked":"Cold Snap","floor":11},{"not_picked":["Steam","Cold Snap"],"picked":"FTL","floor":13},{"not_picked":["Buffer","Echo Form"],"picked":"Electrodynamics","floor":16},{"not_picked":["Steam","Undo"],"picked":"Stack","floor":18},{"not_picked":["Aggregate+1","Coolheaded"],"picked":"Conserve Battery+1","floor":19},{"not_picked":["Leap","Compile Driver"],"picked":"Sunder+1","floor":21},{"not_picked":["Coolheaded+1","Stack"],"picked":"FTL","floor":22},{"not_picked":["Rebound","Scrape"],"picked":"Beam Cell","floor":28},{"not_picked":["Capacitor","Steam"],"picked":"Defragment","floor":29},{"not_picked":["Machine Learning","Fission"],"picked":"Echo Form","floor":33},{"not_picked":["Go for the Eyes","Skim"],"picked":"Hologram+1","floor":35},{"not_picked":["Melter+1","Sunder+1"],"picked":"FTL","floor":36},{"not_picked":["Go for the Eyes+1","Gash+1"],"picked":"Stack+1","floor":38},{"not_picked":["Steam+1","Sweeping Beam"],"picked":"Beam Cell","floor":44},{"not_picked":["Genetic Algorithm","Rip and Tear+1","Barrage+1"],"picked":"SKIP","floor":47},{"not_picked":["Reprogram","Self Repair+1","Aggregate"],"picked":"SKIP","floor":48}],"player_experience":44376,"relics_obtained":[{"floor":7,"key":"Pear"},{"floor":9,"key":"Sundial"},{"floor":19,"key":"Girya"},{"floor":19,"key":"Bottled Lightning"},{"floor":26,"key":"FossilizedHelix"},{"floor":31,"key":"Juzu Bracelet"},{"floor":43,"key":"Lantern"}],"event_choices":[{"event_name":"Wheel of Change","player_choice":"Damage","floor":10,"damage_taken":0},{"event_name":"The Cleric","player_choice":"Card Removal","floor":12,"damage_taken":0},{"event_name":"Accursed Blacksmith","player_choice":"Forge","floor":14,"damage_taken":0},{"event_name":"Colosseum","player_choice":"Fight","floor":19,"damage_taken":0},{"event_name":"Colosseum","player_choice":"Fought Nobs","floor":19,"damage_taken":0},{"event_name":"Forgotten Altar","player_choice":"Shed Blood","floor":30,"damage_taken":0},{"event_name":"Winding Halls","player_choice":"Embrace Madness","floor":37,"damage_taken":0},{"event_name":"Tomb of Lord Red Mask","player_choice":"Paid","floor":39,"damage_taken":0},{"event_name":"SecretPortal","player_choice":"Rejected Portal.","floor":46,"damage_taken":0}],"is_beta":false,"boss_relics":[{"not_picked":["Lizard Tail","Eternal Feather"],"picked":"Pandora\u0027s Box"},{"not_picked":["Tiny House","Philosopher\u0027s Stone"],"picked":"Fusion Hammer"}],"items_purged_floors":[3],"is_endless":false,"potions_floor_spawned":[7,11,13,16,18,22,29,36,44,48],"ascension_level":0}