{"gold_per_floor":[113,125,5,22,32,32,32,52,52,65,65,100,100,115,115,220,220,230,96,96,106,116,116,134,134,159,159,159,186,205,61,61,165,165,185,60,60,72,88,88,88,88,88,99,99,109,109,124,124,124],"floor_reached":51,"playtime":2487,"items_purged":["Strike_R","Strike_R","Strike_R"],"score":871,"play_id":"92eb25dd-4e95-4fe8-a1a0-0e34473fbdc4","local_time":"20180929031825","is_ascension_mode":false,"campfire_choices":[{"data":"Bash","floor":6.0,"key":"SMITH"},{"data":"True Grit","floor":11.0,"key":"SMITH"},{"data":"Inflame","floor":15.0,"key":"SMITH"},{"data":"Clothesline","floor":23.0,"key":"SMITH"},{"data":"Metallicize","floor":25,"key":"SMITH"},{"data":"Wild Strike","floor":28,"key":"SMITH"},{"floor":32,"key":"REST"},{"floor":40,"key":"REST"},{"data":"Demon Form","floor":42,"key":"SMITH"},{"data":"Spot Weakness","floor":47,"key":"SMITH"},{"floor":49,"key":"REST"}],"neow_cost":"NONE","seed_source_timestamp":630771585693793,"circlet_count":0,"master_deck":["Defend_R","Defend_R","Defend_R","Bash+1","Metallicize+1","True Grit+1","Wild Strike+1","Inflame+1","Spot Weakness+1","Heavy Blade+1","Dropkick","Armaments+1","Feed","Body Slam+1","Dual Wield+1","Demon Form+1","Evolve+1","Burning Pact+1","Warcry+1"],"special_seed":0,"relics":["Burning Blood","Toxic Egg 2","Meat on the Bone","Busted Crown","Pen Nib","Molten Egg 2","Happy Flower","Velvet Choker","Self Forming Clay"],"potions_floor_usage":[29,33,38,46,48,50],"damage_taken":[{"damage":0.0,"enemies":"2 Louse","floor":1.0,"turns":4.0},{"damage":6.0,"enemies":"Cultist","floor":2.0,"turns":3.0},{"damage":0.0,"enemies":"Small Slimes","floor":4.0,"turns":3.0},{"damage":7.0,"enemies":"Exordium Thugs","floor":5.0,"turns":4.0},{"damage":5.0,"enemies":"Looter","floor":8.0,"turns":3.0},{"damage":9.0,"enemies":"2 Fungi Beasts","floor":10.0,"turns":5.0},{"damage":0.0,"enemies":"Gremlin Nob","floor":12.0,"turns":2.0},{"damage":8.0,"enemies":"Blue Slaver","floor":14.0,"turns":5.0},{"damage":37.0,"enemies":"Hexaghost","floor":16.0,"turns":9.0},{"damage":5.0,"enemies":"Chosen","floor":18.0,"turns":4.0},{"damage":7.0,"enemies":"3 Byrds","floor":21.0,"turns":7.0},{"damage":12.0,"enemies":"Shelled Parasite and Fungi","floor":22.0,"turns":6.0},{"damage":11,"enemies":"Centurion and Healer","floor":24,"turns":4},{"damage":18,"enemies":"Book of Stabbing","floor":29,"turns":4},{"damage":25,"enemies":"Cultist and Chosen","floor":30,"turns":7},{"damage":66,"enemies":"Collector","floor":33,"turns":7},{"damage":1,"enemies":"3 Shapes","floor":35,"turns":7},{"damage":29,"enemies":"3 Darklings","floor":38,"turns":6},{"damage":43,"enemies":"Transient","floor":39,"turns":5},{"damage":7,"enemies":"Sphere and 2 Shapes","floor":44,"turns":5},{"damage":20,"enemies":"3 Darklings","floor":46,"turns":6},{"damage":16,"enemies":"Maw","floor":48,"turns":6},{"damage":36,"enemies":"Time Eater","floor":50,"turns":8}],"seed_played":"-4071090190949667866","potions_obtained":[{"floor":1.0,"key":"Energy Potion"},{"floor":5.0,"key":"SteroidPotion"},{"floor":8.0,"key":"Regen Potion"},{"floor":12.0,"key":"Explosive Potion"},{"floor":21.0,"key":"SteroidPotion"},{"floor":29,"key":"FearPotion"},{"floor":30,"key":"Explosive Potion"},{"floor":33,"key":"Dexterity Potion"},{"floor":35,"key":"SteroidPotion"},{"floor":41,"key":"Fruit Juice"},{"floor":46,"key":"BloodPotion"}],"is_trial":false,"path_per_floor":["M","M","$","M","M","R","?","M","T","M","R","E","?","M","R","B",null,"M","$","?","M","M","R","M","R","T","?","R","E","M","$","R","B",null,"M","$","?","M","M","R","?","R","T","M","?","M","R","M","R","B"],"character_chosen":"IRONCLAD","items_purchased":["True Grit","Dual Wield+1","Happy Flower"],"campfire_rested":3,"item_purchase_floors":[3,19,31],"current_hp_per_floor":[80,80,80,80,79,79,79,80,80,77,77,80,80,78,78,47,80,80,80,80,84,81,81,79,79,79,79,79,67,63,63,90,42,93,97,97,97,77,52,82,82,82,82,87,87,82,82,87,119,89],"gold":124,"neow_bonus":"REMOVE_CARD","is_prod":false,"is_daily":false,"chose_seed":false,"campfire_upgraded":8,"win_rate":1,"timestamp":1538158705,"path_taken":["M","M","$","M","M","R","?","M","T","M","R","E","?","M","R","BOSS","M","$","?","M","M","R","M","R","T","?","R","E","M","$","R","BOSS","M","$","?","M","M","R","?","R","T","M","?","M","R","?","R","BOSS"],"build_version":"2018-09-27","purchased_purges":3,"victory":true,"max_hp_per_floor":[80,80,80,80,80,80,80,80,80,80,80,80,80,80,80,80,80,80,80,80,84,87,87,90,90,90,90,90,90,93,93,93,93,93,97,97,97,100,100,100,100,100,100,106,106,115,115,119,119,119],"card_choices":[{"not_picked":["Seeing Red","Second Wind"],"picked":"Clothesline","floor":1.0},{"not_picked":["Spot Weakness","Seeing Red"],"picked":"Metallicize","floor":2.0},{"not_picked":["Perfected Strike","Cleave"],"picked":"Wild Strike","floor":4.0},{"not_picked":["Rupture","True Grit"],"picked":"Inflame","floor":5.0},{"not_picked":["Iron Wave","Thunderclap"],"picked":"Spot Weakness","floor":8.0},{"not_picked":["Sentinel+1","Pummel"],"picked":"Heavy Blade","floor":10.0},{"not_picked":["Bloodletting+1","Sever Soul"],"picked":"Dropkick","floor":12.0},{"not_picked":["Headbutt","Hemokinesis"],"picked":"Armaments+1","floor":14.0},{"not_picked":["Brutality","Exhume+1"],"picked":"Feed","floor":16.0},{"not_picked":[],"picked":"Body Slam+1","floor":18.0},{"not_picked":["Evolve+1"],"picked":"SKIP","floor":21.0},{"not_picked":["Thunderclap+1"],"picked":"SKIP","floor":22.0},{"not_picked":["Cleave"],"picked":"SKIP","floor":24},{"not_picked":[],"picked":"Demon Form","floor":29},{"not_picked":["Heavy Blade+1"],"picked":"SKIP","floor":30},{"not_picked":["Iron Wave+1"],"picked":"SKIP","floor":35},{"not_picked":[],"picked":"Evolve+1","floor":38},{"not_picked":[],"picked":"Burning Pact+1","floor":39},{"not_picked":["Anger+1"],"picked":"SKIP","floor":44},{"not_picked":["Anger+1"],"picked":"SKIP","floor":44},{"not_picked":["Searing Blow+1"],"picked":"SKIP","floor":46},{"not_picked":[],"picked":"Warcry+1","floor":48}],"player_experience":73728,"relics_obtained":[{"floor":9.0,"key":"Toxic Egg 2"},{"floor":12.0,"key":"Meat on the Bone"},{"floor":26,"key":"Pen Nib"},{"floor":29,"key":"Molten Egg 2"},{"floor":43,"key":"Self Forming Clay"}],"event_choices":[{"event_name":"Bonfire Elementals","player_choice":"BASIC","floor":7.0,"damage_taken":0.0},{"event_name":"The Woman in Blue","player_choice":"Bought 0 Potions","floor":13.0,"damage_taken":0.0},{"event_name":"Back to Basics","player_choice":"Elegance","floor":20.0,"damage_taken":0.0},{"event_name":"Upgrade Shrine","player_choice":"Upgraded","floor":27,"damage_taken":0},{"event_name":"Falling","player_choice":"Removed Attack","floor":37,"damage_taken":0},{"event_name":"The Lab","player_choice":"Got Potions","floor":41,"damage_taken":0},{"event_name":"SecretPortal","player_choice":"Rejected Portal.","floor":45,"damage_taken":0}],"is_beta":false,"boss_relics":[{"not_picked":["Astrolabe","Calling Bell"],"picked":"Busted Crown"},{"not_picked":["Tiny House","Eternal Feather"],"picked":"Velvet Choker"}],"items_purged_floors":[3,19,36],"is_endless":false,"potions_floor_spawned":[1,5,8,12,21,29,30,33,35,44,46],"ascension_level":0}