{"gold_per_floor":[112,126,138,88,108,108,138,138,138,138,138,158,14,14,14,111,111,127,18,35,55,55,55,69,69,69,69,86,104,118,118,118,219,219,229,229,14,32,32,32,32,45,72,88,99,131,151,169,169,169],"floor_reached":51,"playtime":2552,"items_purged":["Strike_B"],"score":758,"play_id":"f47f4387-fcb1-4525-b216-23ff3b4e5435","local_time":"20181011212649","is_ascension_mode":false,"campfire_choices":[{"data":"Zap","floor":6.0,"key":"SMITH"},{"data":"Go for the Eyes","floor":8.0,"key":"SMITH"},{"data":"Dualcast","floor":10.0,"key":"SMITH"},{"data":"Lockon","floor":15.0,"key":"SMITH"},{"data":"Reinforced Body","floor":23.0,"key":"SMITH"},{"data":"Loop","floor":25.0,"key":"SMITH"},{"data":"Defragment","floor":27.0,"key":"SMITH"},{"data":"Defragment","floor":32,"key":"SMITH"},{"data":"Creative AI","floor":40,"key":"SMITH"},{"floor":49,"key":"REST"}],"neow_cost":"NONE","seed_source_timestamp":66418034799338,"circlet_count":0,"master_deck":["Defend_B","Defend_B","Defend_B","Defend_B","Zap+1","Dualcast+1","Coolheaded","Lockon+1","Go for the Eyes+1","Coolheaded","Conserve Battery","Ball Lightning","Echo Form","Consume+1","Defragment+1","Coolheaded","Sweeping Beam+1","Reinforced Body+1","Loop+1","Defragment+1","Glacier","Machine Learning","Creative AI+1","Skim+1","Madness","Madness","Hologram","FTL","Leap+1","Go for the Eyes+1","Buffer"],"special_seed":0,"relics":["Cracked Core","Centennial Puzzle","Pear","Meat on the Bone","DataDisk","Happy Flower","Sozu","Singing Bowl","Inserter","Anchor","Pen Nib"],"potions_floor_usage":[50,50],"damage_taken":[{"damage":6.0,"enemies":"Cultist","floor":1.0,"turns":3.0},{"damage":0.0,"enemies":"Jaw Worm","floor":2.0,"turns":4.0},{"damage":0.0,"enemies":"Small Slimes","floor":3.0,"turns":2.0},{"damage":0.0,"enemies":"Blue Slaver","floor":5.0,"turns":3.0},{"damage":12.0,"enemies":"3 Sentries","floor":7.0,"turns":9.0},{"damage":2.0,"enemies":"3 Louse","floor":12.0,"turns":3.0},{"damage":14.0,"enemies":"Hexaghost","floor":16.0,"turns":8.0},{"damage":7.0,"enemies":"3 Byrds","floor":18.0,"turns":5.0},{"damage":15.0,"enemies":"2 Thieves","floor":20.0,"turns":5.0},{"damage":0.0,"enemies":"Centurion and Healer","floor":21.0,"turns":6.0},{"damage":0.0,"enemies":"Snake Plant","floor":24.0,"turns":4.0},{"damage":7.0,"enemies":"Shelled Parasite and Fungi","floor":28.0,"turns":4.0},{"damage":1.0,"enemies":"Snecko","floor":29.0,"turns":3.0},{"damage":7.0,"enemies":"Snake Plant","floor":30.0,"turns":3.0},{"damage":0,"enemies":"Automaton","floor":33,"turns":12},{"damage":0,"enemies":"Orb Walker","floor":35,"turns":5},{"damage":10,"enemies":"3 Shapes","floor":38,"turns":5},{"damage":13,"enemies":"Sphere and 2 Shapes","floor":42,"turns":6},{"damage":0,"enemies":"Maw","floor":44,"turns":7},{"damage":0,"enemies":"Transient","floor":45,"turns":5},{"damage":13,"enemies":"2 Orb Walkers","floor":46,"turns":5},{"damage":13,"enemies":"Sphere and 2 Shapes","floor":47,"turns":4},{"damage":0,"enemies":"3 Darklings","floor":48,"turns":5},{"damage":13,"enemies":"Time Eater","floor":50,"turns":9}],"seed_played":"-8010737815841224698","potions_obtained":[{"floor":3.0,"key":"Block Potion"},{"floor":7.0,"key":"FocusPotion"},{"floor":16.0,"key":"FearPotion"}],"is_trial":false,"path_per_floor":["M","M","M","?","M","R","E","R","T","R","?","M","$","T","R","B",null,"M","$","M","M","?","R","M","R","T","R","M","M","M","?","R","B",null,"M","?","$","M","?","R","?","M","T","M","M","E","M","M","R","B"],"character_chosen":"DEFECT","items_purchased":["DataDisk","Defragment","Coolheaded","Creative AI"],"campfire_rested":1,"item_purchase_floors":[13,19,19,37],"current_hp_per_floor":[69,69,69,69,69,69,67,67,67,67,60,58,58,58,58,44,85,78,78,63,63,47,47,47,47,47,47,52,53,58,58,58,58,92,94,94,94,84,72,72,74,61,61,63,63,50,49,61,90,77],"gold":169,"neow_bonus":"RANDOM_COMMON_RELIC","is_prod":false,"is_daily":false,"chose_seed":false,"campfire_upgraded":9,"win_rate":0,"timestamp":1539260809,"path_taken":["M","M","M","?","M","R","E","R","T","R","?","M","$","?","R","BOSS","M","$","M","M","?","R","M","R","T","R","M","?","?","?","R","BOSS","M","?","$","M","?","R","?","M","T","?","?","E","?","M","R","BOSS"],"build_version":"2018-10-04v2","purchased_purges":1,"victory":true,"max_hp_per_floor":[75,75,75,75,75,75,85,85,85,85,85,85,85,85,85,85,85,85,85,85,85,90,90,90,90,90,90,90,92,92,92,92,92,92,94,94,94,94,94,94,96,96,96,98,98,98,98,98,98,98],"card_choices":[{"not_picked":["Turbo","Rebound"],"picked":"Coolheaded","floor":1.0},{"not_picked":["Double Energy","Compile Driver"],"picked":"Lockon","floor":2.0},{"not_picked":["Amplify","Darkness"],"picked":"Go for the Eyes","floor":3.0},{"not_picked":["Blizzard","Undo"],"picked":"Coolheaded","floor":5.0},{"not_picked":["Barrage","Stack"],"picked":"Conserve Battery","floor":7.0},{"not_picked":["Stack","Heatsinks"],"picked":"Ball Lightning","floor":12.0},{"not_picked":["Multi-Cast","Seek"],"picked":"Echo Form","floor":16.0},{"not_picked":["Recycle","Beam Cell+1"],"picked":"Consume+1","floor":18.0},{"not_picked":["Go for the Eyes","Redo"],"picked":"Sweeping Beam+1","floor":20.0},{"not_picked":["Leap","Sweeping Beam+1"],"picked":"Reinforced Body","floor":21.0},{"not_picked":["Steam+1","Go for the Eyes"],"picked":"Loop","floor":24.0},{"not_picked":["Fission","Sweeping Beam"],"picked":"Defragment","floor":28.0},{"not_picked":["Streamline","Undo","White Noise"],"picked":"Singing Bowl","floor":29.0},{"not_picked":["Steam","Turbo"],"picked":"Glacier","floor":30.0},{"not_picked":["Multi-Cast","All For One"],"picked":"Machine Learning","floor":33},{"not_picked":["Sweeping Beam","Lockon+1","Go for the Eyes"],"picked":"Singing Bowl","floor":35},{"not_picked":["Darkness+1","Storm"],"picked":"Skim+1","floor":38},{"not_picked":["Violence","HandOfGreed","Panacea"],"picked":"Singing Bowl","floor":41},{"not_picked":["Scrape+1","Go for the Eyes"],"picked":"Hologram","floor":42},{"not_picked":["Chill+1","Streamline","Go for the Eyes"],"picked":"Singing Bowl","floor":44},{"not_picked":["Streamline+1","Steam+1"],"picked":"FTL","floor":45},{"not_picked":["Steam Power+1","Redo+1"],"picked":"Leap+1","floor":46},{"not_picked":["Gash+1","Cold Snap+1"],"picked":"Go for the Eyes+1","floor":47},{"not_picked":["Gash+1","Static Discharge+1"],"picked":"Buffer","floor":48}],"player_experience":174899,"relics_obtained":[{"floor":7.0,"key":"Pear"},{"floor":9.0,"key":"Meat on the Bone"},{"floor":14.0,"key":"Happy Flower"},{"floor":26.0,"key":"Singing Bowl"},{"floor":43,"key":"Anchor"},{"floor":46,"key":"Pen Nib"}],"event_choices":[{"event_name":"The Cleric","player_choice":"Card Removal","floor":4.0,"damage_taken":0.0},{"event_name":"Golden Wing","player_choice":"Card Removal","floor":11.0,"damage_taken":0.0},{"event_name":"Forgotten Altar","player_choice":"Shed Blood","floor":22.0,"damage_taken":0.0},{"event_name":"The Mausoleum","player_choice":"No","floor":31,"damage_taken":0},{"event_name":"Purifier","player_choice":"One Purge","floor":36,"damage_taken":0},{"event_name":"Winding Halls","player_choice":"Embrace Madness","floor":39,"damage_taken":0},{"event_name":"SensoryStone","player_choice":"Memory 1","floor":41,"damage_taken":0}],"is_beta":false,"boss_relics":[{"not_picked":["FrozenCore","Empty Cage"],"picked":"Sozu"},{"not_picked":["Busted Crown","Coffee Dripper"],"picked":"Inserter"}],"items_purged_floors":[37],"is_endless":false,"potions_floor_spawned":[3,7,16,28,29,33,45,48],"ascension_level":0}