{"gold_per_floor":[116,126,126,146,161,189,189,223,223,233,246,246,256,267,267,267],"floor_reached":16,"playtime":1477,"items_purged":[],"score":116,"play_id":"3af6f2d9-cf2c-4ab4-a5db-b7a934d642f0","local_time":"20190831195223","is_ascension_mode":false,"campfire_choices":[{"floor":7,"key":"REST"},{"floor":12,"key":"REST"},{"floor":15,"key":"REST"}],"neow_cost":"NONE","seed_source_timestamp":627831600401843,"circlet_count":0,"master_deck":["Strike_R","Strike_R","Strike_R","Strike_R","Strike_R","Defend_R","Defend_R","Defend_R","Bash","Bloodletting","Shrug It Off","Metallicize","Cleave","Heavy Blade","Heavy Blade","Headbutt","Cleave"],"relics":["Burning Blood","NeowsBlessing","Anchor","Potion Belt","Bottled Tornado"],"potions_floor_usage":[6,16,16,16],"damage_taken":[{"damage":0,"enemies":"Jaw Worm","floor":1,"turns":1},{"damage":0,"enemies":"Cultist","floor":2,"turns":1},{"damage":0,"enemies":"Small Slimes","floor":4,"turns":1},{"damage":11,"enemies":"Exordium Thugs","floor":5,"turns":5},{"damage":47,"enemies":"Gremlin Nob","floor":6,"turns":6},{"damage":48,"enemies":"Lagavulin","floor":8,"turns":10},{"damage":4,"enemies":"Red Slaver","floor":10,"turns":6},{"damage":0,"enemies":"Looter","floor":11,"turns":3},{"damage":12,"enemies":"Lots of Slimes","floor":13,"turns":5},{"damage":41,"enemies":"Gremlin Gang","floor":14,"turns":6},{"damage":46,"enemies":"The Guardian","floor":16,"turns":10}],"seed_played":"-1448535328351013200","potions_obtained":[{"floor":1,"key":"EssenceOfSteel"},{"floor":4,"key":"Swift Potion"},{"floor":10,"key":"FearPotion"},{"floor":11,"key":"FairyPotion"},{"floor":14,"key":"SkillPotion"}],"is_trial":false,"path_per_floor":["M","M","?","M","M","E","R","E","T","M","M","R","M","M","R","B"],"character_chosen":"IRONCLAD","items_purchased":[],"campfire_rested":3,"item_purchase_floors":[],"current_hp_per_floor":[80,80,80,80,75,34,58,16,16,18,24,48,42,7,31,0],"gold":267,"neow_bonus":"THREE_ENEMY_KILL","is_prod":false,"is_daily":false,"chose_seed":false,"campfire_upgraded":0,"win_rate":0.0,"timestamp":1567299143,"path_taken":["M","M","?","?","M","E","R","E","T","M","M","R","M","M","R","BOSS"],"build_version":"2019-07-17","purchased_purges":0,"victory":false,"max_hp_per_floor":[80,80,80,80,80,80,80,80,80,80,80,80,80,80,80,80],"card_choices":[{"not_picked":["Second Wind","Whirlwind"],"picked":"Bloodletting","floor":1},{"not_picked":["Thunderclap","Disarm"],"picked":"Shrug It Off","floor":2},{"not_picked":["Pommel Strike","Armaments"],"picked":"Cleave","floor":4},{"not_picked":["Havoc","Feel No Pain"],"picked":"Heavy Blade","floor":5},{"not_picked":["Combust","Infernal Blade","Body Slam"],"picked":"SKIP","floor":6},{"not_picked":["Sentinel","Sword Boomerang"],"picked":"Heavy Blade","floor":8},{"not_picked":["Burning Pact","Shockwave","Warcry"],"picked":"SKIP","floor":10},{"not_picked":["Corruption","Bludgeon"],"picked":"Headbutt","floor":11},{"not_picked":["Body Slam","Anger","True Grit"],"picked":"SKIP","floor":13},{"not_picked":["Headbutt","Corruption"],"picked":"Cleave","floor":14}],"player_experience":51370,"relics_obtained":[{"floor":6,"key":"Anchor"},{"floor":8,"key":"Potion Belt"},{"floor":9,"key":"Bottled Tornado"}],"event_choices":[{"damage_healed":0,"gold_gain":0,"cards_transformed":["Defend_R"],"player_choice":"Transformed","damage_taken":0,"max_hp_gain":0,"max_hp_loss":0,"event_name":"Transmorgrifier","floor":3,"gold_loss":0,"cards_obtained":["Metallicize"]}],"is_beta":false,"boss_relics":[],"items_purged_floors":[],"is_endless":false,"potions_floor_spawned":[1,4,10,11,14],"killed_by":"The Guardian","ascension_level":0}