{"gold_per_floor":[115,132,146,158,233,233,248,248,248,248,260,271,297,317,317,420,420,420,420,5,5,5,5,5,5,5,5,5,5,5,5,5,5,5,5,5,5,5,5,5,5,5,5,5,5,5,5,5,5,5],"floor_reached":51,"playtime":3005,"items_purged":["Strike_B"],"score":826,"play_id":"84ed0b58-6b07-49b5-ab2b-eb3eef01ea9a","local_time":"20181018203857","is_ascension_mode":false,"campfire_choices":[{"data":"Zap","floor":6,"key":"SMITH"},{"data":"Streamline","floor":8,"key":"SMITH"},{"data":"Defragment","floor":10,"key":"SMITH"},{"data":"Consume","floor":15,"key":"SMITH"},{"floor":23,"key":"REST"},{"data":"Mayhem","floor":25,"key":"SMITH"},{"floor":27,"key":"REST"},{"data":"Blizzard","floor":32,"key":"SMITH"},{"data":"White Noise","floor":40,"key":"SMITH"},{"data":"Rainbow","floor":45,"key":"SMITH"},{"data":"Multi-Cast","floor":49,"key":"SMITH"}],"neow_cost":"NONE","seed_source_timestamp":157409256035353,"circlet_count":0,"master_deck":["Strike_B","Strike_B","Strike_B","Defend_B","Defend_B+1","Defend_B","Defend_B","Zap+1","Dualcast","Conserve Battery","Coolheaded+1","Streamline+1","Defragment+1","Ball Lightning","Glacier","Chill","Consume+1","FTL","Multi-Cast+1","Coolheaded","Undo+1","Blizzard+1","Mayhem+1","Redo+1","Compile Driver","Compile Driver+1","Hologram+1","Rainbow+1","White Noise+1","Darkness+1","Hologram","BootSequence","Discovery","Leap+1","Leap+1"],"relics":["Cracked Core","Question Card","Ice Cream","Ectoplasm","Ginger","Pear","War Paint","Matryoshka","Busted Crown","Oddly Smooth Stone","Letter Opener","Lantern","Du-Vu Doll","Mango"],"potions_floor_usage":[13,19,28,50,50,50],"damage_taken":[{"damage":0,"enemies":"Small Slimes","floor":1,"turns":3},{"damage":0,"enemies":"2 Louse","floor":2,"turns":2},{"damage":0,"enemies":"Cultist","floor":3,"turns":3},{"damage":7,"enemies":"Exordium Wildlife","floor":4,"turns":3},{"damage":0,"enemies":"Large Slime","floor":7,"turns":3},{"damage":3,"enemies":"2 Fungi Beasts","floor":11,"turns":3},{"damage":1,"enemies":"3 Louse","floor":12,"turns":4},{"damage":0,"enemies":"Lagavulin","floor":13,"turns":5},{"damage":0,"enemies":"Looter","floor":14,"turns":3},{"damage":0,"enemies":"The Guardian","floor":16,"turns":12},{"damage":4,"enemies":"Spheric Guardian","floor":18,"turns":4},{"damage":20,"enemies":"Colosseum Slavers","floor":19,"turns":4},{"damage":36,"enemies":"Colosseum Nobs","floor":19,"turns":6},{"damage":7,"enemies":"Shell Parasite","floor":21,"turns":7},{"damage":17,"enemies":"Gremlin Leader","floor":28,"turns":9},{"damage":0,"enemies":"Snake Plant","floor":29,"turns":5},{"damage":0,"enemies":"Chosen and Byrds","floor":30,"turns":5},{"damage":3,"enemies":"Centurion and Healer","floor":31,"turns":5},{"damage":14,"enemies":"Collector","floor":33,"turns":12},{"damage":2,"enemies":"3 Shapes","floor":35,"turns":3},{"damage":6,"enemies":"Orb Walker","floor":38,"turns":4},{"damage":3,"enemies":"Maw","floor":39,"turns":7},{"damage":0,"enemies":"2 Orb Walkers","floor":41,"turns":6},{"damage":0,"enemies":"Reptomancer","floor":42,"turns":5},{"damage":0,"enemies":"Sphere and 2 Shapes","floor":46,"turns":4},{"damage":0,"enemies":"Mysterious Sphere","floor":47,"turns":3},{"damage":0,"enemies":"Mind Bloom Boss Battle","floor":48,"turns":5},{"damage":5,"enemies":"Time Eater","floor":50,"turns":8}],"seed_played":"4850379489424334908","potions_obtained":[{"floor":4,"key":"SteroidPotion"},{"floor":11,"key":"Dexterity Potion"},{"floor":12,"key":"Regen Potion"},{"floor":13,"key":"Strength Potion"},{"floor":29,"key":"Fire Potion"},{"floor":35,"key":"Dexterity Potion"}],"is_trial":false,"path_per_floor":["M","M","M","M","?","R","M","R","T","R","M","M","E","M","R","B",null,"M","?","$","M","?","R","?","R","T","R","E","M","M","M","R","B",null,"M","$","?","M","M","R","E","M","T","?","R","M","?","?","R","B"],"character_chosen":"DEFECT","items_purchased":["Blizzard","Mayhem","Block Potion"],"campfire_rested":2,"item_purchase_floors":[20,20,20],"current_hp_per_floor":[75,75,75,68,57,57,57,57,57,57,54,53,67,67,67,67,75,71,25,25,18,18,43,43,43,43,68,51,51,51,48,48,34,85,83,83,83,77,74,74,74,74,74,74,74,74,74,88,88,83],"gold":5,"neow_bonus":"THREE_CARDS","is_prod":false,"is_daily":false,"chose_seed":false,"campfire_upgraded":9,"win_rate":0,"timestamp":1539862737,"path_taken":["M","M","M","M","?","R","M","R","T","R","?","M","E","M","R","BOSS","M","?","$","M","?","R","?","R","T","R","E","M","M","?","R","BOSS","M","$","?","M","M","R","E","M","T","?","R","?","?","?","R","BOSS"],"build_version":"2018-10-11","purchased_purges":1,"victory":true,"max_hp_per_floor":[75,75,75,75,75,75,75,75,75,75,75,75,75,75,75,75,75,75,85,85,85,85,85,85,85,85,85,85,85,85,85,85,85,85,85,85,85,85,85,85,85,85,85,85,85,85,85,99,99,99],"card_choices":[{"not_picked":["Gash","Stack"],"picked":"Conserve Battery","floor":0},{"not_picked":["Steam","Gash"],"picked":"Coolheaded","floor":1},{"not_picked":["Double Energy","Cold Snap"],"picked":"Streamline","floor":2},{"not_picked":["Barrage","Storm"],"picked":"Defragment","floor":3},{"not_picked":["Redo","Conserve Battery"],"picked":"Ball Lightning","floor":4},{"not_picked":["Turbo","Aggregate","Storm"],"picked":"SKIP","floor":7},{"not_picked":["Sunder","Coolheaded","Conserve Battery"],"picked":"Glacier","floor":11},{"not_picked":["Hologram","Coolheaded","Sweeping Beam"],"picked":"Chill","floor":12},{"not_picked":["Recycle","Hyperbeam","FTL"],"picked":"Consume","floor":13},{"not_picked":["Beam Cell","Stack","Conserve Battery"],"picked":"FTL","floor":14},{"not_picked":["Rainbow","Seek","Amplify"],"picked":"Multi-Cast","floor":16},{"not_picked":["Redo+1","Gash","Lockon"],"picked":"Coolheaded","floor":18},{"not_picked":["Chill","Auto Shields","Cold Snap"],"picked":"Undo+1","floor":19},{"not_picked":["Coolheaded","Compile Driver","Redo+1"],"picked":"Seek","floor":21},{"not_picked":["Lockon","Tempest+1","Recycle"],"picked":"Redo+1","floor":28},{"not_picked":["Steam+1","Stack","Barrage"],"picked":"Compile Driver","floor":29},{"not_picked":["Ball Lightning","Auto Shields","Storm"],"picked":"Compile Driver+1","floor":30},{"not_picked":["Turbo","Ball Lightning","Compile Driver"],"picked":"Hologram+1","floor":31},{"not_picked":["Biased Cognition","Fission","All For One"],"picked":"Rainbow","floor":33},{"not_picked":["Redo"],"picked":"White Noise","floor":35},{"not_picked":["Rebound"],"picked":"Darkness+1","floor":38},{"not_picked":["Rebound+1"],"picked":"Hologram","floor":39},{"not_picked":["Steam"],"picked":"BootSequence","floor":41},{"not_picked":["Scrape","Undo"],"picked":"SKIP","floor":42},{"not_picked":["Magnetism"],"picked":"Discovery","floor":44},{"not_picked":["Compile Driver+1"],"picked":"Leap+1","floor":46},{"not_picked":["Conserve Battery+1"],"picked":"Leap+1","floor":48}],"player_experience":271169,"relics_obtained":[{"floor":9,"key":"Question Card"},{"floor":13,"key":"Ice Cream"},{"floor":19,"key":"Ginger"},{"floor":19,"key":"Pear"},{"floor":26,"key":"War Paint"},{"floor":28,"key":"Matryoshka"},{"floor":41,"key":"Oddly Smooth Stone"},{"floor":43,"key":"Letter Opener"},{"floor":43,"key":"Lantern"},{"floor":47,"key":"Du-Vu Doll"},{"floor":48,"key":"Mango"}],"event_choices":[{"event_name":"World of Goop","player_choice":"Gather Gold","floor":5,"damage_taken":0},{"event_name":"Colosseum","player_choice":"Fight","floor":19,"damage_taken":0},{"event_name":"Colosseum","player_choice":"Fought Nobs","floor":19,"damage_taken":0},{"event_name":"Ghosts","player_choice":"Ignored","floor":22,"damage_taken":0},{"event_name":"Falling","player_choice":"Removed Skill","floor":37,"damage_taken":0},{"event_name":"SensoryStone","player_choice":"Memory 1","floor":44,"damage_taken":0},{"event_name":"Mysterious Sphere","player_choice":"Fight","floor":47,"damage_taken":0},{"event_name":"MindBloom","player_choice":"Fight","floor":48,"damage_taken":0}],"is_beta":false,"boss_relics":[{"not_picked":["Velvet Choker","Coffee Dripper"],"picked":"Ectoplasm"},{"not_picked":["Tiny House","Orrery"],"picked":"Busted Crown"}],"items_purged_floors":[20],"is_endless":false,"potions_floor_spawned":[4,11,12,13,18,19,29,31,35,42,47],"ascension_level":0}