{"gold_per_floor":[109,56,68,88,99,130,130,156,156,187,38,71,86,97,97,198,198,208,208,133,148,148,173,173,191,215,247,247,147,66,84,84,180,180,197,197,72,0,12,45,64,64,89,142,162,12,12,12,12,12],"floor_reached":51,"playtime":7253,"items_purged":["Strike_G","Normality","Regret","Parasite"],"score":912,"play_id":"edc431ae-d5a5-4e60-aa0a-0aa343c823dc","local_time":"20190824063615","is_ascension_mode":true,"campfire_choices":[{"data":"A Thousand Cuts","floor":7.0,"key":"SMITH"},{"data":"Footwork","floor":15.0,"key":"SMITH"},{"data":"Cloak And Dagger","floor":24.0,"key":"SMITH"},{"floor":28.0,"key":"REST"},{"data":"Accuracy","floor":32.0,"key":"SMITH"},{"data":"Backflip","floor":42.0,"key":"SMITH"},{"data":"Blind","floor":49.0,"key":"SMITH"}],"neow_cost":"NONE","seed_source_timestamp":0,"circlet_count":0,"master_deck":["Strike_G+1","Strike_G+1","Strike_G+1","Defend_G+1","Defend_G+1","Defend_G+1","Defend_G+1","Defend_G+1","Survivor+1","Neutralize+1","After Image+1","Cloak And Dagger+1","Backflip+1","Die Die Die+1","Bouncing Flask+1","A Thousand Cuts+1","Dagger Throw+1","Deflect+1","Footwork+1","Noxious Fumes+1","Blade Dance+1","Cloak And Dagger+1","Bullet Time+1","Infinite Blades+1","PiercingWail+1","Prepared+1","Cloak And Dagger+1","Backstab+1","Accuracy+1","Night Terror+1","Backflip+1","Acrobatics+1","Blind+1"],"special_seed":0,"relics":["Ring of the Serpent","Pantograph","Bottled Tornado","Dream Catcher","Gremlin Horn","Anchor","Orichalcum","Cursed Key","Darkstone Periapt","Blood Vial","Lantern","WingedGreaves","Mark of the Bloom","Red Mask","Vajra","Juzu Bracelet","Pocketwatch"],"potions_floor_usage":[50,50],"damage_taken":[{"damage":3.0,"enemies":"Small Slimes","floor":1.0,"turns":4.0},{"damage":0.0,"enemies":"Cultist","floor":3.0,"turns":4.0},{"damage":6.0,"enemies":"Jaw Worm","floor":4.0,"turns":8.0},{"damage":0.0,"enemies":"Large Slime","floor":5.0,"turns":6.0},{"damage":16.0,"enemies":"Gremlin Nob","floor":6.0,"turns":5.0},{"damage":11.0,"enemies":"Lagavulin","floor":8.0,"turns":8.0},{"damage":20.0,"enemies":"3 Sentries","floor":10.0,"turns":4.0},{"damage":0.0,"enemies":"Lagavulin","floor":12.0,"turns":6.0},{"damage":1.0,"enemies":"Blue Slaver","floor":13.0,"turns":5.0},{"damage":0.0,"enemies":"3 Louse","floor":14.0,"turns":1.0},{"damage":16.0,"enemies":"The Guardian","floor":16.0,"turns":12.0},{"damage":2.0,"enemies":"Shell Parasite","floor":18.0,"turns":6.0},{"damage":5.0,"enemies":"Spheric Guardian","floor":21.0,"turns":4.0},{"damage":27.0,"enemies":"Slavers","floor":23.0,"turns":4.0},{"damage":28.0,"enemies":"Snecko","floor":25.0,"turns":5.0},{"damage":15.0,"enemies":"Book of Stabbing","floor":27.0,"turns":8.0},{"damage":0.0,"enemies":"Cultist and Chosen","floor":31.0,"turns":5.0},{"damage":11.0,"enemies":"Automaton","floor":33.0,"turns":11.0},{"damage":1.0,"enemies":"3 Shapes","floor":35.0,"turns":4.0},{"damage":0.0,"enemies":"Orb Walker","floor":39.0,"turns":3.0},{"damage":0.0,"enemies":"Nemesis","floor":40.0,"turns":7.0},{"damage":0.0,"enemies":"Sphere and 2 Shapes","floor":41.0,"turns":4.0},{"damage":0.0,"enemies":"2 Orb Walkers","floor":44.0,"turns":5.0},{"damage":0.0,"enemies":"3 Darklings","floor":45.0,"turns":3.0},{"damage":0,"enemies":"Awakened One","floor":50,"turns":10}],"seed_played":"-3669880711741721546","potions_obtained":[{"floor":4.0,"key":"Weak Potion"},{"floor":5.0,"key":"SpeedPotion"},{"floor":6.0,"key":"SneckoOil"},{"floor":10.0,"key":"Block Potion"},{"floor":14.0,"key":"EssenceOfSteel"},{"floor":21.0,"key":"Fire Potion"},{"floor":33.0,"key":"AttackPotion"},{"floor":35.0,"key":"GhostInAJar"},{"floor":39.0,"key":"Block Potion"},{"floor":41.0,"key":"Poison Potion"},{"floor":45.0,"key":"FearPotion"}],"is_trial":false,"path_per_floor":["M","?","M","M","M","E","R","E","T","E","$","E","M","M","R","B",null,"M","?","?","M","T","E","R","M","T","E","R","$","$","M","R","B",null,"M","?","$","?","M","E","M","R","T","?","M","$","?","?","R","B",null],"character_chosen":"THE_SILENT","items_purchased":["Footwork","Accuracy"],"campfire_rested":1,"item_purchase_floors":[11,30],"current_hp_per_floor":[67,67,67,61,61,45,45,34,34,14,14,14,13,13,13,22,70,68,68,68,63,63,36,36,10,16,3,25,25,25,27,27,43,76,75,75,75,75,75,75,75,75,75,75,75,75,75,75,75,75],"gold":12,"neow_bonus":"ONE_RANDOM_RARE_CARD","is_prod":false,"is_daily":false,"chose_seed":false,"campfire_upgraded":6,"win_rate":0,"timestamp":1566596175,"path_taken":["M","?","M","M","M","E","R","E","T","E","$","E","?","M","R","BOSS","M","?","?","M","?","E","R","M","T","E","R","$","$","M","R","BOSS","M","?","$","?","M","E","M","R","T","?","M","?","?","?","R","BOSS"],"build_version":"2019-07-17","purchased_purges":4,"victory":true,"max_hp_per_floor":[70,70,70,70,70,70,70,70,70,70,70,70,70,70,70,70,70,70,70,70,70,70,70,70,70,76,76,76,76,76,76,76,76,76,76,76,76,76,76,76,76,76,82,82,82,79,75,75,75,75],"card_choices":[{"not_picked":["Backstab","PiercingWail"],"picked":"Cloak And Dagger","floor":1.0},{"not_picked":["Predator","Quick Slash"],"picked":"Backflip","floor":3.0},{"not_picked":["Dash","Bane"],"picked":"Die Die Die","floor":4.0},{"not_picked":["Acrobatics","Backflip"],"picked":"Bouncing Flask","floor":5.0},{"not_picked":["Backstab","Quick Slash"],"picked":"A Thousand Cuts","floor":6.0},{"not_picked":["Quick Slash","Riddle With Holes"],"picked":"Dagger Throw","floor":8.0},{"not_picked":["Sucker Punch","Caltrops"],"picked":"Deflect","floor":10.0},{"not_picked":["Eviscerate","Flying Knee"],"picked":"Noxious Fumes","floor":12.0},{"not_picked":["Distraction","Dagger Spray"],"picked":"Blade Dance","floor":13.0},{"not_picked":["Sucker Punch","Deflect"],"picked":"Cloak And Dagger","floor":14.0},{"not_picked":["Doppelganger","A Thousand Cuts"],"picked":"Bullet Time","floor":16.0},{"not_picked":["Expertise+1","Outmaneuver","Noxious Fumes+1"],"picked":"SKIP","floor":18.0},{"not_picked":["Catalyst","Deflect"],"picked":"Infinite Blades","floor":21.0},{"not_picked":["Cloak And Dagger","Footwork"],"picked":"PiercingWail","floor":23.0},{"not_picked":["All Out Attack","Riddle With Holes"],"picked":"Prepared+1","floor":25.0},{"not_picked":["Slice","Riddle With Holes"],"picked":"Cloak And Dagger","floor":27.0},{"not_picked":["Bullet Time","Noxious Fumes+1"],"picked":"Backstab+1","floor":28.0},{"not_picked":["Prepared","Finisher","Underhanded Strike+1"],"picked":"SKIP","floor":31.0},{"not_picked":["Wraith Form v2","Corpse Explosion"],"picked":"Night Terror","floor":33.0},{"not_picked":["PiercingWail","Deflect","Distraction+1"],"picked":"SKIP","floor":35.0},{"not_picked":["Outmaneuver","Eviscerate","Bane+1"],"picked":"SKIP","floor":39.0},{"not_picked":["Outmaneuver","Eviscerate","Bane+1"],"picked":"SKIP","floor":39.0},{"not_picked":["Underhanded Strike+1","Dodge and Roll+1"],"picked":"Backflip","floor":40.0},{"not_picked":["Glass Knife","Poisoned Stab","Deflect+1"],"picked":"SKIP","floor":41.0},{"not_picked":["Sucker Punch+1","Flying Knee+1"],"picked":"Acrobatics+1","floor":45.0},{"not_picked":["Bandage Up","Secret Weapon"],"picked":"Blind","floor":48.0}],"player_experience":98230,"relics_obtained":[{"floor":6.0,"key":"Bottled Tornado"},{"floor":8.0,"key":"Dream Catcher"},{"floor":9.0,"key":"Gremlin Horn"},{"floor":10.0,"key":"Anchor"},{"floor":12.0,"key":"Orichalcum"},{"floor":22.0,"key":"Darkstone Periapt"},{"floor":23.0,"key":"Blood Vial"},{"floor":26.0,"key":"Lantern"},{"floor":27.0,"key":"WingedGreaves"},{"floor":40.0,"key":"Vajra"},{"floor":43.0,"key":"Juzu Bracelet"},{"floor":44.0,"key":"Pocketwatch"}],"event_choices":[{"damage_healed":0.0,"max_hp_gain":0.0,"max_hp_loss":0.0,"gold_gain":0.0,"event_name":"WeMeetAgain","player_choice":"Paid Gold","floor":2.0,"gold_loss":53.0,"damage_taken":0.0,"relics_obtained":["Pantograph"]},{"damage_healed":0.0,"max_hp_gain":0.0,"max_hp_loss":0.0,"gold_gain":0.0,"event_name":"Back to Basics","player_choice":"Simplicity","floor":19.0,"gold_loss":0.0,"damage_taken":0.0,"cards_upgraded":["Strike_G","Strike_G","Strike_G","Strike_G","Defend_G","Defend_G","Defend_G","Defend_G","Defend_G"]},{"cards_removed":["Strike_G"],"damage_healed":0.0,"max_hp_gain":0.0,"max_hp_loss":0.0,"gold_gain":0.0,"event_name":"Beggar","player_choice":"Gave Gold","floor":20.0,"gold_loss":75.0,"damage_taken":0.0},{"damage_healed":0.0,"max_hp_gain":0.0,"max_hp_loss":0.0,"gold_gain":0.0,"event_name":"MindBloom","player_choice":"Upgrade","floor":36.0,"gold_loss":0.0,"damage_taken":0.0,"cards_upgraded":["Survivor","Neutralize","After Image","Backflip","Die Die Die","Bouncing Flask","Dagger Throw","Deflect","Noxious Fumes","Blade Dance","Cloak And Dagger","Bullet Time","Infinite Blades","PiercingWail","Cloak And Dagger","Night Terror"],"relics_obtained":["Mark of the Bloom"]},{"damage_healed":0.0,"max_hp_gain":0.0,"max_hp_loss":0.0,"gold_gain":0.0,"event_name":"Tomb of Lord Red Mask","player_choice":"Paid","floor":38.0,"gold_loss":72.0,"damage_taken":0.0,"relics_obtained":["Red Mask"]},{"damage_healed":0.0,"max_hp_gain":0.0,"max_hp_loss":0.0,"gold_gain":0.0,"event_name":"Mysterious Sphere","player_choice":"Fight","floor":44.0,"gold_loss":0.0,"damage_taken":0.0},{"damage_healed":0.0,"max_hp_gain":0.0,"max_hp_loss":4.0,"gold_gain":0.0,"event_name":"Winding Halls","player_choice":"Max HP","floor":47.0,"gold_loss":0.0,"damage_taken":0.0},{"damage_healed":0.0,"max_hp_gain":0.0,"max_hp_loss":0.0,"gold_gain":0.0,"event_name":"SensoryStone","player_choice":"Memory 1","floor":48.0,"gold_loss":0.0,"damage_taken":0.0}],"is_beta":false,"boss_relics":[{"not_picked":["Black Star","HoveringKite"],"picked":"Cursed Key"},{"not_picked":["Tiny House","Fusion Hammer"],"picked":"Ring of the Serpent"}],"items_purged_floors":[11,29,37,46],"is_endless":false,"potions_floor_spawned":[4,5,6,10,14,21,33,35,39,41,45],"ascension_level":3}