{"gold_per_floor":[112,122,68,83,97,97,128,128,128,61,8,8,18,37,37,141,141,156,30,30,42,58,58,158,257,257,274,285,299,299,316,316,414,414,426,442,342,358,358,358,358,377,377,388,388,403,403,437,437,437],"floor_reached":51,"playtime":2707,"items_purged":["Strike_R","Strike_R"],"score":735,"play_id":"647da4f0-21c2-486f-93f8-3917c7571b85","local_time":"20180922203454","is_ascension_mode":false,"campfire_choices":[{"data":"Bash","floor":6.0,"key":"SMITH"},{"data":"Limit Break","floor":12.0,"key":"SMITH"},{"data":"Uppercut","floor":15.0,"key":"SMITH"},{"data":"True Grit","floor":23.0,"key":"SMITH"},{"floor":30.0,"key":"REST"},{"floor":32.0,"key":"REST"},{"data":"True Grit","floor":41.0,"key":"SMITH"},{"floor":45,"key":"REST"},{"floor":49,"key":"REST"}],"neow_cost":"NONE","seed_source_timestamp":87653684904420,"circlet_count":0,"master_deck":["Strike_R","Strike_R","Defend_R","Defend_R","Defend_R","Defend_R","Bash+1","Cleave","Twin Strike","Shrug It Off","Shrug It Off","Ghostly Armor","Limit Break+1","Inflame","Flex","Metallicize","Uppercut+1","Demon Form+1","Flame Barrier+1","True Grit+1","Body Slam","True Grit+1","Metallicize","Flame Barrier","Flex","Dropkick","Limit Break","True Grit","Dropkick+1","Body Slam+1","Armaments+1","Uppercut+1","Shockwave"],"special_seed":0,"relics":["Burning Blood","NeowsBlessing","Lantern","Gremlin Horn","Mark of Pain","Peace Pipe","Shuriken","Oddly Smooth Stone","Cursed Key","Letter Opener"],"potions_floor_usage":[44,50,50,50],"damage_taken":[{"damage":0.0,"enemies":"Cultist","floor":1.0,"turns":1.0},{"damage":0.0,"enemies":"Small Slimes","floor":2.0,"turns":1.0},{"damage":0.0,"enemies":"Jaw Worm","floor":4.0,"turns":1.0},{"damage":1.0,"enemies":"2 Fungi Beasts","floor":5.0,"turns":4.0},{"damage":20.0,"enemies":"Gremlin Nob","floor":7.0,"turns":4.0},{"damage":9.0,"enemies":"Large Slime","floor":13.0,"turns":7.0},{"damage":0.0,"enemies":"Exordium Wildlife","floor":14.0,"turns":3.0},{"damage":0.0,"enemies":"Slime Boss","floor":16.0,"turns":8.0},{"damage":2.0,"enemies":"Chosen","floor":18.0,"turns":4.0},{"damage":13.0,"enemies":"Spheric Guardian","floor":21.0,"turns":5.0},{"damage":1.0,"enemies":"Centurion and Healer","floor":22.0,"turns":6.0},{"damage":5.0,"enemies":"Colosseum Slavers","floor":24.0,"turns":6.0},{"damage":79.0,"enemies":"Colosseum Nobs","floor":24.0,"turns":6.0},{"damage":7.0,"enemies":"3 Cultists","floor":27.0,"turns":7.0},{"damage":4.0,"enemies":"Shelled Parasite and Fungi","floor":28.0,"turns":6.0},{"damage":12.0,"enemies":"Snake Plant","floor":29.0,"turns":5.0},{"damage":16.0,"enemies":"Centurion and Healer","floor":31.0,"turns":8.0},{"damage":39.0,"enemies":"Automaton","floor":33.0,"turns":11.0},{"damage":13.0,"enemies":"Orb Walker","floor":35.0,"turns":5.0},{"damage":25.0,"enemies":"3 Darklings","floor":36.0,"turns":6.0},{"damage":11.0,"enemies":"Spire Growth","floor":38.0,"turns":5.0},{"damage":0.0,"enemies":"Maw","floor":40.0,"turns":1.0},{"damage":44.0,"enemies":"Transient","floor":42.0,"turns":5.0},{"damage":2,"enemies":"4 Shapes","floor":44,"turns":7},{"damage":0,"enemies":"Sphere and 2 Shapes","floor":46,"turns":7},{"damage":33,"enemies":"Nemesis","floor":48,"turns":7},{"damage":18,"enemies":"Time Eater","floor":50,"turns":8}],"seed_played":"6486455249756331801","potions_obtained":[{"floor":1.0,"key":"BloodPotion"},{"floor":4.0,"key":"Poison Potion"},{"floor":5.0,"key":"Weak Potion"},{"floor":13.0,"key":"PowerPotion"},{"floor":22.0,"key":"PowerPotion"},{"floor":24.0,"key":"Poison Potion"},{"floor":27.0,"key":"Regen Potion"},{"floor":29.0,"key":"Weak Potion"},{"floor":38.0,"key":"Dexterity Potion"},{"floor":39.0,"key":"Ancient Potion"},{"floor":39.0,"key":"SmokeBomb"},{"floor":42.0,"key":"Fire Potion"},{"floor":48,"key":"Dexterity Potion"}],"is_trial":false,"path_per_floor":["M","M","$","M","M","R","E","?","T","$","$","R","M","M","R","B",null,"M","$","?","M","M","R","?","?","T","M","M","M","R","M","R","B",null,"M","M","$","M","?","M","R","M","T","M","R","M","?","E","R","B"],"character_chosen":"IRONCLAD","items_purchased":["Shrug It Off","Inflame","Flex","True Grit"],"campfire_rested":4,"item_purchase_floors":[3,10,11,19],"current_hp_per_floor":[80,80,80,80,80,80,66,59,59,59,59,59,56,62,62,68,80,80,80,80,73,78,78,14,14,14,13,30,24,48,38,62,29,80,73,54,54,49,49,55,55,17,17,21,45,51,51,24,48,36],"gold":437,"neow_bonus":"THREE_ENEMY_KILL","is_prod":false,"is_daily":false,"chose_seed":false,"campfire_upgraded":5,"win_rate":1,"timestamp":1537616094,"path_taken":["M","M","$","M","?","R","E","?","T","?","$","R","M","M","R","BOSS","M","$","?","M","M","R","?","?","T","M","M","?","R","M","R","BOSS","M","?","$","M","?","M","R","M","T","?","R","M","?","E","R","BOSS"],"build_version":"2018-09-20","purchased_purges":2,"victory":true,"max_hp_per_floor":[80,80,80,80,80,80,80,80,80,80,80,80,80,80,80,80,80,80,80,80,80,80,80,80,80,80,80,80,80,80,80,80,80,80,80,80,80,80,80,80,80,80,80,80,80,80,80,80,80,80],"card_choices":[{"not_picked":["Sever Soul","Rage"],"picked":"Cleave","floor":1.0},{"not_picked":["Blood for Blood","Clothesline"],"picked":"Twin Strike","floor":2.0},{"not_picked":["Heavy Blade","Clash"],"picked":"Shrug It Off","floor":4.0},{"not_picked":["Headbutt","Flex"],"picked":"Ghostly Armor","floor":5.0},{"not_picked":["Cleave","Pommel Strike"],"picked":"Limit Break","floor":7.0},{"not_picked":["Perfected Strike","Cleave"],"picked":"Metallicize","floor":13.0},{"not_picked":["Combust","Armaments"],"picked":"Uppercut","floor":14.0},{"not_picked":["Bludgeon","Berserk"],"picked":"Demon Form","floor":16.0},{"not_picked":["Iron Wave","Fire Breathing+1"],"picked":"Flame Barrier+1","floor":18.0},{"not_picked":["Anger","Cleave+1"],"picked":"Body Slam","floor":21.0},{"not_picked":["Hemokinesis","Thunderclap"],"picked":"True Grit","floor":22.0},{"not_picked":["Inflame+1","Pommel Strike+1"],"picked":"Metallicize","floor":24.0},{"not_picked":["Heavy Blade","Pummel","Cleave"],"picked":"SKIP","floor":27.0},{"not_picked":["Intimidate","Sword Boomerang+1"],"picked":"Flame Barrier","floor":28.0},{"not_picked":["Clothesline+1","Seeing Red+1"],"picked":"Flex","floor":29.0},{"not_picked":["True Grit","Seeing Red"],"picked":"Dropkick","floor":31.0},{"not_picked":["Fiend Fire","Bludgeon"],"picked":"Limit Break","floor":33.0},{"not_picked":["Sword Boomerang","Flex"],"picked":"True Grit","floor":35.0},{"not_picked":["Rampage+1","Headbutt"],"picked":"Dropkick+1","floor":36.0},{"not_picked":["Second Wind","Perfected Strike+1"],"picked":"Body Slam+1","floor":38.0},{"not_picked":["Inflame+1","Burning Pact+1"],"picked":"Armaments+1","floor":42.0},{"not_picked":["Rage+1","Perfected Strike+1"],"picked":"Uppercut+1","floor":44},{"not_picked":["Dropkick","Infernal Blade+1"],"picked":"Shockwave","floor":46},{"not_picked":["Entrench","Sword Boomerang","Corruption"],"picked":"SKIP","floor":48}],"player_experience":19602,"relics_obtained":[{"floor":7.0,"key":"Lantern"},{"floor":9.0,"key":"Gremlin Horn"},{"floor":24.0,"key":"Peace Pipe"},{"floor":24.0,"key":"Shuriken"},{"floor":26.0,"key":"Oddly Smooth Stone"},{"floor":48,"key":"Letter Opener"}],"event_choices":[{"event_name":"Golden Wing","player_choice":"Card Removal","floor":8.0,"damage_taken":0.0},{"event_name":"Beggar","player_choice":"Ignored","floor":20.0,"damage_taken":0.0},{"event_name":"Colosseum","player_choice":"Fight","floor":24.0,"damage_taken":0.0},{"event_name":"Colosseum","player_choice":"Fought Nobs","floor":24.0,"damage_taken":0.0},{"event_name":"Nest","player_choice":"Stole From Cult","floor":25.0,"damage_taken":0.0},{"event_name":"The Lab","player_choice":"Got Potions","floor":39.0,"damage_taken":0.0},{"event_name":"Accursed Blacksmith","player_choice":"Forge","floor":47,"damage_taken":0}],"is_beta":false,"boss_relics":[{"not_picked":["White Beast Statue","Eternal Feather"],"picked":"Mark of Pain"},{"not_picked":["Runic Dome","Black Star"],"picked":"Cursed Key"}],"items_purged_floors":[19,37],"is_endless":false,"potions_floor_spawned":[1,4,5,13,22,24,24,27,29,38,42,48],"ascension_level":0}