{"gold_per_floor":[110,130,205,1,17,17,35,35,35,51,378,389,402,430,430,533,533,544,525,44,44,44,54,54,66,66,66,66,82,82,101,101,205,205,216,227,227,254,254,254,268,268,318,328,26,26,26,42,42,42],"floor_reached":50,"playtime":3970,"items_purged":["Strike_R"],"score":531,"play_id":"1d6399c5-279a-4c08-82e3-9ab5204f9b91","local_time":"20181028100046","is_ascension_mode":false,"campfire_choices":[{"data":"Bash","floor":6.0,"key":"SMITH"},{"data":"True Grit","floor":15.0,"key":"SMITH"},{"floor":24.0,"key":"REST"},{"floor":30.0,"key":"REST"},{"floor":32.0,"key":"REST"},{"data":"Demon Form","floor":40.0,"key":"SMITH"},{"data":"Disarm","floor":42.0,"key":"SMITH"},{"floor":49.0,"key":"REST"}],"neow_cost":"NONE","seed_source_timestamp":0,"circlet_count":0,"master_deck":["Strike_R","Strike_R","Defend_R","Defend_R+1","Defend_R","Defend_R","Bash+1","Cleave","Thunderclap","Carnage","Pommel Strike","Clash","Seeing Red","Uppercut","Ghostly Armor","Warcry+1","Demon Form+1","True Grit+1","Reaper","Shrug It Off","Disarm+1","Body Slam","Metallicize","Flex","Armaments+1","True Grit+1","Twin Strike","Clash+1","Clash+1","Clash","True Grit+1","Impervious+1","Dual Wield+1","Whirlwind+1","Juggernaut","Rampage","Metamorphosis+1","Clash+1"],"special_seed":0,"relics":["Burning Blood","Vajra","Champion Belt","Old Coin","Boot","Orrery","Toxic Egg 2","OrangePellets","War Paint","The Courier","Sozu","Red Skull","PreservedInsect","Happy Flower"],"potions_floor_usage":[],"damage_taken":[{"damage":12.0,"enemies":"Jaw Worm","floor":1.0,"turns":4.0},{"damage":0.0,"enemies":"Small Slimes","floor":2.0,"turns":2.0},{"damage":0.0,"enemies":"Cultist","floor":5.0,"turns":2.0},{"damage":0.0,"enemies":"2 Fungi Beasts","floor":7.0,"turns":2.0},{"damage":2.0,"enemies":"Blue Slaver","floor":10.0,"turns":2.0},{"damage":26.0,"enemies":"Lagavulin","floor":11.0,"turns":4.0},{"damage":1.0,"enemies":"3 Louse","floor":12.0,"turns":3.0},{"damage":0.0,"enemies":"2 Fungi Beasts","floor":13.0,"turns":2.0},{"damage":21.0,"enemies":"3 Sentries","floor":14.0,"turns":5.0},{"damage":32.0,"enemies":"The Guardian","floor":16.0,"turns":11.0},{"damage":19.0,"enemies":"3 Byrds","floor":18.0,"turns":6.0},{"damage":15.0,"enemies":"2 Thieves","floor":19.0,"turns":5.0},{"damage":35.0,"enemies":"3 Cultists","floor":23.0,"turns":7.0},{"damage":41.0,"enemies":"Sentry and Sphere","floor":25.0,"turns":10.0},{"damage":18.0,"enemies":"Cultist and Chosen","floor":29.0,"turns":9.0},{"damage":15.0,"enemies":"Snecko","floor":31.0,"turns":5.0},{"damage":38.0,"enemies":"Champ","floor":33.0,"turns":20.0},{"damage":2.0,"enemies":"3 Shapes","floor":35.0,"turns":5.0},{"damage":28.0,"enemies":"3 Darklings","floor":36.0,"turns":11.0},{"damage":28.0,"enemies":"Writhing Mass","floor":41.0,"turns":7.0},{"damage":5.0,"enemies":"Jaw Worm Horde","floor":44.0,"turns":7.0},{"damage":21.0,"enemies":"Spire Growth","floor":48.0,"turns":4.0},{"damage":94,"enemies":"Donu and Deca","floor":50,"turns":8}],"seed_played":"-2078149128606612331","potions_obtained":[{"floor":2.0,"key":"SpeedPotion"},{"floor":7.0,"key":"Poison Potion"},{"floor":10.0,"key":"EssenceOfSteel"},{"floor":13.0,"key":"SteroidPotion"},{"floor":25.0,"key":"Poison Potion"},{"floor":29.0,"key":"Energy Potion"}],"is_trial":false,"path_per_floor":["M","M","?","$","M","R","M","?","T","M","E","M","M","E","R","B",null,"M","M","$","?","?","M","R","M","T","?","?","M","R","M","R","B",null,"M","M","?","T","?","R","M","R","T","M","$","?","$","M","R"],"character_chosen":"IRONCLAD","items_purchased":["Vajra","Pommel Strike","Toxic Egg 2","OrangePellets","True Grit+1","Happy Flower","Juggernaut","Rampage"],"campfire_rested":4,"item_purchase_floors":[4,4,20,20,20,45,45,45],"current_hp_per_floor":[74,80,69,69,75,75,80,80,80,80,60,65,71,56,56,30,80,67,58,58,58,43,29,54,25,25,25,25,23,48,39,64,32,85,85,85,85,85,81,81,59,59,59,68,68,68,68,60,81,0],"gold":42,"neow_bonus":"THREE_CARDS","is_prod":false,"is_daily":false,"chose_seed":false,"campfire_upgraded":4,"win_rate":0,"timestamp":1540688446,"path_taken":["M","M","?","$","M","R","M","?","T","M","E","M","M","E","R","BOSS","M","M","$","?","?","M","R","M","T","?","?","M","R","M","R","BOSS","M","M","?","?","?","R","?","R","T","M","$","?","$","M","R","BOSS"],"build_version":"2018-10-25v2","purchased_purges":1,"victory":false,"max_hp_per_floor":[80,80,80,80,80,80,80,80,80,80,80,80,80,80,80,80,80,80,80,80,80,85,85,85,85,85,85,85,85,85,85,85,85,85,85,85,85,85,81,81,81,81,81,81,81,81,81,81,81,81],"card_choices":[{"not_picked":["Ghostly Armor","Clash"],"picked":"Cleave","floor":0.0},{"not_picked":["Evolve","Body Slam"],"picked":"Thunderclap","floor":1.0},{"not_picked":["Fire Breathing","Perfected Strike"],"picked":"Carnage","floor":2.0},{"not_picked":["Sword Boomerang","Fire Breathing"],"picked":"Clash","floor":5.0},{"not_picked":["Sword Boomerang","Flex"],"picked":"Seeing Red","floor":7.0},{"not_picked":["Heavy Blade","Twin Strike"],"picked":"Uppercut","floor":10.0},{"not_picked":["Hemokinesis","Perfected Strike"],"picked":"Ghostly Armor","floor":11.0},{"not_picked":["Heavy Blade","Clothesline"],"picked":"Warcry","floor":12.0},{"not_picked":["Dropkick","Pummel"],"picked":"Demon Form","floor":13.0},{"not_picked":["Uppercut","Iron Wave"],"picked":"True Grit","floor":14.0},{"not_picked":["Exhume","Impervious"],"picked":"Reaper","floor":16.0},{"not_picked":["Wild Strike","Body Slam"],"picked":"Shrug It Off","floor":17.0},{"not_picked":["Havoc","Clash"],"picked":"Disarm","floor":17.0},{"not_picked":["Wild Strike","Havoc"],"picked":"Body Slam","floor":17.0},{"not_picked":["Carnage","Searing Blow"],"picked":"Metallicize","floor":17.0},{"not_picked":["True Grit","Juggernaut"],"picked":"Flex","floor":18.0},{"not_picked":["Second Wind+1","Flex"],"picked":"Armaments+1","floor":19.0},{"not_picked":["Power Through+1","Rage+1"],"picked":"Twin Strike","floor":23.0},{"not_picked":["Body Slam","Second Wind+1"],"picked":"Clash+1","floor":25.0},{"not_picked":["Headbutt","Cleave+1"],"picked":"Clash","floor":29.0},{"not_picked":["Twin Strike","Power Through+1"],"picked":"True Grit+1","floor":31.0},{"not_picked":["Double Tap+1","Brutality"],"picked":"Impervious+1","floor":33.0},{"not_picked":["Sword Boomerang","Thunderclap"],"picked":"Dual Wield+1","floor":35.0},{"not_picked":["Intimidate+1","Pommel Strike+1"],"picked":"Whirlwind+1","floor":36.0},{"not_picked":["Iron Wave+1","Headbutt+1","Feed"],"picked":"SKIP","floor":41.0},{"not_picked":["Armaments+1","Ghostly Armor+1","Pommel Strike"],"picked":"SKIP","floor":44.0},{"not_picked":["Dramatic Entrance","Forethought+1"],"picked":"Metamorphosis+1","floor":46.0},{"not_picked":["Pommel Strike","True Grit+1"],"picked":"Clash+1","floor":48.0}],"player_experience":348901,"relics_obtained":[{"floor":9.0,"key":"Champion Belt"},{"floor":11.0,"key":"Old Coin"},{"floor":14.0,"key":"Boot"},{"floor":26.0,"key":"The Courier"},{"floor":38.0,"key":"Red Skull"},{"floor":43.0,"key":"PreservedInsect"}],"event_choices":[{"damage_healed":0.0,"max_hp_gain":0.0,"max_hp_loss":0.0,"gold_gain":75.0,"event_name":"World of Goop","player_choice":"Gather Gold","floor":3.0,"gold_loss":0.0,"damage_taken":11.0},{"damage_healed":0.0,"max_hp_gain":0.0,"max_hp_loss":0.0,"gold_gain":0.0,"event_name":"Liars Game","player_choice":"Ignored","floor":8.0,"gold_loss":0.0,"damage_taken":0.0},{"damage_healed":0.0,"max_hp_gain":0.0,"max_hp_loss":0.0,"gold_gain":0.0,"event_name":"WeMeetAgain","player_choice":"Gave Potion","floor":21.0,"gold_loss":0.0,"damage_taken":0.0,"relics_obtained":["War Paint"]},{"damage_healed":0.0,"max_hp_gain":5.0,"max_hp_loss":0.0,"gold_gain":0.0,"event_name":"Forgotten Altar","player_choice":"Shed Blood","floor":22.0,"gold_loss":0.0,"damage_taken":20.0},{"cards_removed":["Strike_R"],"damage_healed":0.0,"max_hp_gain":0.0,"max_hp_loss":0.0,"gold_gain":0.0,"event_name":"Purifier","player_choice":"Purged","floor":27.0,"gold_loss":0.0,"damage_taken":0.0},{"damage_healed":0.0,"max_hp_gain":0.0,"max_hp_loss":0.0,"gold_gain":0.0,"event_name":"Duplicator","player_choice":"Copied","floor":28.0,"gold_loss":0.0,"damage_taken":0.0,"cards_obtained":["Clash"]},{"cards_removed":["Strike_R"],"damage_healed":0.0,"max_hp_gain":0.0,"max_hp_loss":0.0,"gold_gain":0.0,"event_name":"Purifier","player_choice":"Purged","floor":37.0,"gold_loss":0.0,"damage_taken":0.0},{"damage_healed":0.0,"max_hp_gain":0.0,"max_hp_loss":4.0,"gold_gain":0.0,"event_name":"Winding Halls","player_choice":"Max HP","floor":39.0,"gold_loss":0.0,"damage_taken":0.0},{"damage_healed":0.0,"max_hp_gain":0.0,"max_hp_loss":0.0,"gold_gain":0.0,"event_name":"SensoryStone","player_choice":"Memory 1","floor":46.0,"gold_loss":0.0,"damage_taken":0.0}],"is_beta":false,"boss_relics":[{"not_picked":["Lizard Tail","Black Star"],"picked":"Orrery"},{"not_picked":["Astrolabe","Empty Cage"],"picked":"Sozu"}],"items_purged_floors":[45],"is_endless":false,"potions_floor_spawned":[2,7,10,12,13,25,29,36,41,48],"killed_by":"Donu and Deca","ascension_level":0}