{"gold_per_floor":[119,119,119,138,156,187,215,227,264,289,311,333,375,412,424,531,543,573,585,614,642,112,112,140,140,188,188,188,98,116,128,128,233,233,247,247,261,277,82,82,116,171,171,204,214,214,246,259,259,259],"floor_reached":51,"playtime":7244,"items_purged":["Decay","Strike_G"],"score":898,"play_id":"433ef05f-5d09-492b-9bc7-bbc73bffb098","local_time":"20190823194812","is_ascension_mode":true,"campfire_choices":[{"floor":8.0,"key":"REST"},{"data":"Adrenaline","floor":15.0,"key":"SMITH"},{"floor":23,"key":"REST"},{"data":"Wraith Form v2","floor":32,"key":"SMITH"},{"data":"Well Laid Plans","floor":40,"key":"SMITH"},{"data":"1","floor":46,"key":"LIFT"},{"floor":49,"key":"REST"}],"neow_cost":"NONE","seed_source_timestamp":0,"circlet_count":0,"master_deck":["Strike_G","Strike_G+1","Strike_G+1","Defend_G","Defend_G","Defend_G","Defend_G","Survivor+1","Neutralize+1","Doppelganger","Flying Knee","Well Laid Plans+1","Bane","Blur","Blur","Crippling Poison+1","Adrenaline+1","Noxious Fumes","Dagger Throw","Wraith Form v2+1","Reflex","Calculated Gamble+1","Masterful Stab+1","Escape Plan","Escape Plan","Skewer","Footwork","Envenom","Burst","Backflip+1","Adrenaline+1","Panacea","Die Die Die","Footwork+1"],"special_seed":0,"relics":["Ring of the Snake","Vajra","MawBank","Whetstone","Ancient Tea Set","Black Star","Sundial","Dream Catcher","Potion Belt","Gremlin Horn","Matryoshka","Bag of Preparation","Centennial Puzzle","Regal Pillow","PreservedInsect","Busted Crown","Lantern","Tough Bandages","Girya","Shuriken","Blood Vial","Frozen Egg 2","Anchor","Oddly Smooth Stone"],"potions_floor_usage":[21,21,21,33,35,41,44,45,48,50,50,50,50,50],"damage_taken":[{"damage":5.0,"enemies":"Jaw Worm","floor":1.0,"turns":8.0},{"damage":3.0,"enemies":"2 Louse","floor":4.0,"turns":3.0},{"damage":7.0,"enemies":"Small Slimes","floor":5.0,"turns":4.0},{"damage":5.0,"enemies":"3 Sentries","floor":6.0,"turns":10.0},{"damage":0.0,"enemies":"Blue Slaver","floor":7.0,"turns":5.0},{"damage":1.0,"enemies":"2 Fungi Beasts","floor":10.0,"turns":4.0},{"damage":0.0,"enemies":"Looter","floor":11.0,"turns":3.0},{"damage":0.0,"enemies":"Red Slaver","floor":12.0,"turns":3.0},{"damage":0.0,"enemies":"Lagavulin","floor":14.0,"turns":5.0},{"damage":3.0,"enemies":"The Guardian","floor":16.0,"turns":9.0},{"damage":11.0,"enemies":"Chosen","floor":18.0,"turns":6.0},{"damage":9.0,"enemies":"2 Thieves","floor":20.0,"turns":5.0},{"damage":3,"enemies":"Snake Plant","floor":21,"turns":4},{"damage":30,"enemies":"Slavers","floor":24,"turns":6},{"damage":6,"enemies":"3 Cultists","floor":30,"turns":5},{"damage":12,"enemies":"Chosen and Byrds","floor":31,"turns":6},{"damage":12,"enemies":"Collector","floor":33,"turns":8},{"damage":7,"enemies":"3 Darklings","floor":35,"turns":4},{"damage":0,"enemies":"3 Shapes","floor":37,"turns":4},{"damage":0,"enemies":"Jaw Worm Horde","floor":38,"turns":5},{"damage":24,"enemies":"Nemesis","floor":41,"turns":7},{"damage":2,"enemies":"2 Orb Walkers","floor":42,"turns":6},{"damage":2,"enemies":"Giant Head","floor":44,"turns":9},{"damage":18,"enemies":"Spire Growth","floor":45,"turns":4},{"damage":12,"enemies":"Nemesis","floor":47,"turns":5},{"damage":0,"enemies":"4 Shapes","floor":48,"turns":2},{"damage":0,"enemies":"Awakened One","floor":50,"turns":12}],"seed_played":"-5780195870009781274","potions_obtained":[{"floor":4.0,"key":"EssenceOfSteel"},{"floor":5.0,"key":"PowerPotion"},{"floor":10.0,"key":"SteroidPotion"},{"floor":11.0,"key":"Block Potion"},{"floor":12.0,"key":"Energy Potion"},{"floor":16.0,"key":"Poison Potion"},{"floor":20.0,"key":"EntropicBrew"},{"floor":31,"key":"SpeedPotion"},{"floor":33,"key":"SkillPotion"},{"floor":35,"key":"Block Potion"},{"floor":41,"key":"EntropicBrew"},{"floor":42,"key":"SkillPotion"},{"floor":47,"key":"Ancient Potion"},{"floor":48,"key":"Ancient Potion"}],"is_trial":false,"path_per_floor":["M","?","?","M","M","E","M","R","T","M","M","M","?","E","R","B",null,"M","?","M","M","$","R","E","?","T","?","T","?","M","M","R","B",null,"M","?","M","M","$","R","E","?","T","E","M","R","E","M","R","B",null],"character_chosen":"THE_SILENT","items_purchased":["Escape Plan","Sundial","Dream Catcher","Panacea"],"campfire_rested":3,"item_purchase_floors":[22,22,22,39],"current_hp_per_floor":[65,40,26,23,16,11,11,32,32,31,31,31,31,31,31,28,70,59,59,50,47,47,68,38,38,38,38,38,38,32,20,20,8,70,63,63,63,63,63,63,39,37,37,35,19,19,9,11,47,49],"gold":259,"neow_bonus":"TRANSFORM_CARD","is_prod":false,"is_daily":false,"chose_seed":false,"campfire_upgraded":3,"win_rate":0,"timestamp":1566557292,"path_taken":["M","?","?","M","M","E","M","R","T","M","M","M","?","E","R","BOSS","M","?","M","?","$","R","E","?","T","?","?","?","M","M","R","BOSS","M","?","M","?","?","R","E","?","T","E","M","R","E","M","R","BOSS"],"build_version":"2019-07-17","purchased_purges":2,"victory":true,"max_hp_per_floor":[70,70,70,70,70,70,70,70,70,70,70,70,70,70,70,70,70,70,70,70,70,70,70,70,70,70,70,70,70,70,70,70,70,70,70,70,70,70,70,70,70,70,70,70,70,70,70,70,70,70],"card_choices":[{"not_picked":["Quick Slash","Slice"],"picked":"Flying Knee","floor":1.0},{"not_picked":["Deflect","PiercingWail"],"picked":"Well Laid Plans","floor":4.0},{"not_picked":["Caltrops","Eviscerate"],"picked":"Bane","floor":5.0},{"not_picked":["Heel Hook","Outmaneuver"],"picked":"Blur","floor":6.0},{"not_picked":["Calculated Gamble","Backflip"],"picked":"Blur","floor":7.0},{"not_picked":["Dagger Spray","Dodge and Roll"],"picked":"Crippling Poison","floor":10.0},{"not_picked":["Blade Dance","Poisoned Stab"],"picked":"Adrenaline","floor":11.0},{"not_picked":["Bane","Riddle With Holes"],"picked":"Noxious Fumes","floor":12.0},{"not_picked":["Dodge and Roll","Tactician"],"picked":"Dagger Throw","floor":14.0},{"not_picked":["Glass Knife","Envenom"],"picked":"Wraith Form v2","floor":16.0},{"not_picked":["Outmaneuver+1","Dagger Throw"],"picked":"Reflex","floor":18.0},{"not_picked":["Outmaneuver","Caltrops"],"picked":"Calculated Gamble+1","floor":20.0},{"not_picked":["Dagger Spray","Phantasmal Killer"],"picked":"Masterful Stab+1","floor":21},{"not_picked":["Finisher","Bane+1"],"picked":"Escape Plan","floor":23},{"not_picked":["Predator","Sucker Punch"],"picked":"Skewer","floor":24},{"not_picked":["Underhanded Strike","Dagger Throw","Dagger Spray"],"picked":"SKIP","floor":30},{"not_picked":["Flying Knee","Dash"],"picked":"Envenom","floor":31},{"not_picked":["Phantasmal Killer","Glass Knife"],"picked":"Burst","floor":33},{"not_picked":[],"picked":"Backflip+1","floor":35},{"not_picked":["Heel Hook"],"picked":"SKIP","floor":37},{"not_picked":["Dagger Spray+1"],"picked":"SKIP","floor":38},{"not_picked":[],"picked":"Die Die Die","floor":41},{"not_picked":["Deflect"],"picked":"SKIP","floor":44},{"not_picked":["Distraction+1"],"picked":"SKIP","floor":45},{"not_picked":["Backflip"],"picked":"SKIP","floor":47},{"not_picked":["Slice+1"],"picked":"SKIP","floor":48},{"not_picked":[],"picked":"Footwork+1","floor":49}],"player_experience":89307,"relics_obtained":[{"floor":6.0,"key":"MawBank"},{"floor":9.0,"key":"Whetstone"},{"floor":14.0,"key":"Ancient Tea Set"},{"floor":24,"key":"Potion Belt"},{"floor":24,"key":"Gremlin Horn"},{"floor":26,"key":"Bag of Preparation"},{"floor":26,"key":"Centennial Puzzle"},{"floor":28,"key":"Regal Pillow"},{"floor":28,"key":"PreservedInsect"},{"floor":41,"key":"Lantern"},{"floor":41,"key":"Tough Bandages"},{"floor":42,"key":"Girya"},{"floor":43,"key":"Shuriken"},{"floor":44,"key":"Blood Vial"},{"floor":44,"key":"Frozen Egg 2"},{"floor":47,"key":"Anchor"},{"floor":47,"key":"Oddly Smooth Stone"}],"event_choices":[{"damage_healed":0.0,"max_hp_gain":0.0,"max_hp_loss":0.0,"gold_gain":0.0,"event_name":"Scrap Ooze","player_choice":"Success","floor":2.0,"gold_loss":0.0,"damage_taken":25.0,"relics_obtained":["Vajra"]},{"damage_healed":0.0,"max_hp_gain":0.0,"max_hp_loss":0.0,"gold_gain":0.0,"event_name":"Shining Light","player_choice":"Entered Light","floor":3.0,"gold_loss":0.0,"damage_taken":14.0,"cards_upgraded":["Neutralize","Survivor"]},{"damage_healed":0.0,"max_hp_gain":0.0,"max_hp_loss":0.0,"gold_gain":30.0,"event_name":"Dead Adventurer","player_choice":"Searched \u00272\u0027 times","floor":13.0,"gold_loss":0.0,"damage_taken":0.0},{"damage_healed":0.0,"max_hp_gain":0.0,"max_hp_loss":0.0,"gold_gain":0.0,"event_name":"Wheel of Change","player_choice":"Cursed","floor":19.0,"gold_loss":0.0,"damage_taken":0.0,"cards_obtained":["Decay"]},{"damage_healed":0,"gold_gain":0,"player_choice":"Opened","damage_taken":0,"relics_obtained":["Matryoshka"],"max_hp_gain":0,"max_hp_loss":0,"event_name":"The Mausoleum","floor":25,"gold_loss":0},{"damage_healed":0,"gold_gain":0,"player_choice":"Read","damage_taken":0,"max_hp_gain":0,"max_hp_loss":0,"event_name":"The Library","floor":27,"gold_loss":0,"cards_obtained":["Footwork"]},{"cards_removed":["Defend_G"],"damage_healed":0,"gold_gain":0,"player_choice":"Upgrade and Remove","damage_taken":0,"max_hp_gain":0,"max_hp_loss":0,"event_name":"Designer","floor":29,"gold_loss":90,"cards_upgraded":["Crippling Poison"]},{"damage_healed":0,"gold_gain":0,"player_choice":"Copied","damage_taken":0,"max_hp_gain":0,"max_hp_loss":0,"event_name":"Duplicator","floor":36,"gold_loss":0,"cards_obtained":["Adrenaline"]},{"damage_healed":0,"gold_gain":0,"player_choice":"Fight","damage_taken":0,"max_hp_gain":0,"max_hp_loss":0,"event_name":"Mysterious Sphere","floor":42,"gold_loss":0}],"is_beta":false,"boss_relics":[{"not_picked":["Runic Dome","Sozu"],"picked":"Black Star"},{"not_picked":["Cursed Key","Fusion Hammer"],"picked":"Busted Crown"}],"items_purged_floors":[22,39],"is_endless":false,"potions_floor_spawned":[4,5,10,11,12,16,20,31,33,35,41,42,47,48],"ascension_level":2}