{"gold_per_floor":[112,129,143,15,26,26,26,26,26,53,73,73,84,99,99,201,201,216,191,191,191,204,221,221,4,4,4,4,23,35,47,47,152,152,165,165,40,40,59,59,69,87,87,100,100,61,61,78,78,78],"floor_reached":51,"playtime":3297,"items_purged":["Strike_R","Strike_R","Strike_R"],"score":655,"play_id":"c547aacd-58a2-402c-9e24-a558500c7e6a","local_time":"20181025212242","is_ascension_mode":false,"campfire_choices":[{"data":"Bash","floor":6,"key":"SMITH"},{"data":"True Grit","floor":12,"key":"SMITH"},{"data":"True Grit","floor":15,"key":"SMITH"},{"data":"Barricade","floor":24,"key":"SMITH"},{"data":"Clothesline","floor":27,"key":"SMITH"},{"data":"Entrench","floor":32,"key":"SMITH"},{"data":"Feel No Pain","floor":40,"key":"SMITH"},{"data":"Feel No Pain","floor":45,"key":"SMITH"},{"data":"Feel No Pain","floor":47,"key":"SMITH"},{"floor":49,"key":"REST"}],"neow_cost":"NONE","seed_source_timestamp":764613542884706,"circlet_count":0,"master_deck":["Defend_R","Defend_R","Defend_R","Defend_R","Bash+1","Twin Strike","Pummel","Wild Strike","True Grit+1","Armaments+1","Evolve","Feed","True Grit","True Grit+1","Barricade+1","Feel No Pain+1","Dropkick","Clothesline+1","Shrug It Off","Jack Of All Trades","Feel No Pain+1","Reckless Charge","Entrench+1","Warcry","Immolate","Evolve+1","Fiend Fire","Burning Pact","Feel No Pain+1","Pommel Strike+1"],"relics":["Burning Blood","Dream Catcher","Paper Frog","Sozu","Question Card","Velvet Choker","WingedGreaves"],"potions_floor_usage":[13,19,19,50],"damage_taken":[{"damage":6,"enemies":"2 Louse","floor":1,"turns":3},{"damage":0,"enemies":"Small Slimes","floor":2,"turns":3},{"damage":3,"enemies":"Jaw Worm","floor":3,"turns":5},{"damage":1,"enemies":"3 Louse","floor":5,"turns":4},{"damage":11,"enemies":"Gremlin Nob","floor":10,"turns":3},{"damage":5,"enemies":"Looter","floor":11,"turns":2},{"damage":9,"enemies":"Exordium Wildlife","floor":13,"turns":2},{"damage":4,"enemies":"Blue Slaver","floor":14,"turns":5},{"damage":66,"enemies":"The Guardian","floor":16,"turns":22},{"damage":8,"enemies":"Shell Parasite","floor":18,"turns":7},{"damage":30,"enemies":"2 Thieves","floor":19,"turns":5},{"damage":20,"enemies":"Centurion and Healer","floor":22,"turns":9},{"damage":1,"enemies":"Chosen and Byrds","floor":23,"turns":9},{"damage":9,"enemies":"Snake Plant","floor":29,"turns":8},{"damage":0,"enemies":"Snecko","floor":30,"turns":7},{"damage":20,"enemies":"Sentry and Sphere","floor":31,"turns":11},{"damage":41,"enemies":"Collector","floor":33,"turns":21},{"damage":15,"enemies":"3 Darklings","floor":35,"turns":6},{"damage":0,"enemies":"3 Shapes","floor":39,"turns":6},{"damage":32,"enemies":"Transient","floor":41,"turns":5},{"damage":3,"enemies":"4 Shapes","floor":42,"turns":5},{"damage":16,"enemies":"3 Darklings","floor":44,"turns":7},{"damage":16,"enemies":"Transient","floor":48,"turns":5},{"damage":47,"enemies":"Donu and Deca","floor":50,"turns":17}],"seed_played":"-8696431353695993149","potions_obtained":[{"floor":5,"key":"SteroidPotion"},{"floor":10,"key":"Poison Potion"},{"floor":11,"key":"EssenceOfSteel"},{"floor":16,"key":"Regen Potion"}],"is_trial":false,"path_per_floor":["M","M","M","$","M","R","?","?","T","E","M","R","M","M","R","B",null,"M","M","?","?","M","M","R","$","T","R","?","M","M","M","R","B",null,"M","?","$","?","M","R","M","M","T","M","R","$","R","M","R","B"],"character_chosen":"IRONCLAD","items_purchased":["True Grit","Shrug It Off","Jack Of All Trades","Feel No Pain"],"campfire_rested":1,"item_purchase_floors":[4,25,25,46],"current_hp_per_floor":[80,80,80,80,80,80,73,73,73,68,69,69,66,72,72,16,88,89,77,77,77,63,68,68,68,68,68,68,69,78,68,68,37,106,97,97,97,97,104,104,78,84,84,74,74,74,74,64,96,55],"gold":78,"neow_bonus":"REMOVE_CARD","is_prod":false,"is_daily":false,"chose_seed":false,"campfire_upgraded":9,"win_rate":0,"timestamp":1540470162,"path_taken":["M","M","M","$","M","R","?","?","T","E","M","R","M","M","R","BOSS","M","M","?","?","M","M","R","$","T","R","?","M","M","M","R","BOSS","M","?","?","?","M","R","M","?","T","M","R","$","R","?","R","BOSS"],"build_version":"2018-10-18","purchased_purges":3,"victory":true,"max_hp_per_floor":[80,80,80,80,80,80,80,80,80,80,80,80,80,84,84,88,88,91,91,91,91,91,91,91,91,91,91,91,95,98,102,102,106,106,106,101,101,101,104,104,104,107,107,107,107,107,107,107,107,107],"card_choices":[{"not_picked":["Havoc","Uppercut"],"picked":"Twin Strike","floor":1},{"not_picked":["Heavy Blade","Twin Strike"],"picked":"Pummel","floor":2},{"not_picked":["Dual Wield","Infernal Blade"],"picked":"Wild Strike","floor":3},{"not_picked":["Searing Blow","Warcry"],"picked":"Armaments","floor":5},{"not_picked":["Rampage","Clothesline"],"picked":"Evolve","floor":10},{"not_picked":["Warcry","Seeing Red"],"picked":"Feed","floor":11},{"not_picked":["Pommel Strike","Clash"],"picked":"True Grit","floor":13},{"not_picked":["Reckless Charge","Thunderclap"],"picked":"True Grit","floor":14},{"not_picked":["Feed","Berserk"],"picked":"Barricade","floor":16},{"not_picked":["Clothesline","True Grit"],"picked":"Feel No Pain","floor":18},{"not_picked":["Cleave","True Grit"],"picked":"Dropkick","floor":19},{"not_picked":["Cleave","Flex","Combust"],"picked":"SKIP","floor":22},{"not_picked":["Carnage","Cleave"],"picked":"Clothesline","floor":23},{"not_picked":["Perfected Strike","Twin Strike+1","Sword Boomerang"],"picked":"Reckless Charge","floor":29},{"not_picked":["Wild Strike","Perfected Strike","Juggernaut"],"picked":"Entrench","floor":30},{"not_picked":["Shockwave","Headbutt","Anger"],"picked":"Warcry","floor":31},{"not_picked":["Reaper","Brutality","Juggernaut"],"picked":"Immolate","floor":33},{"not_picked":["Flame Barrier+1","Cleave","Thunderclap"],"picked":"Evolve+1","floor":35},{"not_picked":["Perfected Strike","Anger","Wild Strike","Twin Strike"],"picked":"SKIP","floor":39},{"not_picked":["Havoc","Twin Strike+1","Perfected Strike+1","Sword Boomerang+1"],"picked":"SKIP","floor":41},{"not_picked":["True Grit","Headbutt+1","Iron Wave"],"picked":"Fiend Fire","floor":42},{"not_picked":["Perfected Strike","Rupture","Blood for Blood"],"picked":"Burning Pact","floor":44},{"not_picked":["True Grit","Infernal Blade+1","Sentinel"],"picked":"Pommel Strike+1","floor":48}],"player_experience":325331,"relics_obtained":[{"floor":9,"key":"Dream Catcher"},{"floor":10,"key":"Paper Frog"},{"floor":26,"key":"Question Card"},{"floor":43,"key":"WingedGreaves"}],"event_choices":[{"cards_removed":["Strike_R"],"damage_healed":0,"gold_gain":0,"player_choice":"Card Removal","damage_taken":7,"max_hp_gain":0,"max_hp_loss":0,"event_name":"Golden Wing","floor":7,"gold_loss":0},{"damage_healed":0,"gold_gain":0,"player_choice":"Grow","damage_taken":0,"max_hp_gain":0,"max_hp_loss":0,"event_name":"Living Wall","floor":8,"gold_loss":0,"cards_upgraded":["Armaments"]},{"damage_healed":0,"gold_gain":0,"player_choice":"Bought 0 Potions","damage_taken":0,"max_hp_gain":0,"max_hp_loss":0,"event_name":"The Woman in Blue","floor":20,"gold_loss":0},{"damage_healed":0,"gold_gain":0,"player_choice":"Ignored","damage_taken":0,"max_hp_gain":0,"max_hp_loss":0,"event_name":"Ghosts","floor":21,"gold_loss":0},{"damage_healed":0,"gold_gain":0,"player_choice":"Copied","damage_taken":0,"max_hp_gain":0,"max_hp_loss":0,"event_name":"Duplicator","floor":28,"gold_loss":0,"cards_obtained":["Feel No Pain"]},{"damage_healed":0,"gold_gain":0,"player_choice":"Max HP","damage_taken":0,"max_hp_gain":0,"max_hp_loss":5,"event_name":"Winding Halls","floor":36,"gold_loss":0},{"damage_healed":0,"gold_gain":0,"player_choice":"Memory 1","damage_taken":0,"max_hp_gain":0,"max_hp_loss":0,"event_name":"SensoryStone","floor":38,"gold_loss":0}],"is_beta":false,"boss_relics":[{"not_picked":["Ectoplasm","Cursed Key"],"picked":"Sozu"},{"not_picked":["Eternal Feather","Runic Pyramid"],"picked":"Velvet Choker"}],"items_purged_floors":[4,25,37],"is_endless":false,"potions_floor_spawned":[5,10,11,16,22,29,31,35,41],"ascension_level":0}