{"gold_per_floor":[111,125,125,144,66,66,95,108,108,122,145,159,189,189,189,290,290,302,321,321,341,341,341,341,359,386,386,6,6,6,22,22,22],"floor_reached":33,"playtime":2212,"items_purged":[],"score":257,"play_id":"b20d354d-96fc-4e22-9490-86861f42f5fc","local_time":"20190901000335","is_ascension_mode":false,"campfire_choices":[{"data":"Armaments","floor":6,"key":"SMITH"},{"floor":15,"key":"REST"},{"floor":23,"key":"REST"},{"floor":27,"key":"REST"},{"data":"Inflame","floor":30,"key":"SMITH"},{"floor":32,"key":"REST"}],"neow_cost":"NONE","seed_source_timestamp":642167469427620,"circlet_count":0,"master_deck":["Strike_R+1","Strike_R+1","Strike_R+1","Strike_R+1","Defend_R+1","Defend_R+1","Defend_R+1","Defend_R+1","Bash+1","Armaments+1","Inflame","Perfected Strike","Clash","Fiend Fire","Juggernaut","Flex+1","Heavy Blade","Decay","Shrug It Off+1","Spot Weakness+1","Inflame+1","Impervious+1"],"relics":["Burning Blood","Anchor","Vajra","Ancient Tea Set","Red Skull","Toxic Egg 2","Lizard Tail","War Paint","Brimstone"],"potions_floor_usage":[25,25,25],"damage_taken":[{"damage":0,"enemies":"Jaw Worm","floor":1,"turns":5},{"damage":0,"enemies":"Small Slimes","floor":2,"turns":3},{"damage":5,"enemies":"Cultist","floor":4,"turns":4},{"damage":31,"enemies":"Lagavulin","floor":7,"turns":8},{"damage":7,"enemies":"Large Slime","floor":8,"turns":8},{"damage":11,"enemies":"3 Louse","floor":10,"turns":4},{"damage":3,"enemies":"Lots of Slimes","floor":12,"turns":5},{"damage":37,"enemies":"3 Sentries","floor":13,"turns":8},{"damage":36,"enemies":"Hexaghost","floor":16,"turns":9},{"damage":19,"enemies":"Shell Parasite","floor":18,"turns":5},{"damage":33,"enemies":"3 Byrds","floor":19,"turns":8},{"damage":25,"enemies":"Shelled Parasite and Fungi","floor":21,"turns":4},{"damage":42,"enemies":"Sentry and Sphere","floor":25,"turns":6},{"damage":24,"enemies":"Snecko","floor":31,"turns":5},{"damage":81,"enemies":"Automaton","floor":33,"turns":6}],"seed_played":"-1403062411208209139","potions_obtained":[{"floor":8,"key":"AttackPotion"},{"floor":10,"key":"Strength Potion"},{"floor":16,"key":"LiquidBronze"}],"is_trial":false,"path_per_floor":["M","M","?","M","$","R","E","M","T","M","T","M","E","?","R","B",null,"M","M","?","M","?","R","?","M","T","R","$","?","R","M","R","B"],"character_chosen":"IRONCLAD","items_purchased":["Inflame","Spot Weakness+1","Inflame","Brimstone","EssenceOfSteel"],"campfire_rested":4,"item_purchase_floors":[5,28,28,28,28],"current_hp_per_floor":[80,80,80,80,80,80,55,54,54,49,49,52,21,21,45,15,80,67,40,40,21,21,45,37,46,46,70,70,70,70,52,76,0],"gold":22,"neow_bonus":"RANDOM_COMMON_RELIC","is_prod":false,"is_daily":false,"chose_seed":false,"campfire_upgraded":2,"win_rate":0.0,"timestamp":1567314215,"path_taken":["M","M","?","M","$","R","E","M","T","M","?","M","E","?","R","BOSS","M","?","?","M","?","R","?","?","T","R","$","?","R","M","R","BOSS"],"build_version":"2019-07-17","purchased_purges":0,"victory":false,"max_hp_per_floor":[80,80,80,80,80,80,80,80,80,80,80,80,80,80,80,80,80,80,80,80,80,80,80,80,80,80,80,80,80,80,80,80,80],"card_choices":[{"not_picked":["Cleave","Body Slam","Anger"],"picked":"SKIP","floor":1},{"not_picked":["Rupture","Intimidate","Havoc"],"picked":"SKIP","floor":2},{"not_picked":["Bloodletting","Havoc"],"picked":"Armaments","floor":4},{"not_picked":["Evolve","Entrench"],"picked":"Perfected Strike","floor":7},{"not_picked":["Havoc","Dual Wield","Anger"],"picked":"SKIP","floor":8},{"not_picked":["Body Slam","Rupture","Sword Boomerang"],"picked":"SKIP","floor":10},{"not_picked":["Iron Wave","Second Wind","Feed"],"picked":"SKIP","floor":12},{"not_picked":["Feel No Pain","Uppercut"],"picked":"Clash","floor":13},{"not_picked":["Double Tap+1","Bludgeon"],"picked":"Juggernaut","floor":16},{"not_picked":["Dropkick","Anger","Second Wind+1"],"picked":"SKIP","floor":18},{"not_picked":["Burning Pact+1","Thunderclap"],"picked":"Flex+1","floor":19},{"not_picked":["Dropkick+1","Headbutt"],"picked":"Heavy Blade","floor":21},{"not_picked":["Headbutt+1","Corruption+1"],"picked":"Shrug It Off+1","floor":25},{"not_picked":["True Grit+1","Flex+1"],"picked":"Impervious+1","floor":31}],"player_experience":63498,"relics_obtained":[{"floor":7,"key":"Vajra"},{"floor":9,"key":"Ancient Tea Set"},{"floor":11,"key":"Red Skull"},{"floor":13,"key":"Toxic Egg 2"},{"floor":26,"key":"War Paint"}],"event_choices":[{"damage_healed":0,"gold_gain":0,"player_choice":"Grow","damage_taken":0,"max_hp_gain":0,"max_hp_loss":0,"event_name":"Living Wall","floor":3,"gold_loss":0,"cards_upgraded":["Bash"]},{"damage_healed":0,"gold_gain":0,"cards_transformed":["Strike_R"],"player_choice":"Transformed","damage_taken":0,"max_hp_gain":0,"max_hp_loss":0,"event_name":"Transmorgrifier","floor":14,"gold_loss":0,"cards_obtained":["Fiend Fire"]},{"damage_healed":0,"gold_gain":0,"player_choice":"Simplicity","damage_taken":0,"max_hp_gain":0,"max_hp_loss":0,"event_name":"Back to Basics","floor":20,"gold_loss":0,"cards_upgraded":["Strike_R","Strike_R","Strike_R","Strike_R","Defend_R","Defend_R","Defend_R","Defend_R"]},{"damage_healed":0,"gold_gain":0,"player_choice":"Smashed Altar","damage_taken":0,"max_hp_gain":0,"max_hp_loss":0,"event_name":"Forgotten Altar","floor":22,"gold_loss":0,"cards_obtained":["Decay"]},{"damage_healed":0,"gold_gain":0,"player_choice":"Damaged","damage_taken":8,"max_hp_gain":0,"max_hp_loss":0,"event_name":"Wheel of Change","floor":24,"gold_loss":0},{"damage_healed":0,"gold_gain":0,"player_choice":"Ignored","damage_taken":0,"max_hp_gain":0,"max_hp_loss":0,"event_name":"Ghosts","floor":29,"gold_loss":0}],"is_beta":false,"boss_relics":[{"not_picked":["Empty Cage","Astrolabe"],"picked":"Lizard Tail"}],"items_purged_floors":[],"is_endless":false,"potions_floor_spawned":[8,10,16,19,21],"killed_by":"Automaton","ascension_level":0}