{"gold_per_floor":[114,11,26,41,41,41,216,118,143,153,153,169,197,217,217,315,365,382,407,372,297,312,312,312],"floor_reached":24,"playtime":1168,"items_purged":["Doubt"],"score":198,"play_id":"5f5d044d-5384-476c-a2d0-07f6f2586119","local_time":"20181006195215","is_ascension_mode":false,"campfire_choices":[{"data":"Bash","floor":6.0,"key":"SMITH"},{"data":"True Grit","floor":11.0,"key":"SMITH"},{"data":"Feel No Pain","floor":15.0,"key":"SMITH"},{"floor":23,"key":"REST"}],"neow_cost":"NONE","seed_source_timestamp":527570407397370,"circlet_count":0,"master_deck":["Strike_R","Strike_R+1","Strike_R","Defend_R","Defend_R","Defend_R","Defend_R","Bash+1","True Grit+1","Feel No Pain+1","Rampage","Twin Strike","Flex","Inflame","Shrug It Off","Body Slam","Warcry","Dual Wield","Intimidate","Impervious","Flame Barrier","Disarm","Dual Wield+1"],"special_seed":0,"relics":["Burning Blood","NeowsBlessing","Art of War","Turnip","Tiny House","Red Mask"],"potions_floor_usage":[16,16,19,20,22],"damage_taken":[{"damage":0.0,"enemies":"Cultist","floor":1.0,"turns":1.0},{"damage":0.0,"enemies":"Jaw Worm","floor":3.0,"turns":1.0},{"damage":0.0,"enemies":"2 Louse","floor":4.0,"turns":1.0},{"damage":2.0,"enemies":"Blue Slaver","floor":10.0,"turns":4.0},{"damage":24.0,"enemies":"Exordium Thugs","floor":12.0,"turns":7.0},{"damage":14.0,"enemies":"3 Sentries","floor":13.0,"turns":9.0},{"damage":21.0,"enemies":"Large Slime","floor":14.0,"turns":6.0},{"damage":53,"enemies":"Hexaghost","floor":16,"turns":10},{"damage":6,"enemies":"Chosen","floor":18,"turns":6},{"damage":58,"enemies":"Masked Bandits","floor":19,"turns":8},{"damage":12,"enemies":"2 Thieves","floor":20,"turns":5},{"damage":14,"enemies":"Chosen and Byrds","floor":22,"turns":14},{"damage":30,"enemies":"Book of Stabbing","floor":24,"turns":8}],"seed_played":"-5770510234924472654","potions_obtained":[{"floor":3.0,"key":"Regen Potion"},{"floor":10.0,"key":"LiquidBronze"},{"floor":12.0,"key":"Ancient Potion"},{"floor":16,"key":"Weak Potion"},{"floor":17,"key":"GamblersBrew"},{"floor":18,"key":"Fire Potion"},{"floor":19,"key":"LiquidBronze"}],"is_trial":false,"path_per_floor":["M","$","M","M","?","R","?","$","T","M","R","M","E","M","R","B",null,"M","?","M","?","M","R"],"character_chosen":"IRONCLAD","items_purchased":["Feel No Pain","Rampage","Shrug It Off"],"campfire_rested":1,"item_purchase_floors":[2,2,8],"current_hp_per_floor":[80,80,80,80,80,80,80,80,80,80,80,62,54,39,39,7,85,85,33,27,27,19,44,14],"gold":312,"neow_bonus":"THREE_ENEMY_KILL","is_prod":false,"is_daily":false,"chose_seed":false,"campfire_upgraded":3,"win_rate":1,"timestamp":1538823135,"path_taken":["M","?","M","?","?","R","?","$","T","M","R","M","E","M","R","BOSS","M","?","M","?","M","R","E"],"build_version":"2018-10-04v2","purchased_purges":1,"victory":false,"max_hp_per_floor":[80,80,80,80,80,80,80,80,80,80,80,80,80,80,80,80,85,85,85,85,85,85,85,85],"card_choices":[{"not_picked":["Armaments","Inflame"],"picked":"True Grit","floor":1.0},{"not_picked":["Reckless Charge","Rupture"],"picked":"Twin Strike","floor":3.0},{"not_picked":["Pommel Strike","Reckless Charge"],"picked":"Flex","floor":4.0},{"not_picked":["Burning Pact","Infernal Blade"],"picked":"Body Slam","floor":10.0},{"not_picked":["Havoc","Thunderclap"],"picked":"Warcry","floor":12.0},{"not_picked":["Wild Strike","Twin Strike"],"picked":"Dual Wield","floor":13.0},{"not_picked":["Rage","Perfected Strike"],"picked":"Intimidate","floor":14.0},{"not_picked":["Berserk","Brutality"],"picked":"Impervious","floor":16},{"not_picked":["Twin Strike","Iron Wave"],"picked":"Flame Barrier","floor":17},{"not_picked":["Flex+1","Battle Trance+1"],"picked":"Disarm","floor":18},{"not_picked":["Heavy Blade+1","Headbutt"],"picked":"Dual Wield+1","floor":20},{"not_picked":["Hemokinesis","Sword Boomerang+1","Body Slam"],"picked":"SKIP","floor":22}],"player_experience":136627,"relics_obtained":[{"floor":9.0,"key":"Art of War"},{"floor":13.0,"key":"Turnip"},{"floor":19,"key":"Red Mask"}],"event_choices":[{"event_name":"Transmorgrifier","player_choice":"Transform","floor":5.0,"damage_taken":0.0},{"event_name":"Liars Game","player_choice":"agreed","floor":7.0,"damage_taken":0.0},{"event_name":"Masked Bandits","player_choice":"Fought Bandits","floor":19,"damage_taken":0},{"event_name":"Beggar","player_choice":"Gave Gold","floor":21,"damage_taken":0}],"is_beta":false,"boss_relics":[{"not_picked":["Runic Cube","Fusion Hammer"],"picked":"Tiny House"}],"items_purged_floors":[8],"is_endless":false,"potions_floor_spawned":[3,10,12,16,18,19],"killed_by":"Book of Stabbing","ascension_level":0}