{"gold_per_floor":[111,1,1,17,33,58,58,71,125,125,157,30,42,61,61,157,157,174,197,17,36,56,56,32,32,32,42,42,42,17,17,17,113,113,131,52,68,79,98,98,108,8,8,23,23],"floor_reached":45,"playtime":2092,"items_purged":["Strike_B","Strike_B"],"score":452,"play_id":"b785b7e3-0887-42d0-817f-ab270a28e64f","local_time":"20181012214611","is_ascension_mode":false,"campfire_choices":[{"data":"Zap","floor":7.0,"key":"SMITH"},{"data":"Dualcast","floor":10.0,"key":"SMITH"},{"data":"Capacitor","floor":15.0,"key":"SMITH"},{"data":"Consume","floor":23.0,"key":"SMITH"},{"data":"Stack","floor":25.0,"key":"SMITH"},{"floor":32.0,"key":"REST"},{"floor":40,"key":"REST"}],"neow_cost":"NONE","seed_source_timestamp":154454854685521,"circlet_count":0,"master_deck":["Strike_B","Defend_B","Defend_B","Defend_B","Defend_B","Zap+1","Dualcast+1","Compile Driver","Undo","FTL","Chill","Stack+1","Turbo","Hologram","Capacitor+1","Auto Shields","Conserve Battery","Echo Form","Beam Cell","Melter","Consume+1","Gash","Leap","Sweeping Beam+1","Ball Lightning+1","Creative AI","Gash+1","Coolheaded","Stack","Gash+1","Defragment","FTL+1","Go for the Eyes+1","Leap","Conserve Battery","Steam+1"],"special_seed":0,"relics":["Cracked Core","NeowsBlessing","DataDisk","Tiny Chest","Boot","Runic Dome","Pen Nib","Molten Egg 2","Eternal Feather","Turnip"],"potions_floor_usage":[39,39,41,45,45],"damage_taken":[{"damage":0.0,"enemies":"2 Louse","floor":1.0,"turns":1.0},{"damage":0.0,"enemies":"Small Slimes","floor":4.0,"turns":1.0},{"damage":0.0,"enemies":"Cultist","floor":5.0,"turns":1.0},{"damage":11.0,"enemies":"3 Sentries","floor":6.0,"turns":11.0},{"damage":0.0,"enemies":"Gremlin Gang","floor":8.0,"turns":5.0},{"damage":27.0,"enemies":"Gremlin Nob","floor":11.0,"turns":5.0},{"damage":1.0,"enemies":"Lots of Slimes","floor":13.0,"turns":4.0},{"damage":0.0,"enemies":"Exordium Thugs","floor":14.0,"turns":3.0},{"damage":22.0,"enemies":"Hexaghost","floor":16.0,"turns":12.0},{"damage":0.0,"enemies":"3 Byrds","floor":18.0,"turns":6.0},{"damage":0.0,"enemies":"Spheric Guardian","floor":21.0,"turns":1.0},{"damage":20.0,"enemies":"Snake Plant","floor":22.0,"turns":4.0},{"damage":0.0,"enemies":"Sentry and Sphere","floor":27.0,"turns":4.0},{"damage":45.0,"enemies":"Collector","floor":33.0,"turns":8.0},{"damage":9.0,"enemies":"Orb Walker","floor":35.0,"turns":4.0},{"damage":12.0,"enemies":"3 Shapes","floor":37.0,"turns":5.0},{"damage":48.0,"enemies":"Transient","floor":38.0,"turns":5.0},{"damage":10,"enemies":"4 Shapes","floor":39,"turns":4},{"damage":20,"enemies":"Spire Growth","floor":41,"turns":6},{"damage":6,"enemies":"Reptomancer","floor":44,"turns":8},{"damage":20,"enemies":"Maw","floor":45,"turns":4}],"seed_played":"-2097991378050652107","potions_obtained":[{"floor":1.0,"key":"LiquidBronze"},{"floor":13.0,"key":"Dexterity Potion"},{"floor":16.0,"key":"Fire Potion"},{"floor":22.0,"key":"Regen Potion"},{"floor":33.0,"key":"FearPotion"},{"floor":39,"key":"AttackPotion"},{"floor":41,"key":"AttackPotion"}],"is_trial":false,"path_per_floor":["M","$","?","M","M","E","R","M","T","R","E","$","M","M","R","B",null,"M","T","$","M","M","R","$","R","T","M","$","?","$","?","R","B",null,"M","$","M","M","M","R","M","$","T","M"],"character_chosen":"DEFECT","items_purchased":["Undo","Capacitor","Dexterity Potion","Melter","Leap","Ball Lightning+1","Coolheaded","Stack","Leap","Conserve Battery"],"campfire_rested":2,"item_purchase_floors":[2,12,12,20,24,30,36,36,42,42],"current_hp_per_floor":[75,75,68,68,68,57,57,57,57,57,30,30,29,29,29,7,75,75,75,75,75,55,55,55,55,55,55,55,41,41,41,65,35,80,71,71,59,11,1,43,23,23,23,17,0],"gold":23,"neow_bonus":"THREE_ENEMY_KILL","is_prod":false,"is_daily":false,"chose_seed":false,"campfire_upgraded":5,"win_rate":0,"timestamp":1539348371,"path_taken":["M","$","?","M","?","E","R","M","T","R","E","$","?","M","R","BOSS","M","?","$","M","M","R","$","R","T","M","?","?","?","?","R","BOSS","M","$","?","M","M","R","M","$","T","M","M"],"build_version":"2018-10-11","purchased_purges":2,"victory":false,"max_hp_per_floor":[75,75,75,75,75,75,75,75,75,75,75,75,75,75,75,75,75,75,75,75,75,75,75,75,75,75,75,75,80,80,80,80,80,80,80,80,80,80,80,80,80,80,80,80,80],"card_choices":[{"not_picked":["Tempest","Reprogram"],"picked":"Compile Driver","floor":1.0},{"not_picked":["BootSequence","Conserve Battery"],"picked":"FTL","floor":4.0},{"not_picked":["Stack","Sweeping Beam"],"picked":"Chill","floor":5.0},{"not_picked":["Steam","Hologram"],"picked":"Stack","floor":6.0},{"not_picked":["Double Energy","Skim"],"picked":"Turbo","floor":8.0},{"not_picked":["Compile Driver","Stack"],"picked":"Hologram","floor":11.0},{"not_picked":["Amplify","Stack"],"picked":"Auto Shields","floor":13.0},{"not_picked":["Compile Driver","Coolheaded"],"picked":"Conserve Battery","floor":14.0},{"not_picked":["Hyperbeam","Buffer"],"picked":"Echo Form","floor":16.0},{"not_picked":["Cold Snap","Force Field"],"picked":"Beam Cell","floor":18.0},{"not_picked":["Double Energy","Barrage"],"picked":"Consume","floor":21.0},{"not_picked":["Sweeping Beam","Aggregate"],"picked":"Gash","floor":22.0},{"not_picked":["Capacitor","Barrage+1"],"picked":"Sweeping Beam+1","floor":27.0},{"not_picked":["Fission","Machine Learning"],"picked":"Creative AI","floor":33.0},{"not_picked":["Compile Driver+1","Cold Snap+1"],"picked":"Gash+1","floor":35.0},{"not_picked":["Redo+1","Turbo+1"],"picked":"Gash+1","floor":37.0},{"not_picked":["Lockon+1","Barrage+1"],"picked":"Defragment","floor":38.0},{"not_picked":["Lockon+1","Turbo"],"picked":"FTL+1","floor":39},{"not_picked":["Redo","Heatsinks+1"],"picked":"Go for the Eyes+1","floor":41},{"not_picked":["Force Field+1","Genetic Algorithm+1"],"picked":"Steam+1","floor":44}],"player_experience":202241,"relics_obtained":[{"floor":6.0,"key":"DataDisk"},{"floor":9.0,"key":"Tiny Chest"},{"floor":11.0,"key":"Boot"},{"floor":19.0,"key":"Pen Nib"},{"floor":26.0,"key":"Molten Egg 2"},{"floor":43,"key":"Turnip"}],"event_choices":[{"event_name":"Golden Wing","player_choice":"Card Removal","floor":3.0,"damage_taken":0.0},{"event_name":"Forgotten Altar","player_choice":"Shed Blood","floor":29.0,"damage_taken":0.0},{"event_name":"Match and Keep!","player_choice":"0 cards matched","floor":31.0,"damage_taken":0.0}],"is_beta":false,"boss_relics":[{"not_picked":["Orrery","Black Star"],"picked":"Runic Dome"},{"not_picked":["Snecko Eye","White Beast Statue"],"picked":"Eternal Feather"}],"items_purged_floors":[2,20],"is_endless":false,"potions_floor_spawned":[1,13,16,18,22,27,33,39,41],"killed_by":"Maw","ascension_level":0}