{"gold_per_floor":[119,131,147,157,170,170,202,202,227,239,414,427,377,71,71,172,222,238,238,249,3,3,3,0,14,38,38,57,57,68,78,78,175,175,187,13,32,32,47,47,61,61,61,61,81,81,4,20,20,20],"floor_reached":51,"playtime":2417,"items_purged":["Doubt","Defend_R"],"score":678,"play_id":"9b5be4f3-21ba-4b4b-955e-c24f72603df9","local_time":"20181030204917","is_ascension_mode":false,"campfire_choices":[{"data":"Bash","floor":6.0,"key":"SMITH"},{"data":"Strike_R","floor":8.0,"key":"PURGE"},{"data":"Strike_R","floor":15.0,"key":"PURGE"},{"data":"Strike_R","floor":23.0,"key":"PURGE"},{"data":"Defend_R","floor":27.0,"key":"PURGE"},{"data":"Defend_R","floor":29.0,"key":"PURGE"},{"data":"True Grit","floor":32.0,"key":"SMITH"},{"floor":40.0,"key":"REST"},{"floor":42.0,"key":"REST"},{"data":"Barricade","floor":46.0,"key":"SMITH"},{"floor":49,"key":"REST"}],"neow_cost":"NONE","seed_source_timestamp":216727480981743,"circlet_count":0,"master_deck":["Defend_R+1","Bash+1","Cleave","True Grit+1","Thunderclap","Battle Trance+1","Clothesline","Shrug It Off","Feel No Pain","Juggernaut","Immolate","Shrug It Off","Reckless Charge","Spot Weakness","True Grit+1","Barricade+1","Body Slam+1","Metallicize","Feel No Pain","Intimidate+1","Reaper","Entrench+1"],"special_seed":0,"relics":["Burning Blood","Red Skull","Peace Pipe","War Paint","Tiny House","Gremlin Horn","Bronze Scales","Orichalcum","Sozu","Mercury Hourglass","Frozen Egg 2"],"potions_floor_usage":[50,50,50],"damage_taken":[{"damage":1.0,"enemies":"Cultist","floor":1.0,"turns":3.0},{"damage":5.0,"enemies":"2 Louse","floor":2.0,"turns":3.0},{"damage":10.0,"enemies":"Small Slimes","floor":3.0,"turns":4.0},{"damage":3.0,"enemies":"2 Fungi Beasts","floor":4.0,"turns":5.0},{"damage":10.0,"enemies":"Looter","floor":5.0,"turns":5.0},{"damage":30.0,"enemies":"Gremlin Nob","floor":7.0,"turns":4.0},{"damage":4.0,"enemies":"Large Slime","floor":10.0,"turns":6.0},{"damage":0.0,"enemies":"Lots of Slimes","floor":12.0,"turns":1.0},{"damage":39.0,"enemies":"Slime Boss","floor":16.0,"turns":8.0},{"damage":0.0,"enemies":"Chosen","floor":18.0,"turns":6.0},{"damage":6.0,"enemies":"Shell Parasite","floor":20.0,"turns":8.0},{"damage":9.0,"enemies":"Snake Plant","floor":25.0,"turns":4.0},{"damage":7.0,"enemies":"Chosen and Byrds","floor":28.0,"turns":4.0},{"damage":8.0,"enemies":"Sentry and Sphere","floor":30.0,"turns":5.0},{"damage":18.0,"enemies":"Snake Plant","floor":31.0,"turns":4.0},{"damage":32.0,"enemies":"Collector","floor":33.0,"turns":9.0},{"damage":44.0,"enemies":"3 Darklings","floor":35.0,"turns":4.0},{"damage":9.0,"enemies":"Orb Walker","floor":37.0,"turns":4.0},{"damage":19.0,"enemies":"3 Darklings","floor":39.0,"turns":4.0},{"damage":36.0,"enemies":"Writhing Mass","floor":41.0,"turns":8.0},{"damage":12.0,"enemies":"Sphere and 2 Shapes","floor":45.0,"turns":5.0},{"damage":22.0,"enemies":"3 Darklings","floor":48.0,"turns":3.0},{"damage":35,"enemies":"Donu and Deca","floor":50,"turns":11}],"seed_played":"-4377021096330666349","potions_obtained":[{"floor":1.0,"key":"Explosive Potion"},{"floor":2.0,"key":"Swift Potion"},{"floor":4.0,"key":"Explosive Potion"},{"floor":10.0,"key":"SpeedPotion"},{"floor":16.0,"key":"Weak Potion"},{"floor":17.0,"key":"Ancient Potion"},{"floor":18.0,"key":"SpeedPotion"}],"is_trial":false,"path_per_floor":["M","M","M","M","M","R","E","R","T","M","?","M","?","$","R","B",null,"M","?","M","$","?","R","?","M","T","R","M","R","M","M","R","B",null,"M","$","M","$","M","R","M","R","T","T","M","R","$","M","R","B"],"character_chosen":"IRONCLAD","items_purchased":["Juggernaut","Immolate","Gremlin Horn","Metallicize","Reaper"],"campfire_rested":3,"item_purchase_floors":[14,14,21,36,47],"current_hp_per_floor":[80,80,76,79,75,75,51,51,51,53,53,59,59,59,59,26,85,85,85,85,85,85,85,85,82,82,82,81,81,79,67,67,41,85,47,47,44,44,31,56,26,51,51,51,45,45,45,29,54,39],"gold":20,"neow_bonus":"RANDOM_COMMON_RELIC","is_prod":false,"is_daily":false,"chose_seed":false,"campfire_upgraded":3,"win_rate":0,"timestamp":1540900157,"path_taken":["M","M","M","M","M","R","E","R","T","M","?","M","?","$","R","BOSS","M","?","M","$","?","R","?","?","T","R","M","R","M","M","R","BOSS","M","$","M","$","?","R","M","R","T","?","M","R","?","M","R","BOSS"],"build_version":"2018-10-25v2","purchased_purges":2,"victory":true,"max_hp_per_floor":[80,80,80,80,80,80,80,80,80,80,80,80,80,80,80,80,85,85,85,85,85,85,85,85,85,85,85,85,85,85,85,85,85,85,85,85,85,85,85,85,85,85,85,85,85,85,85,85,85,85],"card_choices":[{"not_picked":["Body Slam","Second Wind"],"picked":"Cleave","floor":1.0},{"not_picked":["Carnage","Shrug It Off"],"picked":"True Grit","floor":2.0},{"not_picked":["Infernal Blade","Warcry"],"picked":"Thunderclap","floor":3.0},{"not_picked":["Pommel Strike","Pummel"],"picked":"Battle Trance","floor":4.0},{"not_picked":["Warcry","Perfected Strike"],"picked":"Clothesline","floor":5.0},{"not_picked":["Second Wind","Body Slam"],"picked":"Shrug It Off","floor":7.0},{"not_picked":["Sword Boomerang","Flame Barrier","Perfected Strike"],"picked":"SKIP","floor":10.0},{"not_picked":["Infernal Blade","Armaments"],"picked":"Feel No Pain","floor":12.0},{"not_picked":["Thunderclap","Twin Strike"],"picked":"Shrug It Off","floor":17.0},{"not_picked":["Pommel Strike+1","Wild Strike","Rage"],"picked":"SKIP","floor":18.0},{"not_picked":["Flex","Second Wind","Headbutt"],"picked":"SKIP","floor":20.0},{"not_picked":["Headbutt","Shockwave"],"picked":"Spot Weakness","floor":25.0},{"not_picked":["Combust+1","Clothesline","Havoc"],"picked":"SKIP","floor":28.0},{"not_picked":["Thunderclap","Sword Boomerang"],"picked":"True Grit","floor":30.0},{"not_picked":["Iron Wave","Sword Boomerang","True Grit"],"picked":"SKIP","floor":31.0},{"not_picked":["Demon Form","Berserk"],"picked":"Barricade","floor":33.0},{"not_picked":["Perfected Strike","Havoc"],"picked":"Body Slam+1","floor":35.0},{"not_picked":["Havoc+1","Dropkick+1"],"picked":"Feel No Pain","floor":37.0},{"not_picked":["Perfected Strike+1","Flame Barrier","Twin Strike"],"picked":"SKIP","floor":39.0},{"not_picked":["Thunderclap+1","Whirlwind"],"picked":"Intimidate+1","floor":41.0},{"not_picked":["Armaments","Second Wind+1","Fire Breathing+1"],"picked":"SKIP","floor":45.0},{"not_picked":["Body Slam+1","Flex+1"],"picked":"Entrench+1","floor":48}],"player_experience":380723,"relics_obtained":[{"floor":7.0,"key":"Peace Pipe"},{"floor":9.0,"key":"War Paint"},{"floor":26.0,"key":"Orichalcum"},{"floor":43.0,"key":"Mercury Hourglass"},{"floor":44.0,"key":"Frozen Egg 2"}],"event_choices":[{"damage_healed":0.0,"max_hp_gain":0.0,"max_hp_loss":0.0,"gold_gain":175.0,"event_name":"Liars Game","player_choice":"AGREE","floor":11.0,"gold_loss":0.0,"damage_taken":0.0,"cards_obtained":["Doubt"]},{"cards_removed":["Strike_R"],"damage_healed":0.0,"max_hp_gain":0.0,"max_hp_loss":0.0,"gold_gain":0.0,"event_name":"The Cleric","player_choice":"Card Removal","floor":13.0,"gold_loss":50.0,"damage_taken":0.0},{"damage_healed":0.0,"max_hp_gain":0.0,"max_hp_loss":0.0,"gold_gain":0.0,"cards_transformed":["Strike_R"],"event_name":"Transmorgrifier","player_choice":"Transformed","floor":19.0,"gold_loss":0.0,"damage_taken":0.0,"cards_obtained":["Reckless Charge"]},{"damage_healed":0.0,"max_hp_gain":0.0,"max_hp_loss":0.0,"gold_gain":0.0,"event_name":"The Mausoleum","player_choice":"Opened","floor":22.0,"gold_loss":0.0,"damage_taken":0.0,"relics_obtained":["Bronze Scales"]},{"damage_healed":0.0,"max_hp_gain":0.0,"max_hp_loss":0.0,"gold_gain":0.0,"event_name":"Masked Bandits","player_choice":"Paid Fearfully","floor":24.0,"gold_loss":3.0,"damage_taken":0.0}],"is_beta":false,"boss_relics":[{"not_picked":["Runic Cube","Runic Pyramid"],"picked":"Tiny House"},{"not_picked":["Philosopher\u0027s Stone","Runic Dome"],"picked":"Sozu"}],"items_purged_floors":[14,36],"is_endless":false,"potions_floor_spawned":[1,2,4,10,16,18,28,30,33,37,45,48],"ascension_level":0}