{"gold_per_floor":[109,109,129,129,143,143,184,184,184,199,218,69,88,113,113,244,244,244,184,57,57,57,57,57,57,57,57,57,57,57,57,57,57,57,57,57,57,57,57,57,57,57,57,57,57],"floor_reached":46,"playtime":2628,"items_purged":["Strike_B","Strike_B"],"score":655,"play_id":"88218824-d5ce-467c-bd6e-ae5fb7adc041","local_time":"20181021175706","is_ascension_mode":false,"campfire_choices":[{"data":"Zap","floor":6.0,"key":"SMITH"},{"data":"Sunder","floor":8.0,"key":"SMITH"},{"floor":15,"key":"REST"},{"data":"Defragment","floor":23,"key":"SMITH"},{"floor":27,"key":"REST"},{"data":"Creative AI","floor":32,"key":"SMITH"},{"floor":40,"key":"REST"},{"floor":42,"key":"REST"}],"neow_cost":"NONE","seed_source_timestamp":407221842751334,"circlet_count":0,"master_deck":["Strike_B","Strike_B","Defend_B","Defend_B","Defend_B","Defend_B","Zap+1","Dualcast","Defragment+1","Loop","Sunder+1","Gash","Defragment","Auto Shields","Loop","Ball Lightning","Undo","Creative AI+1","Glacier+1","Coolheaded","Cold Snap","Conserve Battery","Recycle+1","Gash","Gash","Reinforced Body+1","All For One","Gash","Coolheaded+1","Stack+1","Capacitor+1","Loop"],"special_seed":0,"relics":["Cracked Core","NeowsBlessing","Golden Idol","Question Card","Oddly Smooth Stone","Ectoplasm","Gremlin Horn","Centennial Puzzle","Nuclear Battery","Dream Catcher"],"potions_floor_usage":[18,19,24,33,37,37,38,45,45],"damage_taken":[{"damage":0.0,"enemies":"Small Slimes","floor":1.0,"turns":1.0},{"damage":0.0,"enemies":"Jaw Worm","floor":3.0,"turns":1.0},{"damage":0.0,"enemies":"Cultist","floor":5.0,"turns":1.0},{"damage":21.0,"enemies":"Lagavulin","floor":7.0,"turns":5.0},{"damage":1.0,"enemies":"Blue Slaver","floor":10.0,"turns":3.0},{"damage":3.0,"enemies":"2 Fungi Beasts","floor":11.0,"turns":3.0},{"damage":0.0,"enemies":"3 Louse","floor":13.0,"turns":4.0},{"damage":11,"enemies":"Gremlin Gang","floor":14,"turns":3},{"damage":42,"enemies":"The Guardian","floor":16,"turns":10},{"damage":6,"enemies":"Shell Parasite","floor":18,"turns":4},{"damage":34,"enemies":"2 Thieves","floor":19,"turns":4},{"damage":4,"enemies":"Shelled Parasite and Fungi","floor":22,"turns":9},{"damage":2,"enemies":"Snake Plant","floor":24,"turns":4},{"damage":0,"enemies":"Snecko","floor":25,"turns":6},{"damage":0,"enemies":"3 Cultists","floor":29,"turns":6},{"damage":0,"enemies":"Snake Plant","floor":30,"turns":6},{"damage":11,"enemies":"Champ","floor":33,"turns":19},{"damage":0,"enemies":"Orb Walker","floor":35,"turns":3},{"damage":0,"enemies":"3 Darklings","floor":36,"turns":8},{"damage":42,"enemies":"Transient","floor":37,"turns":5},{"damage":22,"enemies":"Jaw Worm Horde","floor":38,"turns":6},{"damage":0,"enemies":"Writhing Mass","floor":39,"turns":9},{"damage":0,"enemies":"3 Darklings","floor":41,"turns":7},{"damage":12,"enemies":"Donu and Deca","floor":45,"turns":13}],"seed_played":"-599393742252499337","potions_obtained":[{"floor":1.0,"key":"Poison Potion"},{"floor":3.0,"key":"Block Potion"},{"floor":5.0,"key":"LiquidBronze"},{"floor":11.0,"key":"Weak Potion"},{"floor":14,"key":"Weak Potion"},{"floor":18,"key":"Regen Potion"},{"floor":24,"key":"Weak Potion"},{"floor":30,"key":"Regen Potion"},{"floor":36,"key":"FocusPotion"},{"floor":38,"key":"SkillPotion"},{"floor":39,"key":"SkillPotion"}],"is_trial":false,"path_per_floor":["M","?","M","?","M","R","E","R","T","M","M","$","M","M","R","B",null,"M","M","$","T","M","R","M","M","T","R","?","M","M","$","R","B",null,"M","M","M","M","M","R","M","R","T","?","B"],"character_chosen":"DEFECT","items_purchased":["Loop","Cold Snap"],"campfire_rested":4,"item_purchase_floors":[12,20],"current_hp_per_floor":[75,57,57,57,57,57,36,36,36,35,32,32,32,21,43,1,75,69,44,44,44,40,40,38,38,38,60,60,60,60,60,60,49,75,75,75,45,23,23,45,45,67,67,67,55],"gold":57,"neow_bonus":"THREE_ENEMY_KILL","is_prod":false,"is_daily":false,"chose_seed":false,"campfire_upgraded":4,"win_rate":0,"timestamp":1540112226,"path_taken":["M","?","?","?","?","R","E","R","T","M","?","?","M","M","R","BOSS","M","M","$","?","M","R","?","M","T","R","?","M","M","$","R","BOSS","M","M","M","M","M","R","?","R","T","?","BOSS"],"build_version":"2018-10-18","purchased_purges":2,"victory":true,"max_hp_per_floor":[75,75,75,75,75,75,75,75,75,75,75,75,75,75,75,75,75,75,75,75,75,75,75,75,75,75,75,75,75,75,75,75,75,75,75,75,75,75,75,75,75,75,75,75,75],"card_choices":[{"not_picked":["Static Discharge","Double Energy"],"picked":"Defragment","floor":1.0},{"not_picked":["Beam Cell","Darkness"],"picked":"Loop","floor":3.0},{"not_picked":["Double Energy","Hologram"],"picked":"Sunder","floor":5.0},{"not_picked":["Go for the Eyes","Aggregate"],"picked":"Gash","floor":7.0},{"not_picked":["Ball Lightning","Redo","Gash"],"picked":"Defragment","floor":10.0},{"not_picked":["Sunder","White Noise","Conserve Battery"],"picked":"Auto Shields","floor":11.0},{"not_picked":["Storm","Sweeping Beam","Genetic Algorithm"],"picked":"Ball Lightning","floor":13.0},{"not_picked":["Redo","Sweeping Beam","Barrage"],"picked":"Undo","floor":14},{"not_picked":["Hyperbeam","Machine Learning","Rainbow"],"picked":"Creative AI","floor":16},{"not_picked":["Recycle","Conserve Battery","Go for the Eyes"],"picked":"Glacier+1","floor":18},{"not_picked":["Aggregate","Auto Shields","Rebound"],"picked":"Coolheaded","floor":19},{"not_picked":["Turbo","Steam","Barrage+1"],"picked":"Conserve Battery","floor":22},{"not_picked":["Redo+1","Storm+1","Barrage+1"],"picked":"Recycle+1","floor":24},{"not_picked":["Lockon","Biased Cognition","Steam"],"picked":"Gash","floor":25},{"not_picked":["Beam Cell","Ball Lightning","Rebound"],"picked":"Gash","floor":29},{"not_picked":["Steam","Stack","Genetic Algorithm+1"],"picked":"Reinforced Body+1","floor":30},{"not_picked":["Creative AI","Electrodynamics","Meteor Strike"],"picked":"All For One","floor":33},{"not_picked":["Hologram+1","Fusion","Steam+1"],"picked":"Gash","floor":35},{"not_picked":["Go for the Eyes+1","Leap+1","Stack"],"picked":"Coolheaded+1","floor":36},{"not_picked":["White Noise","Double Energy+1","Redo","Steam+1"],"picked":"SKIP","floor":37},{"not_picked":["Tempest+1","Conserve Battery","Recycle+1"],"picked":"Stack+1","floor":38},{"not_picked":["Redo+1","Steam Power+1","Turbo+1"],"picked":"Capacitor+1","floor":39},{"not_picked":["Tempest+1","Blizzard+1","Redo+1"],"picked":"Loop","floor":41}],"player_experience":305279,"relics_obtained":[{"floor":7.0,"key":"Question Card"},{"floor":9.0,"key":"Oddly Smooth Stone"},{"floor":21,"key":"Gremlin Horn"},{"floor":26,"key":"Centennial Puzzle"},{"floor":43,"key":"Dream Catcher"}],"event_choices":[{"damage_healed":0.0,"max_hp_gain":0.0,"max_hp_loss":0.0,"gold_gain":0.0,"event_name":"Golden Idol","player_choice":"Take Damage","floor":2.0,"gold_loss":0.0,"damage_taken":18.0,"relics_obtained":["Golden Idol"]},{"damage_healed":0.0,"max_hp_gain":0.0,"max_hp_loss":0.0,"gold_gain":0.0,"event_name":"Liars Game","player_choice":"Ignored","floor":4.0,"gold_loss":0.0,"damage_taken":0.0},{"damage_healed":0,"gold_gain":0,"player_choice":"Ignored","damage_taken":0,"max_hp_gain":0,"max_hp_loss":0,"event_name":"Ghosts","floor":28,"gold_loss":0},{"damage_healed":0,"gold_gain":0,"player_choice":"Took Portal","damage_taken":0,"max_hp_gain":0,"max_hp_loss":0,"event_name":"SecretPortal","floor":44,"gold_loss":0}],"is_beta":false,"boss_relics":[{"not_picked":["Inserter","Runic Pyramid"],"picked":"Ectoplasm"},{"not_picked":["Snecko Eye","Eternal Feather"],"picked":"Nuclear Battery"}],"items_purged_floors":[12,20],"is_endless":false,"potions_floor_spawned":[1,3,5,11,14,18,24,30,36,38,39],"ascension_level":0}