{"gold_per_floor":[109,33,47,59,76,107,1,1,27,42,60,122,151,162,162,265,265,282,13,113,212,227,227,245,271,271,271,281,281,281,291,291,387,387,399,414,414,12,57,67,83,83,83,93,16,16,35,45,45,45],"floor_reached":51,"playtime":3865,"items_purged":["Strike_G","Writhe"],"score":663,"play_id":"bf26d248-7540-4a1c-93c0-a1831ad36291","local_time":"20181001231707","is_ascension_mode":false,"campfire_choices":[{"data":"Neutralize","floor":8,"key":"SMITH"},{"floor":15,"key":"REST"},{"data":"Envenom","floor":23,"key":"SMITH"},{"data":"Glass Knife","floor":27,"key":"SMITH"},{"data":"Noxious Fumes","floor":29,"key":"SMITH"},{"data":"Blur","floor":32,"key":"SMITH"},{"floor":46,"key":"REST"},{"floor":49,"key":"REST"}],"neow_cost":"NONE","seed_source_timestamp":105464473077936,"circlet_count":0,"master_deck":["Defend_G","Defend_G","Defend_G","Defend_G","Defend_G","Strike_G","Strike_G","Strike_G","Survivor","Neutralize+1","Storm of Steel","Slice","Leg Sweep","Flying Knee","Backflip","Acrobatics","Escape Plan","Noxious Fumes+1","Deflect","Backflip","Slice","Deadly Poison","Glass Knife+1","Envenom+1","PiercingWail","Backflip","Riddle With Holes+1","Prepared","Blur+1","Envenom","Dodge and Roll+1","Backflip","Cloak And Dagger","Footwork","Escape Plan","Predator+1","Footwork","Footwork"],"relics":["Ring of the Serpent","Snake Skull","Boot","Art of War","Turnip","Runic Dome","ClockworkSouvenir","Centennial Puzzle","Orichalcum","Ornamental Fan","The Specimen","Torii","Potion Belt"],"potions_floor_usage":[24,50,50,50,50],"damage_taken":[{"damage":0,"enemies":"Small Slimes","floor":1,"turns":5},{"damage":6,"enemies":"Jaw Worm","floor":3,"turns":9},{"damage":0,"enemies":"2 Louse","floor":4,"turns":2},{"damage":8,"enemies":"Exordium Wildlife","floor":5,"turns":5},{"damage":10,"enemies":"3 Sentries","floor":6,"turns":13},{"damage":0,"enemies":"Blue Slaver","floor":10,"turns":3},{"damage":0,"enemies":"Large Slime","floor":11,"turns":7},{"damage":10,"enemies":"3 Sentries","floor":12,"turns":7},{"damage":3,"enemies":"Lagavulin","floor":13,"turns":5},{"damage":0,"enemies":"Lots of Slimes","floor":14,"turns":3},{"damage":4,"enemies":"The Guardian","floor":16,"turns":11},{"damage":11,"enemies":"2 Thieves","floor":18,"turns":4},{"damage":0,"enemies":"Spheric Guardian","floor":22,"turns":4},{"damage":8,"enemies":"Centurion and Healer","floor":24,"turns":5},{"damage":0,"enemies":"3 Cultists","floor":28,"turns":4},{"damage":0,"enemies":"Shelled Parasite and Fungi","floor":31,"turns":6},{"damage":43,"enemies":"Champ","floor":33,"turns":10},{"damage":9,"enemies":"3 Shapes","floor":35,"turns":6},{"damage":33,"enemies":"3 Darklings","floor":36,"turns":5},{"damage":18,"enemies":"Mysterious Sphere","floor":39,"turns":6},{"damage":0,"enemies":"Maw","floor":40,"turns":6},{"damage":0,"enemies":"4 Shapes","floor":41,"turns":5},{"damage":0,"enemies":"Mind Bloom Boss Battle","floor":42,"turns":8},{"damage":0,"enemies":"Transient","floor":44,"turns":5},{"damage":0,"enemies":"Maw","floor":47,"turns":6},{"damage":11,"enemies":"Spire Growth","floor":48,"turns":6},{"damage":16,"enemies":"Awakened One","floor":50,"turns":17}],"seed_played":"-5556804663725250301","potions_obtained":[{"floor":4,"key":"Ancient Potion"},{"floor":5,"key":"FearPotion"},{"floor":13,"key":"Dexterity Potion"},{"floor":16,"key":"Block Potion"},{"floor":28,"key":"LiquidBronze"},{"floor":44,"key":"Explosive Potion"},{"floor":47,"key":"EssenceOfSteel"},{"floor":48,"key":"Swift Potion"}],"is_trial":false,"path_per_floor":["M","$","M","M","M","E","$","R","T","M","M","?","E","M","R","B",null,"M","$","?","?","M","R","M","T","T","R","M","R","?","M","R","B",null,"M","M","?","$","?","M","M","?","T","M","$","R","M","M","R","B"],"character_chosen":"THE_SILENT","items_purchased":["Leg Sweep","Noxious Fumes","Deflect","ClockworkSouvenir","Ornamental Fan","Cloak And Dagger","Footwork"],"campfire_rested":3,"item_purchase_floors":[2,7,7,19,38,38,45],"current_hp_per_floor":[70,70,64,64,56,46,46,46,46,46,46,36,33,33,54,50,70,59,59,59,59,59,59,51,51,51,51,51,51,51,51,51,8,70,61,28,46,46,28,28,28,28,28,28,28,49,49,38,59,43],"gold":45,"neow_bonus":"TRANSFORM_CARD","is_prod":false,"is_daily":false,"chose_seed":false,"campfire_upgraded":5,"win_rate":1,"timestamp":1538403427,"path_taken":["M","$","M","M","M","E","$","R","T","M","M","?","E","M","R","BOSS","M","$","?","?","M","R","?","?","T","R","M","R","?","M","R","BOSS","M","M","?","$","?","M","M","?","T","M","$","R","M","M","R","BOSS"],"build_version":"2018-09-27","purchased_purges":2,"victory":true,"max_hp_per_floor":[70,70,70,70,70,70,70,70,70,70,70,70,70,70,70,70,70,70,70,70,70,70,70,70,70,70,70,70,70,70,70,70,70,70,70,70,70,70,70,70,70,70,70,70,70,70,70,70,70,70],"card_choices":[{"not_picked":["Blade Dance","PiercingWail"],"picked":"Slice","floor":1},{"not_picked":["Quick Slash","Crippling Poison"],"picked":"Flying Knee","floor":3},{"not_picked":["Poisoned Stab","Dagger Throw"],"picked":"Backflip","floor":4},{"not_picked":["Cloak And Dagger","Concentrate"],"picked":"Acrobatics","floor":5},{"not_picked":["A Thousand Cuts","Bane"],"picked":"Escape Plan","floor":6},{"not_picked":["Sucker Punch","Acrobatics"],"picked":"Backflip","floor":10},{"not_picked":["Predator","Sucker Punch"],"picked":"Slice","floor":11},{"not_picked":["Outmaneuver","Dash"],"picked":"Deadly Poison","floor":12},{"not_picked":["Underhanded Strike","Masterful Stab"],"picked":"Glass Knife","floor":13},{"not_picked":["Quick Slash","Choke","Blade Dance"],"picked":"SKIP","floor":14},{"not_picked":["Bullet Time","Storm of Steel"],"picked":"Envenom","floor":16},{"not_picked":["Dagger Throw","Endless Agony"],"picked":"PiercingWail","floor":18},{"not_picked":["Acrobatics","Underhanded Strike"],"picked":"Backflip","floor":22},{"not_picked":["Tactician+1","All Out Attack"],"picked":"Riddle With Holes+1","floor":24},{"not_picked":["Dagger Spray+1","Underhanded Strike"],"picked":"Prepared","floor":28},{"not_picked":["Underhanded Strike","Deadly Poison","Outmaneuver"],"picked":"SKIP","floor":31},{"not_picked":["Die Die Die","Venomology"],"picked":"Envenom","floor":33},{"not_picked":["Dagger Spray","Deadly Poison"],"picked":"Dodge and Roll+1","floor":35},{"not_picked":["Poisoned Stab+1","Calculated Gamble"],"picked":"Backflip","floor":36},{"not_picked":["Reflex","All Out Attack+1"],"picked":"Footwork","floor":40},{"not_picked":["Backflip","Deflect","Poisoned Stab+1"],"picked":"SKIP","floor":41},{"not_picked":["Prepared","Deflect"],"picked":"Escape Plan","floor":42},{"not_picked":["Flechettes+1","Reflex"],"picked":"Predator+1","floor":44},{"not_picked":["Cloak And Dagger","Bane"],"picked":"Footwork","floor":47},{"not_picked":["Bane","Dagger Throw","Quick Slash+1"],"picked":"SKIP","floor":48}],"player_experience":96441,"relics_obtained":[{"floor":6,"key":"Snake Skull"},{"floor":9,"key":"Boot"},{"floor":12,"key":"Art of War"},{"floor":13,"key":"Turnip"},{"floor":25,"key":"Centennial Puzzle"},{"floor":26,"key":"Orichalcum"},{"floor":39,"key":"The Specimen"},{"floor":42,"key":"Torii"},{"floor":43,"key":"Potion Belt"}],"event_choices":[{"event_name":"Dead Adventurer","player_choice":"Searched \u00272\u0027 times","floor":12,"damage_taken":0},{"event_name":"Golden Shrine","player_choice":"Pray","floor":20,"damage_taken":0},{"event_name":"Nest","player_choice":"Stole From Cult","floor":21,"damage_taken":0},{"event_name":"The Library","player_choice":"Read","floor":30,"damage_taken":0},{"event_name":"Winding Halls","player_choice":"Writhe","floor":37,"damage_taken":0},{"event_name":"Mysterious Sphere","player_choice":"Fight","floor":39,"damage_taken":0},{"event_name":"MindBloom","player_choice":"Fight","floor":42,"damage_taken":0}],"is_beta":false,"boss_relics":[{"not_picked":["Runic Pyramid","Orrery"],"picked":"Runic Dome"},{"not_picked":["Philosopher\u0027s Stone","White Beast Statue"],"picked":"Ring of the Serpent"}],"items_purged_floors":[19,38],"is_endless":false,"potions_floor_spawned":[4,5,13,16,18,28,40,42,44,47,48],"ascension_level":0}