{"gold_per_floor":[117,97,108,120,133,133,163,183,229,248,0,0,19,30,30,133,133,148,73,73,91,91,91,105,30,30,41,41,60,60],"floor_reached":30,"playtime":2788,"items_purged":["Defend_R"],"score":311,"play_id":"c5b674df-a6c8-4ecf-98a4-28b87c44cac5","local_time":"20190831144626","is_ascension_mode":false,"campfire_choices":[{"data":"Entrench","floor":6,"key":"SMITH"},{"data":"Shrug It Off","floor":12,"key":"SMITH"},{"floor":15,"key":"REST"},{"floor":23,"key":"REST"},{"data":"Flex","floor":28,"key":"SMITH"}],"neow_cost":"NONE","seed_source_timestamp":608160453420818,"circlet_count":0,"master_deck":["Defend_R","Defend_R","Bash","Perfected Strike","Wild Strike","Twin Strike","Entrench+1","Wild Strike","Shrug It Off+1","Feel No Pain","Shrug It Off","Inflame","Shrug It Off","Offering","Flex+1","Limit Break","Shrug It Off","Pommel Strike","Pommel Strike","Bloodletting","Bite","Bite","Bite","Bite","Bite","Pommel Strike+1","Flex","Uppercut+1","Pommel Strike"],"relics":["Burning Blood","Question Card","Bronze Scales","MealTicket","Orrery","Nilry\u0027s Codex","Orichalcum"],"potions_floor_usage":[16,16],"damage_taken":[{"damage":14,"enemies":"2 Louse","floor":1,"turns":4},{"damage":1,"enemies":"Cultist","floor":3,"turns":3},{"damage":5,"enemies":"Small Slimes","floor":4,"turns":2},{"damage":5,"enemies":"2 Fungi Beasts","floor":5,"turns":3},{"damage":36,"enemies":"Lagavulin","floor":7,"turns":6},{"damage":4,"enemies":"Blue Slaver","floor":8,"turns":3},{"damage":6,"enemies":"3 Louse","floor":10,"turns":4},{"damage":11,"enemies":"Red Slaver","floor":13,"turns":4},{"damage":20,"enemies":"Exordium Thugs","floor":14,"turns":6},{"damage":58,"enemies":"Hexaghost","floor":16,"turns":13},{"damage":13,"enemies":"3 Byrds","floor":18,"turns":4},{"damage":27,"enemies":"Spheric Guardian","floor":21,"turns":6},{"damage":16,"enemies":"Chosen and Byrds","floor":24,"turns":7},{"damage":21,"enemies":"Snake Plant","floor":27,"turns":3},{"damage":57,"enemies":"3 Cultists","floor":29,"turns":6},{"damage":23,"enemies":"Gremlin Leader","floor":30,"turns":2}],"seed_played":"5415663034041327518","potions_obtained":[{"floor":1,"key":"Strength Potion"},{"floor":2,"key":"FearPotion"},{"floor":4,"key":"Energy Potion"},{"floor":10,"key":"EssenceOfSteel"},{"floor":16,"key":"PowerPotion"},{"floor":21,"key":"Explosive Potion"},{"floor":29,"key":"EssenceOfSteel"}],"is_trial":false,"path_per_floor":["M","?","M","M","M","R","E","M","T","M","$","R","M","M","R","B",null,"M","?","?","M","?","R","M","$","T","M","R","M","E"],"character_chosen":"IRONCLAD","items_purchased":["Shrug It Off","MealTicket"],"campfire_rested":2,"item_purchase_floors":[11,11],"current_hp_per_floor":[72,72,79,80,80,80,50,54,54,56,56,56,53,41,65,15,80,73,73,73,58,42,66,58,73,73,66,66,23,0],"gold":60,"neow_bonus":"RANDOM_COMMON_RELIC","is_prod":false,"is_daily":false,"chose_seed":false,"campfire_upgraded":3,"win_rate":0.0,"timestamp":1567280786,"path_taken":["M","?","M","M","M","R","E","M","T","M","$","R","?","M","R","BOSS","M","?","?","M","?","R","M","$","T","M","R","?","E"],"build_version":"2019-07-17","purchased_purges":1,"victory":false,"max_hp_per_floor":[80,80,80,80,80,80,80,80,80,80,80,80,80,80,80,80,80,80,80,80,80,80,80,80,80,80,80,80,80,80],"card_choices":[{"not_picked":["Corruption","Clothesline"],"picked":"Perfected Strike","floor":1},{"not_picked":["True Grit","Warcry"],"picked":"Wild Strike","floor":3},{"not_picked":["Juggernaut","Disarm"],"picked":"Twin Strike","floor":4},{"not_picked":["Twin Strike","Flex"],"picked":"Entrench","floor":5},{"not_picked":["Infernal Blade","Twin Strike"],"picked":"Wild Strike","floor":7},{"not_picked":["Headbutt","Feel No Pain","Sever Soul"],"picked":"Shrug It Off","floor":8},{"not_picked":["True Grit","Clothesline","Double Tap"],"picked":"Feel No Pain","floor":10},{"not_picked":["Thunderclap","True Grit","Dropkick"],"picked":"Inflame","floor":13},{"not_picked":["Anger","Reckless Charge","Carnage"],"picked":"Shrug It Off","floor":14},{"not_picked":["Impervious","Reaper","Brutality"],"picked":"Offering","floor":16},{"not_picked":["Clash","Cleave","Warcry"],"picked":"Flex","floor":17},{"not_picked":["Feel No Pain","Iron Wave","Warcry"],"picked":"Limit Break","floor":17},{"not_picked":["Sever Soul","Fire Breathing","Warcry"],"picked":"Shrug It Off","floor":17},{"not_picked":["Warcry","Armaments","Evolve"],"picked":"Pommel Strike","floor":17},{"not_picked":["Flex","Evolve","Warcry"],"picked":"Pommel Strike","floor":17},{"not_picked":["Uppercut","Perfected Strike+1","Iron Wave"],"picked":"Bloodletting","floor":18},{"not_picked":["Sword Boomerang","Perfected Strike","Bloodletting+1"],"picked":"Pommel Strike+1","floor":21},{"not_picked":["Clothesline","Warcry","Double Tap"],"picked":"Flex","floor":24},{"not_picked":["Armaments+1","Pommel Strike+1","True Grit"],"picked":"Uppercut+1","floor":27},{"not_picked":["Dual Wield","Wild Strike","Warcry"],"picked":"Pommel Strike","floor":29}],"player_experience":36197,"relics_obtained":[{"floor":7,"key":"Question Card"},{"floor":9,"key":"Bronze Scales"},{"floor":22,"key":"Nilry\u0027s Codex"},{"floor":26,"key":"Orichalcum"}],"event_choices":[{"damage_healed":0,"gold_gain":0,"player_choice":"Bought 1 Potion","damage_taken":0,"max_hp_gain":0,"max_hp_loss":0,"event_name":"The Woman in Blue","floor":2,"gold_loss":0},{"cards_removed":["Defend_R"],"damage_healed":0,"gold_gain":0,"player_choice":"Gave Gold","damage_taken":0,"max_hp_gain":0,"max_hp_loss":0,"event_name":"Beggar","floor":19,"gold_loss":75},{"damage_healed":0,"gold_gain":0,"player_choice":"Became a vampire (Vial)","damage_taken":0,"max_hp_gain":0,"max_hp_loss":0,"event_name":"Vampires","floor":20,"relics_lost":["Blood Vial"],"gold_loss":0,"cards_obtained":["Bite","Bite","Bite","Bite","Bite"]},{"damage_healed":0,"gold_gain":0,"player_choice":"Obtained Book","damage_taken":16,"max_hp_gain":0,"max_hp_loss":0,"event_name":"Cursed Tome","floor":22,"gold_loss":0}],"is_beta":false,"boss_relics":[{"not_picked":["Sozu","Runic Dome"],"picked":"Orrery"}],"items_purged_floors":[25],"is_endless":false,"potions_floor_spawned":[1,4,10,14,16,21,24,29],"killed_by":"Gremlin Leader","ascension_level":0}