{"gold_per_floor":[110,285,297,309,309,309,4,16,68,95,95,111,111,77,77,77],"floor_reached":16,"playtime":1679,"items_purged":["Doubt"],"score":115,"play_id":"78d58e95-6c98-499f-8bf4-4067915bb1da","local_time":"20190824001044","is_ascension_mode":true,"campfire_choices":[{"data":"Neutralize","floor":6.0,"key":"SMITH"},{"floor":11.0,"key":"REST"},{"floor":15.0,"key":"REST"}],"neow_cost":"NONE","seed_source_timestamp":0,"circlet_count":0,"master_deck":["Strike_G","Strike_G","Strike_G","Strike_G","Defend_G","Defend_G","Defend_G","Defend_G","Defend_G","Survivor","Neutralize+1","Doppelganger","Dodge and Roll","Deadly Poison","Blur","Night Terror","PiercingWail+1","Dagger Spray","Dagger Throw+1"],"special_seed":0,"relics":["Ring of the Snake","Ancient Tea Set","Bag of Preparation","Centennial Puzzle","Ninja Scroll"],"potions_floor_usage":[16,16],"damage_taken":[{"damage":0.0,"enemies":"Small Slimes","floor":1.0,"turns":6.0},{"damage":8.0,"enemies":"2 Louse","floor":3.0,"turns":3.0},{"damage":3.0,"enemies":"Jaw Worm","floor":4.0,"turns":6.0},{"damage":0.0,"enemies":"3 Louse","floor":8.0,"turns":5.0},{"damage":31.0,"enemies":"3 Sentries","floor":10.0,"turns":14.0},{"damage":7.0,"enemies":"Large Slime","floor":12.0,"turns":7.0},{"damage":27,"enemies":"Slime Boss","floor":16,"turns":6}],"seed_played":"-8669574027718985032","potions_obtained":[{"floor":10.0,"key":"Swift Potion"},{"floor":12.0,"key":"Swift Potion"}],"is_trial":false,"path_per_floor":["M","?","M","M","?","R","$","M","T","E","R","M","?","?","R","B"],"character_chosen":"THE_SILENT","items_purchased":["Bag of Preparation","Night Terror"],"campfire_rested":2,"item_purchase_floors":[7,7],"current_hp_per_floor":[70,70,62,59,34,34,34,34,34,3,24,17,3,3,24,0],"gold":77,"neow_bonus":"TRANSFORM_CARD","is_prod":false,"is_daily":false,"chose_seed":false,"campfire_upgraded":1,"win_rate":0,"timestamp":1566573044,"path_taken":["M","?","M","M","?","R","$","M","T","E","R","M","?","?","R","BOSS"],"build_version":"2019-07-17","purchased_purges":1,"victory":false,"max_hp_per_floor":[70,70,70,70,70,70,70,70,70,70,70,70,70,70,70,70],"card_choices":[{"not_picked":["Slice","Prepared"],"picked":"Dodge and Roll","floor":1.0},{"not_picked":["Finisher","Bane"],"picked":"Deadly Poison","floor":3.0},{"not_picked":["Dagger Spray","Flechettes"],"picked":"Blur","floor":4.0},{"not_picked":["Deadly Poison","Dodge and Roll"],"picked":"PiercingWail","floor":8.0},{"not_picked":["PiercingWail","Doppelganger"],"picked":"Dagger Spray","floor":10.0},{"not_picked":["Heel Hook","Prepared"],"picked":"Dagger Throw","floor":12.0}],"player_experience":96551,"relics_obtained":[{"floor":9.0,"key":"Centennial Puzzle"},{"floor":10.0,"key":"Ninja Scroll"}],"event_choices":[{"damage_healed":0.0,"max_hp_gain":0.0,"max_hp_loss":0.0,"gold_gain":175.0,"event_name":"Liars Game","player_choice":"AGREE","floor":2.0,"gold_loss":0.0,"damage_taken":0.0,"cards_obtained":["Doubt"]},{"damage_healed":0.0,"max_hp_gain":0.0,"max_hp_loss":0.0,"gold_gain":0.0,"event_name":"Scrap Ooze","player_choice":"Success","floor":5.0,"gold_loss":0.0,"damage_taken":25.0,"relics_obtained":["Ancient Tea Set"]},{"damage_healed":0.0,"max_hp_gain":0.0,"max_hp_loss":0.0,"gold_gain":0.0,"event_name":"Shining Light","player_choice":"Entered Light","floor":13.0,"gold_loss":0.0,"damage_taken":14.0,"cards_upgraded":["Dagger Throw","PiercingWail"]},{"damage_healed":0.0,"max_hp_gain":0.0,"max_hp_loss":0.0,"gold_gain":0.0,"event_name":"World of Goop","player_choice":"Left Gold","floor":14.0,"gold_loss":34.0,"damage_taken":0.0}],"is_beta":false,"boss_relics":[],"items_purged_floors":[7],"is_endless":false,"potions_floor_spawned":[10,12],"killed_by":"Slime Boss","ascension_level":3}