{"gold_per_floor":[109,119,132,132,132,132,143,153,180,212,231,231,241,241,241,341,341,355,355,372,8,24,24,35,35,35,62,62,62,82,93,93,193,193,209,209,223,238,254,254,271,10,33,33,88,100,116,157,157,157],"floor_reached":51,"playtime":2934,"items_purged":["Strike_B","Strike_B"],"score":777,"play_id":"25408ffa-fabb-4d9c-8991-f1049b8fa4c1","local_time":"20181028183057","is_ascension_mode":false,"campfire_choices":[{"data":"Doom and Gloom","floor":6,"key":"SMITH"},{"data":"Go for the Eyes","floor":12,"key":"SMITH"},{"data":"Stack","floor":15,"key":"SMITH"},{"data":"Seek","floor":23,"key":"SMITH"},{"data":"Buffer","floor":28,"key":"SMITH"},{"data":"Consume","floor":32,"key":"SMITH"},{"data":"Transmutation","floor":40,"key":"SMITH"},{"data":"Discovery","floor":44,"key":"SMITH"},{"data":"Rainbow","floor":49,"key":"SMITH"}],"neow_cost":"NONE","seed_source_timestamp":35242817729329,"circlet_count":0,"master_deck":["Strike_B","Defend_B","Defend_B","Defend_B","Defend_B","Zap+1","Dualcast","Ball Lightning","Go for the Eyes+1","Doom and Gloom+1","Steam","Coolheaded","Chill","Stack+1","Hologram","Electrodynamics","Seek+1","Conserve Battery","Glacier","White Noise","Coolheaded+1","Buffer+1","Buffer+1","Consume+1","Reinforced Body","Core Surge","BootSequence+1","Finesse","Transmutation+1","Hologram+1","Loop+1","Discovery+1","Compile Driver","Leap","Coolheaded+1","Rainbow+1","Reinforced Body+1","Coolheaded+1"],"relics":["Cracked Core","Ancient Tea Set","Strawberry","Bag of Marbles","Sozu","Thread and Needle","Darkstone Periapt","Bronze Scales","Runic Dome","Blood Vial","Du-Vu Doll"],"potions_floor_usage":[7,8,50],"damage_taken":[{"damage":1,"enemies":"Jaw Worm","floor":1,"turns":3},{"damage":0,"enemies":"Cultist","floor":2,"turns":3},{"damage":1,"enemies":"Small Slimes","floor":3,"turns":3},{"damage":0,"enemies":"3 Louse","floor":7,"turns":2},{"damage":5,"enemies":"Exordium Thugs","floor":8,"turns":5},{"damage":6,"enemies":"Lagavulin","floor":10,"turns":5},{"damage":0,"enemies":"Lots of Slimes","floor":11,"turns":1},{"damage":0,"enemies":"2 Fungi Beasts","floor":13,"turns":2},{"damage":27,"enemies":"The Guardian","floor":16,"turns":11},{"damage":1,"enemies":"2 Thieves","floor":18,"turns":4},{"damage":0,"enemies":"Chosen","floor":20,"turns":3},{"damage":0,"enemies":"Centurion and Healer","floor":22,"turns":5},{"damage":0,"enemies":"Snake Plant","floor":24,"turns":4},{"damage":13,"enemies":"Gremlin Leader","floor":27,"turns":9},{"damage":0,"enemies":"Shelled Parasite and Fungi","floor":30,"turns":6},{"damage":0,"enemies":"Snecko","floor":31,"turns":7},{"damage":0,"enemies":"Collector","floor":33,"turns":13},{"damage":0,"enemies":"3 Shapes","floor":35,"turns":4},{"damage":0,"enemies":"Orb Walker","floor":37,"turns":3},{"damage":0,"enemies":"Sphere and 2 Shapes","floor":38,"turns":6},{"damage":0,"enemies":"Jaw Worm Horde","floor":39,"turns":2},{"damage":0,"enemies":"Transient","floor":41,"turns":5},{"damage":0,"enemies":"2 Orb Walkers","floor":45,"turns":5},{"damage":16,"enemies":"3 Darklings","floor":46,"turns":3},{"damage":0,"enemies":"4 Shapes","floor":47,"turns":3},{"damage":0,"enemies":"Maw","floor":48,"turns":9},{"damage":35,"enemies":"Awakened One","floor":50,"turns":20}],"seed_played":"8001133404531638017","potions_obtained":[{"floor":3,"key":"Fire Potion"},{"floor":7,"key":"SkillPotion"},{"floor":11,"key":"Ancient Potion"},{"floor":13,"key":"SpeedPotion"}],"is_trial":false,"path_per_floor":["M","M","M","?","?","R","M","M","T","E","M","R","M","?","R","B",null,"M","?","M","$","M","R","M","?","T","E","R","?","M","M","R","B",null,"M","?","M","M","M","R","M","$","T","R","?","M","M","M","R","B"],"character_chosen":"DEFECT","items_purchased":["Thread and Needle","Discovery","Compile Driver","Leap"],"campfire_rested":0,"item_purchase_floors":[21,42,42,42],"current_hp_per_floor":[74,74,73,73,78,78,78,73,73,74,74,74,74,74,74,47,87,86,86,86,86,86,86,86,86,86,73,73,73,73,73,73,73,87,87,77,77,77,77,77,77,77,77,77,79,65,67,69,69,36],"gold":157,"neow_bonus":"THREE_CARDS","is_prod":false,"is_daily":false,"chose_seed":false,"campfire_upgraded":9,"win_rate":0,"timestamp":1540719057,"path_taken":["M","M","M","?","?","R","M","M","T","E","M","R","?","?","R","BOSS","M","?","M","$","M","R","M","?","T","E","R","?","?","M","R","BOSS","M","?","M","M","M","R","M","$","T","R","?","M","?","M","R","BOSS"],"build_version":"2018-10-25v2","purchased_purges":2,"victory":true,"max_hp_per_floor":[75,75,75,75,80,80,80,80,80,87,87,87,87,87,87,87,87,87,87,87,87,87,87,87,87,87,87,87,87,87,87,87,87,87,87,87,87,87,87,87,87,87,87,87,87,87,87,87,87,87],"card_choices":[{"not_picked":["Static Discharge","Coolheaded"],"picked":"Ball Lightning","floor":0},{"not_picked":["Ball Lightning","Tempest"],"picked":"Go for the Eyes","floor":1},{"not_picked":["Coolheaded","Darkness"],"picked":"Doom and Gloom","floor":2},{"not_picked":["Redo","Reprogram"],"picked":"Steam","floor":3},{"not_picked":["Blizzard","Sweeping Beam"],"picked":"Coolheaded","floor":7},{"not_picked":["Cold Snap","Force Field"],"picked":"Chill","floor":8},{"not_picked":["Scrape","Turbo"],"picked":"Stack","floor":10},{"not_picked":["Storm","Double Energy"],"picked":"Hologram","floor":11},{"not_picked":["Static Discharge","Conserve Battery"],"picked":"Electrodynamics","floor":13},{"not_picked":["Reboot","Hyperbeam"],"picked":"Seek","floor":16},{"not_picked":["Stack","Fusion+1"],"picked":"Conserve Battery","floor":18},{"not_picked":["Cold Snap+1","Sweeping Beam+1"],"picked":"Glacier","floor":20},{"not_picked":["Beam Cell+1","Barrage+1"],"picked":"White Noise","floor":22},{"not_picked":["Beam Cell","Sweeping Beam"],"picked":"Coolheaded+1","floor":24},{"not_picked":["Coolheaded","Turbo"],"picked":"Buffer","floor":27},{"not_picked":["Compile Driver","Coolheaded+1"],"picked":"Consume","floor":30},{"not_picked":["White Noise","Streamline"],"picked":"Reinforced Body","floor":31},{"not_picked":["Multi-Cast","Meteor Strike"],"picked":"Core Surge","floor":33},{"not_picked":["Go for the Eyes+1","Sweeping Beam"],"picked":"BootSequence+1","floor":35},{"not_picked":["Magnetism","Secret Weapon"],"picked":"Finesse","floor":36},{"not_picked":["Bandage Up","Good Instincts"],"picked":"Transmutation","floor":36},{"not_picked":["Barrage","Turbo"],"picked":"Hologram+1","floor":37},{"not_picked":["Rip and Tear","Cold Snap+1","Go for the Eyes"],"picked":"SKIP","floor":38},{"not_picked":["Sunder+1","Streamline"],"picked":"Loop+1","floor":39},{"not_picked":["Fusion","Streamline+1","Genetic Algorithm"],"picked":"SKIP","floor":41},{"not_picked":["Melter+1","Turbo"],"picked":"Coolheaded+1","floor":45},{"not_picked":["Reprogram","Steam"],"picked":"Rainbow","floor":46},{"not_picked":["Steam","Leap"],"picked":"Reinforced Body+1","floor":47},{"not_picked":["Glacier","Steam+1"],"picked":"Coolheaded+1","floor":48}],"player_experience":362217,"relics_obtained":[{"floor":9,"key":"Ancient Tea Set"},{"floor":10,"key":"Strawberry"},{"floor":26,"key":"Darkstone Periapt"},{"floor":27,"key":"Bronze Scales"},{"floor":43,"key":"Blood Vial"},{"floor":45,"key":"Du-Vu Doll"}],"event_choices":[{"damage_healed":0,"gold_gain":0,"player_choice":"Upgraded","damage_taken":0,"max_hp_gain":0,"max_hp_loss":0,"event_name":"Upgrade Shrine","floor":4,"gold_loss":0,"cards_upgraded":["Zap"]},{"damage_healed":0,"gold_gain":0,"player_choice":"Donut","damage_taken":0,"max_hp_gain":5,"max_hp_loss":0,"event_name":"Big Fish","floor":5,"gold_loss":0},{"damage_healed":0,"gold_gain":0,"player_choice":"Gave Potion","damage_taken":0,"relics_obtained":["Bag of Marbles"],"max_hp_gain":0,"max_hp_loss":0,"event_name":"WeMeetAgain","floor":14,"gold_loss":0},{"cards_removed":["Strike_B"],"damage_healed":0,"gold_gain":0,"player_choice":"Offered Basic","damage_taken":0,"max_hp_gain":0,"max_hp_loss":0,"event_name":"Bonfire Elementals","floor":19,"gold_loss":0},{"damage_healed":0,"gold_gain":0,"player_choice":"Ignored","damage_taken":0,"max_hp_gain":0,"max_hp_loss":0,"event_name":"Beggar","floor":25,"gold_loss":0},{"damage_healed":0,"gold_gain":0,"player_choice":"Copied","damage_taken":0,"max_hp_gain":0,"max_hp_loss":0,"event_name":"Duplicator","floor":29,"gold_loss":0,"cards_obtained":["Buffer"]},{"damage_healed":0,"gold_gain":0,"player_choice":"Memory 3","damage_taken":10,"max_hp_gain":0,"max_hp_loss":0,"event_name":"SensoryStone","floor":36,"gold_loss":0},{"damage_healed":0,"gold_gain":0,"player_choice":"Fight","damage_taken":0,"max_hp_gain":0,"max_hp_loss":0,"event_name":"Mysterious Sphere","floor":45,"gold_loss":0}],"is_beta":false,"boss_relics":[{"not_picked":["Orrery","Tiny House"],"picked":"Sozu"},{"not_picked":["Busted Crown","Fusion Hammer"],"picked":"Runic Dome"}],"items_purged_floors":[21,42],"is_endless":false,"potions_floor_spawned":[3,7,11,13,20,22,24,33,35,38,39,45,46],"ascension_level":0}