{"gold_per_floor":[114,64,64,84,96,96,59,48,102,102,102,113,113,125,125,125],"floor_reached":16,"playtime":854,"items_purged":[],"score":92,"play_id":"e80f7e2a-4bdf-4a2c-a3c2-f5764c8ee7cf","local_time":"20190831185053","is_ascension_mode":false,"campfire_choices":[{"data":"Shrug It Off","floor":6,"key":"SMITH"},{"floor":11,"key":"REST"},{"data":"Inflame","floor":13,"key":"SMITH"},{"floor":15,"key":"REST"}],"neow_cost":"NONE","seed_source_timestamp":624765086784217,"circlet_count":0,"master_deck":["Strike_R","Strike_R","Strike_R","Strike_R","Defend_R","Defend_R","Defend_R","Bash","Rupture","Regret","Shrug It Off+1","Flex","Inflame+1","Clash","Metallicize","Power Through"],"relics":["Burning Blood","Omamori","Ancient Tea Set","Centennial Puzzle"],"potions_floor_usage":[8],"damage_taken":[{"damage":10,"enemies":"Small Slimes","floor":1,"turns":4},{"damage":20,"enemies":"Jaw Worm","floor":4,"turns":5},{"damage":19,"enemies":"2 Louse","floor":5,"turns":3},{"damage":29,"enemies":"Exordium Thugs","floor":8,"turns":5},{"damage":6,"enemies":"3 Louse","floor":12,"turns":3},{"damage":9,"enemies":"Looter","floor":14,"turns":4},{"damage":78,"enemies":"The Guardian","floor":16,"turns":11}],"seed_played":"-8078816169342478831","potions_obtained":[{"floor":5,"key":"Ancient Potion"}],"is_trial":false,"path_per_floor":["M","?","?","M","M","R","$","M","T","?","R","M","R","M","R","B"],"character_chosen":"IRONCLAD","items_purchased":["Inflame"],"campfire_rested":2,"item_purchase_floors":[7],"current_hp_per_floor":[76,76,76,62,49,49,49,26,26,26,50,50,50,47,71,0],"gold":125,"neow_bonus":"TRANSFORM_CARD","is_prod":false,"is_daily":false,"chose_seed":false,"campfire_upgraded":2,"win_rate":0.0,"timestamp":1567295453,"path_taken":["M","?","?","M","M","R","?","M","T","?","R","M","R","M","R","BOSS"],"build_version":"2019-07-17","purchased_purges":0,"victory":false,"max_hp_per_floor":[80,80,80,80,80,80,80,80,80,80,80,80,80,80,80,80],"card_choices":[{"not_picked":["Sword Boomerang","Sentinel","Twin Strike"],"picked":"SKIP","floor":1},{"not_picked":["Pommel Strike","Flex"],"picked":"Shrug It Off","floor":4},{"not_picked":["Iron Wave","Havoc"],"picked":"Flex","floor":5},{"not_picked":["Body Slam","Anger"],"picked":"Clash","floor":8},{"not_picked":["Iron Wave","Body Slam"],"picked":"Metallicize","floor":12},{"not_picked":["True Grit","Rupture"],"picked":"Power Through","floor":14}],"player_experience":48356,"relics_obtained":[{"floor":9,"key":"Ancient Tea Set"}],"event_choices":[{"cards_removed":["Defend_R"],"damage_healed":0,"gold_gain":0,"player_choice":"Card Removal","damage_taken":0,"max_hp_gain":0,"max_hp_loss":0,"event_name":"The Cleric","floor":2,"gold_loss":50},{"damage_healed":0,"gold_gain":0,"player_choice":"Box","damage_taken":0,"relics_obtained":["Omamori"],"max_hp_gain":0,"max_hp_loss":0,"event_name":"Big Fish","floor":3,"gold_loss":0,"cards_obtained":["Regret"]},{"damage_healed":0,"gold_gain":0,"player_choice":"Searched \u00272\u0027 times","damage_taken":0,"relics_obtained":["Centennial Puzzle"],"max_hp_gain":0,"max_hp_loss":0,"event_name":"Dead Adventurer","floor":10,"gold_loss":0}],"is_beta":false,"boss_relics":[],"items_purged_floors":[],"is_endless":false,"potions_floor_spawned":[5],"killed_by":"The Guardian","ascension_level":0}