{"gold_per_floor":[116,129,143,15,25,25,25,25,52,52,64,64,83,101,101,197,197,213,213,26,26,3,3,19,19,19,39,39,51,62,12,12,107,107,124,124,172,172,0,0,13,13,37,37,37,1,1,1,1,1],"floor_reached":51,"playtime":2695,"items_purged":["Strike_G","Strike_G+1"],"score":658,"play_id":"f322b793-6cfc-4fee-92cb-4c35031cb1cc","local_time":"20180924204954","is_ascension_mode":false,"campfire_choices":[{"data":"Endless Agony","floor":6.0,"key":"SMITH"},{"data":"Wraith Form v2","floor":8.0,"key":"SMITH"},{"data":"Blade Dance","floor":10.0,"key":"SMITH"},{"data":"Skewer","floor":12.0,"key":"SMITH"},{"data":"Deadly Poison","floor":15.0,"key":"SMITH"},{"data":"Noxious Fumes","floor":23.0,"key":"SMITH"},{"data":"Glass Knife","floor":25.0,"key":"SMITH"},{"data":"Backflip","floor":28.0,"key":"SMITH"},{"floor":32.0,"key":"REST"},{"data":"Footwork","floor":40.0,"key":"SMITH"},{"floor":42.0,"key":"REST"},{"data":"Adrenaline","floor":45.0,"key":"SMITH"},{"data":"Noxious Fumes","floor":47.0,"key":"SMITH"},{"floor":49.0,"key":"REST"}],"neow_cost":"NONE","seed_source_timestamp":260642720728604,"circlet_count":0,"master_deck":["Defend_G+1","Defend_G+1","Defend_G+1","Defend_G+1","Defend_G+1","Strike_G+1","Strike_G+1","Survivor","Neutralize+1","Endless Agony+1","Slice","PiercingWail","Blade Dance+1","Wraith Form v2+1","Skewer+1","Deadly Poison+1","Terror","Glass Knife+1","Quick Slash+1","Noxious Fumes+1","Blur","Leg Sweep","Sucker Punch","Deflect+1","Backflip+1","Finisher+1","PiercingWail","Cloak And Dagger","Acrobatics+1","Adrenaline+1","Heel Hook","Footwork+1","Catalyst+1","Noxious Fumes","PiercingWail+1","Noxious Fumes+1","Madness","Madness"],"special_seed":0,"relics":["Ring of the Snake","Smiling Mask","Philosopher\u0027s Stone","MutagenicStrength","Prayer Wheel","Black Star","Torii","WingedGreaves","FaceOfCleric","Red Mask","Anchor"],"potions_floor_usage":[50,50],"damage_taken":[{"damage":1.0,"enemies":"Jaw Worm","floor":1.0,"turns":7.0},{"damage":0.0,"enemies":"2 Louse","floor":2.0,"turns":2.0},{"damage":0.0,"enemies":"Small Slimes","floor":3.0,"turns":4.0},{"damage":0.0,"enemies":"Red Slaver","floor":5.0,"turns":5.0},{"damage":0.0,"enemies":"2 Fungi Beasts","floor":11.0,"turns":4.0},{"damage":0.0,"enemies":"Gremlin Gang","floor":13.0,"turns":5.0},{"damage":0.0,"enemies":"Exordium Thugs","floor":14.0,"turns":4.0},{"damage":6.0,"enemies":"Hexaghost","floor":16.0,"turns":9.0},{"damage":11.0,"enemies":"Shell Parasite","floor":18.0,"turns":5.0},{"damage":0.0,"enemies":"Spheric Guardian","floor":24.0,"turns":4.0},{"damage":0.0,"enemies":"Snake Plant","floor":27.0,"turns":4.0},{"damage":13.0,"enemies":"Chosen and Byrds","floor":29.0,"turns":7.0},{"damage":0.0,"enemies":"Cultist and Chosen","floor":30.0,"turns":6.0},{"damage":31.0,"enemies":"Collector","floor":33.0,"turns":12.0},{"damage":0.0,"enemies":"3 Shapes","floor":35.0,"turns":4.0},{"damage":13.0,"enemies":"Mind Bloom Boss Battle","floor":36.0,"turns":8.0},{"damage":15.0,"enemies":"Mysterious Sphere","floor":37.0,"turns":7.0},{"damage":2.0,"enemies":"3 Darklings","floor":41.0,"turns":7.0},{"damage":69,"enemies":"Awakened One","floor":50,"turns":15}],"seed_played":"4350686695696879290","potions_obtained":[{"floor":2.0,"key":"SpeedPotion"},{"floor":3.0,"key":"SpeedPotion"},{"floor":13.0,"key":"SkillPotion"},{"floor":18.0,"key":"Ancient Potion"},{"floor":24.0,"key":"Fire Potion"},{"floor":33.0,"key":"Strength Potion"},{"floor":36.0,"key":"Strength Potion"},{"floor":37.0,"key":"SteroidPotion"}],"is_trial":false,"path_per_floor":["M","M","M","$","M","R","?","R","T","R","M","R","M","M","R","B",null,"M","?","$","?","$","R","M","R","T","M","R","M","M","$","R","B",null,"M","?","?","?","?","R","M","R","T","$","R","$","R","?","R","B"],"character_chosen":"THE_SILENT","items_purchased":["Blade Dance","Noxious Fumes","Blur","Leg Sweep","Sucker Punch","Noxious Fumes"],"campfire_rested":3,"item_purchase_floors":[4,20,20,20,22,46],"current_hp_per_floor":[69,69,69,69,69,69,62,62,62,62,62,62,62,62,62,56,70,59,59,59,59,59,59,59,59,59,59,59,46,46,46,67,36,70,70,57,42,42,42,42,41,62,62,62,62,62,62,53,71,3],"gold":1,"neow_bonus":"UPGRADE_CARD","is_prod":false,"is_daily":false,"chose_seed":false,"campfire_upgraded":11,"win_rate":1,"timestamp":1537789794,"path_taken":["M","M","M","$","M","R","?","R","T","R","M","R","?","M","R","BOSS","M","?","?","?","$","R","M","R","T","M","R","M","M","$","R","BOSS","M","?","?","?","?","R","M","R","T","?","R","$","R","?","R","BOSS"],"build_version":"2018-09-20","purchased_purges":2,"victory":true,"max_hp_per_floor":[70,70,70,70,70,70,70,70,70,70,70,70,70,70,70,70,70,70,70,70,70,70,70,70,70,70,70,70,70,70,70,70,70,70,70,70,70,70,70,70,71,71,71,71,71,71,71,71,71,72],"card_choices":[{"not_picked":["Underhanded Strike","Acrobatics"],"picked":"Endless Agony","floor":1.0},{"not_picked":["Underhanded Strike","Blade Dance"],"picked":"Slice","floor":2.0},{"not_picked":["Deflect","Prepared"],"picked":"PiercingWail","floor":3.0},{"not_picked":["Outmaneuver","Distraction"],"picked":"Wraith Form v2","floor":5.0},{"not_picked":["Tactician","Dodge and Roll"],"picked":"Skewer","floor":11.0},{"not_picked":["Skewer","Choke"],"picked":"Deadly Poison","floor":13.0},{"not_picked":["Dodge and Roll","Deflect"],"picked":"Terror","floor":14.0},{"not_picked":["Doppelganger","Burst"],"picked":"Glass Knife","floor":16.0},{"not_picked":["Acrobatics","Expertise"],"picked":"Quick Slash+1","floor":18.0},{"not_picked":["Acrobatics","Flying Knee"],"picked":"Deflect+1","floor":24.0},{"not_picked":["Choke+1","Deflect"],"picked":"Backflip","floor":27.0},{"not_picked":["Blade Dance","Bane+1"],"picked":"Finisher+1","floor":27.0},{"not_picked":["Deadly Poison","Deflect"],"picked":"PiercingWail","floor":29.0},{"not_picked":["Sucker Punch+1","Flechettes"],"picked":"Cloak And Dagger","floor":29.0},{"not_picked":["Venomology","Deflect"],"picked":"Acrobatics+1","floor":30.0},{"not_picked":["Slice+1","Accuracy+1","Cloak And Dagger"],"picked":"SKIP","floor":30.0},{"not_picked":["Unload","A Thousand Cuts"],"picked":"Adrenaline","floor":33.0},{"not_picked":["Bane+1","Accuracy+1"],"picked":"Heel Hook","floor":35.0},{"not_picked":["Deadly Poison","Dodge and Roll"],"picked":"Footwork","floor":35.0},{"not_picked":["Finisher+1","Dagger Spray+1"],"picked":"Catalyst+1","floor":37.0},{"not_picked":["Endless Agony+1","Deflect"],"picked":"Noxious Fumes","floor":41.0},{"not_picked":["Dagger Spray","Tactician+1"],"picked":"PiercingWail+1","floor":41.0}],"player_experience":62230,"relics_obtained":[{"floor":9.0,"key":"Smiling Mask"},{"floor":26.0,"key":"Prayer Wheel"},{"floor":36.0,"key":"Torii"},{"floor":37.0,"key":"WingedGreaves"},{"floor":43.0,"key":"Anchor"}],"event_choices":[{"event_name":"Golden Wing","player_choice":"Card Removal","floor":7.0,"damage_taken":0.0},{"event_name":"Drug Dealer","player_choice":"Inject Mutagens","floor":19.0,"damage_taken":0.0},{"event_name":"Back to Basics","player_choice":"Simplicity","floor":21.0,"damage_taken":0.0},{"event_name":"MindBloom","player_choice":"Fight","floor":36.0,"damage_taken":0.0},{"event_name":"Mysterious Sphere","player_choice":"Fight","floor":37.0,"damage_taken":0.0},{"event_name":"FaceTrader","player_choice":"Trade","floor":38.0,"damage_taken":0.0},{"event_name":"Tomb of Lord Red Mask","player_choice":"Paid","floor":39.0,"damage_taken":0.0},{"event_name":"Winding Halls","player_choice":"Embrace Madness","floor":48.0,"damage_taken":0.0}],"is_beta":false,"boss_relics":[{"not_picked":["Lizard Tail","Tiny House"],"picked":"Philosopher\u0027s Stone"},{"not_picked":["White Beast Statue","Runic Pyramid"],"picked":"Black Star"}],"items_purged_floors":[4,31],"is_endless":false,"potions_floor_spawned":[2,3,13,18,24,33,36,37],"ascension_level":0}