{"gold_per_floor":[115,129,129,147,165,165,185,204,204,204,220,220,551,551,551,551],"floor_reached":16,"playtime":1451,"items_purged":[],"score":104,"play_id":"11c325d2-57a2-4cdd-a4bd-ec628549e7d2","local_time":"20190629185128","is_ascension_mode":false,"campfire_choices":[{"data":"Poisoned Stab","floor":6,"key":"SMITH"},{"data":"Blur","floor":15,"key":"SMITH"}],"neow_cost":"NONE","seed_source_timestamp":174152193362211,"circlet_count":0,"master_deck":["Defend_G","Defend_G","Defend_G","Defend_G","Defend_G","Strike_G","Strike_G","Strike_G","Strike_G","Strike_G","Survivor","Infinite Blades","Backflip+1","Poisoned Stab+1","Outmaneuver","Infinite Blades","Dagger Spray+1","Predator","Blur+1","Blur"],"relics":["Ring of the Snake","Peace Pipe","Mercury Hourglass","Old Coin"],"potions_floor_usage":[],"damage_taken":[{"damage":2,"enemies":"Small Slimes","floor":1,"turns":6},{"damage":1,"enemies":"Cultist","floor":2,"turns":7},{"damage":1,"enemies":"Jaw Worm","floor":4,"turns":5},{"damage":4,"enemies":"3 Louse","floor":5,"turns":4},{"damage":1,"enemies":"2 Fungi Beasts","floor":7,"turns":4},{"damage":0,"enemies":"Looter","floor":8,"turns":5},{"damage":1,"enemies":"3 Louse","floor":11,"turns":2},{"damage":13,"enemies":"Lagavulin","floor":13,"turns":5},{"damage":70,"enemies":"The Guardian","floor":16,"turns":10}],"seed_played":"8221255743655716233","potions_obtained":[{"floor":2,"key":"SpeedPotion"},{"floor":5,"key":"Regen Potion"},{"floor":8,"key":"SteroidPotion"}],"is_trial":false,"path_per_floor":["M","M","?","M","M","R","M","M","T","?","M","T","E","?","R","B"],"character_chosen":"THE_SILENT","items_purchased":[],"campfire_rested":0,"item_purchase_floors":[],"current_hp_per_floor":[68,67,67,66,62,62,61,61,61,61,60,60,47,70,70,0],"gold":551,"neow_bonus":"TRANSFORM_CARD","is_prod":false,"is_daily":false,"chose_seed":false,"campfire_upgraded":2,"win_rate":0.0,"timestamp":1561852288,"path_taken":["M","M","?","M","M","R","M","?","T","?","?","?","E","?","R","BOSS"],"build_version":"2019-01-23","purchased_purges":0,"victory":false,"max_hp_per_floor":[70,70,70,70,70,70,70,70,70,70,70,70,70,70,70,70],"card_choices":[{"not_picked":["Dagger Throw","Acrobatics"],"picked":"Backflip","floor":1},{"not_picked":["Blade Dance","Outmaneuver"],"picked":"Poisoned Stab","floor":2},{"not_picked":["PiercingWail","Deflect"],"picked":"Outmaneuver","floor":4},{"not_picked":["Reflex","PiercingWail"],"picked":"Infinite Blades","floor":5},{"not_picked":["Poisoned Stab","Calculated Gamble"],"picked":"Dagger Spray","floor":7},{"not_picked":["Quick Slash","Calculated Gamble"],"picked":"Predator","floor":8},{"not_picked":["Backflip","Backstab"],"picked":"Blur","floor":11},{"not_picked":["Prepared","Tools of the Trade"],"picked":"Blur","floor":13}],"player_experience":19146,"relics_obtained":[{"floor":9,"key":"Peace Pipe"},{"floor":12,"key":"Mercury Hourglass"},{"floor":13,"key":"Old Coin"}],"event_choices":[{"damage_healed":0,"gold_gain":0,"player_choice":"Forge","damage_taken":0,"max_hp_gain":0,"max_hp_loss":0,"event_name":"Accursed Blacksmith","floor":3,"gold_loss":0,"cards_upgraded":["Backflip"]},{"damage_healed":0,"gold_gain":0,"player_choice":"Upgraded","damage_taken":0,"max_hp_gain":0,"max_hp_loss":0,"event_name":"Upgrade Shrine","floor":10,"gold_loss":0,"cards_upgraded":["Dagger Spray"]},{"damage_healed":23,"gold_gain":0,"player_choice":"Banana","damage_taken":0,"max_hp_gain":0,"max_hp_loss":0,"event_name":"Big Fish","floor":14,"gold_loss":0}],"is_beta":false,"boss_relics":[],"items_purged_floors":[],"is_endless":false,"potions_floor_spawned":[2,5,8,11],"killed_by":"The Guardian","ascension_level":0}