{"gold_per_floor":[116,291,291,241,251,251,278,295,295,320,320,196,196,213,213,318,318,334,234,414,414,430,446,25,35,35,35,46,64,83,102,102,202,202,219,239,39,39,39,97,97,108,108,127,139,139,156,185,185,185],"floor_reached":51,"playtime":2388,"items_purged":["Strike_R","Strike_R","Strike_R"],"score":846,"play_id":"86a72b27-4d20-459c-bed1-bbe5abaf778e","local_time":"20181008202903","is_ascension_mode":false,"campfire_choices":[{"data":"Armaments","floor":6.0,"key":"SMITH"},{"data":"Body Slam","floor":11.0,"key":"SMITH"},{"data":"Bash","floor":13.0,"key":"SMITH"},{"data":"Rampage","floor":15.0,"key":"SMITH"},{"data":"Barricade","floor":27.0,"key":"SMITH"},{"data":"Body Slam","floor":32.0,"key":"SMITH"},{"floor":41,"key":"REST"},{"floor":49,"key":"REST"}],"neow_cost":"NONE","seed_source_timestamp":701635304245213,"circlet_count":0,"master_deck":["Strike_R","Strike_R","Defend_R","Defend_R","Defend_R","Defend_R","Bash+1","Armaments+1","Rampage+1","Flex+1","Disarm+1","True Grit+1","Barricade+1","True Grit+1","Shrug It Off+1","Shrug It Off+1","Body Slam+1","Demon Form","True Grit+1","Pommel Strike+1","Flame Barrier+1","True Grit+1","Warcry+1"],"special_seed":0,"relics":["Burning Blood","NeowsBlessing","Toxic Egg 2","Meat on the Bone","Dream Catcher","Velvet Choker","Mercury Hourglass","Red Skull","Runic Dome","Happy Flower","Tiny Chest","Self Forming Clay","Dodecahedron","Potion Belt"],"potions_floor_usage":[40,40,45,50,50],"damage_taken":[{"damage":0.0,"enemies":"Small Slimes","floor":1.0,"turns":1.0},{"damage":0.0,"enemies":"Cultist","floor":5.0,"turns":1.0},{"damage":0.0,"enemies":"Gremlin Nob","floor":7.0,"turns":1.0},{"damage":4.0,"enemies":"Jaw Worm","floor":8.0,"turns":5.0},{"damage":29.0,"enemies":"3 Sentries","floor":10.0,"turns":10.0},{"damage":13.0,"enemies":"Exordium Wildlife","floor":14.0,"turns":6.0},{"damage":20.0,"enemies":"Hexaghost","floor":16.0,"turns":9.0},{"damage":4.0,"enemies":"3 Byrds","floor":18.0,"turns":7.0},{"damage":6.0,"enemies":"2 Thieves","floor":22.0,"turns":4.0},{"damage":15.0,"enemies":"Centurion and Healer","floor":23.0,"turns":6.0},{"damage":7.0,"enemies":"Shelled Parasite and Fungi","floor":25.0,"turns":8.0},{"damage":0.0,"enemies":"3 Cultists","floor":28.0,"turns":6.0},{"damage":14.0,"enemies":"Sentry and Sphere","floor":29.0,"turns":8.0},{"damage":6.0,"enemies":"Snake Plant","floor":30.0,"turns":5.0},{"damage":0.0,"enemies":"Cultist and Chosen","floor":31.0,"turns":8.0},{"damage":2.0,"enemies":"Automaton","floor":33.0,"turns":11.0},{"damage":26.0,"enemies":"3 Darklings","floor":35.0,"turns":8.0},{"damage":22.0,"enemies":"Orb Walker","floor":36.0,"turns":5.0},{"damage":33,"enemies":"2 Orb Walkers","floor":40,"turns":5},{"damage":0,"enemies":"4 Shapes","floor":42,"turns":8},{"damage":21,"enemies":"3 Darklings","floor":44,"turns":7},{"damage":0,"enemies":"Spire Growth","floor":45,"turns":7},{"damage":16,"enemies":"4 Shapes","floor":47,"turns":6},{"damage":0,"enemies":"Giant Head","floor":48,"turns":7},{"damage":15,"enemies":"Donu and Deca","floor":50,"turns":11}],"seed_played":"-5651598228565953508","potions_obtained":[{"floor":5.0,"key":"BloodPotion"},{"floor":7.0,"key":"Strength Potion"},{"floor":8.0,"key":"BloodPotion"},{"floor":22.0,"key":"PowerPotion"},{"floor":29.0,"key":"Block Potion"},{"floor":36.0,"key":"Ancient Potion"},{"floor":45,"key":"Dexterity Potion"},{"floor":48,"key":"FearPotion"}],"is_trial":false,"path_per_floor":["M","?","?","?","M","R","E","M","T","E","R","$","R","M","R","B",null,"M","$","?","?","M","M","$","M","T","R","M","M","M","M","R","B",null,"M","M","$","?","?","E","R","M","T","M","M","T","M","E","R","B"],"character_chosen":"IRONCLAD","items_purchased":["True Grit+1","Mercury Hourglass","Shrug It Off+1","Happy Flower","PowerPotion"],"campfire_rested":2,"item_purchase_floors":[12,24,24,37,37],"current_hp_per_floor":[80,80,85,85,85,85,85,85,85,62,62,62,62,55,55,53,85,85,85,61,61,61,60,60,59,59,59,65,57,57,63,63,67,85,65,49,49,49,49,34,59,65,65,50,56,56,58,64,85,76],"gold":185,"neow_bonus":"THREE_ENEMY_KILL","is_prod":false,"is_daily":false,"chose_seed":false,"campfire_upgraded":6,"win_rate":0,"timestamp":1538998143,"path_taken":["M","?","?","?","M","R","E","M","T","E","R","$","R","M","R","BOSS","M","$","?","?","M","M","$","M","T","R","?","M","M","M","R","BOSS","M","M","$","?","?","E","R","M","T","M","M","?","M","E","R","BOSS"],"build_version":"2018-10-04v2","purchased_purges":3,"victory":true,"max_hp_per_floor":[80,80,85,85,85,85,85,85,85,85,85,85,85,85,85,85,85,85,85,85,85,85,85,85,85,85,85,85,85,85,85,85,85,85,85,85,85,85,85,85,85,85,85,85,85,85,85,85,85,85],"card_choices":[{"not_picked":["Flex","Clash"],"picked":"Armaments","floor":1.0},{"not_picked":["Spot Weakness","Clash"],"picked":"Body Slam","floor":5.0},{"not_picked":["Headbutt","Evolve"],"picked":"Rampage","floor":7.0},{"not_picked":["Clothesline","Havoc+1"],"picked":"Flex+1","floor":8.0},{"not_picked":["Corruption","Thunderclap"],"picked":"Disarm+1","floor":10.0},{"not_picked":["Iron Wave","Thunderclap","Havoc+1"],"picked":"SKIP","floor":14.0},{"not_picked":["Berserk","Fiend Fire"],"picked":"Barricade","floor":16.0},{"not_picked":["Dual Wield+1","Pommel Strike","Armaments+1"],"picked":"SKIP","floor":18.0},{"not_picked":["Thunderclap","Body Slam"],"picked":"True Grit+1","floor":22.0},{"not_picked":["Combust","Havoc+1","Armaments+1"],"picked":"SKIP","floor":23.0},{"not_picked":["Flex+1","Wild Strike","Evolve+1"],"picked":"SKIP","floor":25.0},{"not_picked":["Clash","Heavy Blade","Immolate"],"picked":"SKIP","floor":28.0},{"not_picked":["Whirlwind+1","Perfected Strike+1","Sever Soul+1"],"picked":"SKIP","floor":29.0},{"not_picked":["Hemokinesis","Wild Strike"],"picked":"Shrug It Off+1","floor":30.0},{"not_picked":["Headbutt+1","Armaments+1"],"picked":"Body Slam","floor":31.0},{"not_picked":["Limit Break+1","Impervious+1"],"picked":"Demon Form","floor":33.0},{"not_picked":["Wild Strike","Sword Boomerang+1","Combust+1"],"picked":"SKIP","floor":35.0},{"not_picked":["Pommel Strike","Clash+1"],"picked":"True Grit+1","floor":36.0},{"not_picked":["Heavy Blade","Blood for Blood"],"picked":"Pommel Strike+1","floor":40},{"not_picked":["Cleave+1","Twin Strike"],"picked":"Flame Barrier+1","floor":42},{"not_picked":["Fire Breathing","Clothesline","Disarm+1"],"picked":"SKIP","floor":44},{"not_picked":["Bloodletting+1","Havoc+1","Spot Weakness+1"],"picked":"SKIP","floor":45},{"not_picked":["Twin Strike+1","Pommel Strike+1","Corruption"],"picked":"SKIP","floor":47},{"not_picked":["Sever Soul","Blood for Blood+1"],"picked":"True Grit+1","floor":48},{"not_picked":["Clash","Spot Weakness+1"],"picked":"Warcry+1","floor":49}],"player_experience":169910,"relics_obtained":[{"floor":7.0,"key":"Toxic Egg 2"},{"floor":9.0,"key":"Meat on the Bone"},{"floor":10.0,"key":"Dream Catcher"},{"floor":26.0,"key":"Red Skull"},{"floor":40,"key":"Tiny Chest"},{"floor":43,"key":"Self Forming Clay"},{"floor":46,"key":"Dodecahedron"},{"floor":48,"key":"Potion Belt"}],"event_choices":[{"event_name":"Liars Game","player_choice":"agreed","floor":2.0,"damage_taken":0.0},{"event_name":"Big Fish","player_choice":"Donut","floor":3.0,"damage_taken":0.0},{"event_name":"The Cleric","player_choice":"Card Removal","floor":4.0,"damage_taken":0.0},{"event_name":"Knowing Skull","player_choice":"GOLD GOLD ","floor":20.0,"damage_taken":0.0},{"event_name":"Ghosts","player_choice":"Ignored","floor":21.0,"damage_taken":0.0},{"event_name":"Mysterious Sphere","player_choice":"Ignore","floor":38.0,"damage_taken":0.0},{"event_name":"Falling","player_choice":"Removed Attack","floor":39.0,"damage_taken":0.0}],"is_beta":false,"boss_relics":[{"not_picked":["Tiny House","Empty Cage"],"picked":"Velvet Choker"},{"not_picked":["Calling Bell","Lizard Tail"],"picked":"Runic Dome"}],"items_purged_floors":[12,19,24],"is_endless":false,"potions_floor_spawned":[5,7,8,22,29,30,36,45,48],"ascension_level":0}