{"gold_per_floor":[115,126,5,19,33,33,64,64,110,142,159,159,172,188,188,293,293,306,320,42,53,328,328,344,344,344,444,458,477,55,55,55,156,156,167,178,13,13,23,23,53,53,76,76,86,96,17,17,17,17],"floor_reached":51,"playtime":2635,"items_purged":["Strike_B","Regret","Defend_B"],"score":741,"play_id":"05042ebf-1757-4f5f-b758-40c2922a029c","local_time":"20181003234629","is_ascension_mode":false,"campfire_choices":[{"data":"Zap","floor":6,"key":"SMITH"},{"data":"Go for the Eyes","floor":8,"key":"SMITH"},{"data":"Leap","floor":12,"key":"SMITH"},{"data":"Coolheaded","floor":15,"key":"SMITH"},{"data":"White Noise","floor":23,"key":"SMITH"},{"data":"Self Repair","floor":25,"key":"SMITH"},{"data":"Defragment","floor":32,"key":"SMITH"},{"data":"Defragment","floor":40,"key":"SMITH"},{"data":"Thunder Strike","floor":42,"key":"SMITH"},{"data":"Gash","floor":44,"key":"SMITH"},{"data":"Gash","floor":49,"key":"SMITH"}],"neow_cost":"NONE","seed_source_timestamp":281280184368519,"circlet_count":0,"master_deck":["Defend_B","Defend_B","Zap+1","Dualcast","Go for the Eyes+1","Cold Snap+1","Coolheaded+1","Leap+1","Ball Lightning","Gash+1","Coolheaded","Hologram","Gash+1","BootSequence","Electrodynamics","Hologram","White Noise+1","Self Repair+1","Gash+1","Defragment+1","Thunder Strike+1","All For One","Coolheaded+1","Defragment+1","Glacier+1","Echo Form","Storm"],"relics":["Cracked Core","Shuriken","Orichalcum","Blood Vial","Busted Crown","OrangePellets","Bag of Preparation","Torii","Ornamental Fan","Happy Flower","Empty Cage","Pocketwatch","Whetstone","Letter Opener"],"potions_floor_usage":[13,27,50,50,50],"damage_taken":[{"damage":0,"enemies":"2 Louse","floor":1,"turns":4},{"damage":0,"enemies":"Cultist","floor":2,"turns":3},{"damage":0,"enemies":"Jaw Worm","floor":4,"turns":4},{"damage":0,"enemies":"Looter","floor":5,"turns":4},{"damage":3,"enemies":"Lagavulin","floor":7,"turns":9},{"damage":6,"enemies":"3 Sentries","floor":10,"turns":7},{"damage":2,"enemies":"Exordium Thugs","floor":11,"turns":3},{"damage":0,"enemies":"Lots of Slimes","floor":13,"turns":6},{"damage":0,"enemies":"Large Slime","floor":14,"turns":5},{"damage":18,"enemies":"Slime Boss","floor":16,"turns":11},{"damage":0,"enemies":"Chosen","floor":18,"turns":4},{"damage":1,"enemies":"Spheric Guardian","floor":19,"turns":4},{"damage":11,"enemies":"Cultist and Chosen","floor":21,"turns":6},{"damage":3,"enemies":"3 Cultists","floor":24,"turns":3},{"damage":17,"enemies":"Colosseum Slavers","floor":27,"turns":4},{"damage":32,"enemies":"Colosseum Nobs","floor":27,"turns":5},{"damage":2,"enemies":"Shelled Parasite and Fungi","floor":28,"turns":4},{"damage":1,"enemies":"Centurion and Healer","floor":29,"turns":5},{"damage":16,"enemies":"Champ","floor":33,"turns":10},{"damage":0,"enemies":"3 Shapes","floor":35,"turns":3},{"damage":0,"enemies":"Orb Walker","floor":36,"turns":2},{"damage":0,"enemies":"3 Darklings","floor":39,"turns":4},{"damage":0,"enemies":"Giant Head","floor":41,"turns":8},{"damage":0,"enemies":"Maw","floor":45,"turns":5},{"damage":1,"enemies":"4 Shapes","floor":46,"turns":3},{"damage":39,"enemies":"Time Eater","floor":50,"turns":12}],"seed_played":"-3786989344228014504","potions_obtained":[{"floor":4,"key":"Block Potion"},{"floor":10,"key":"SkillPotion"},{"floor":14,"key":"Energy Potion"},{"floor":16,"key":"Dexterity Potion"},{"floor":28,"key":"Ancient Potion"},{"floor":29,"key":"PowerPotion"}],"is_trial":false,"path_per_floor":["M","M","$","M","M","R","E","R","T","E","M","R","M","M","R","B",null,"M","M","$","M","?","R","M","R","T","?","M","M","$","$","R","B",null,"M","M","$","?","M","R","E","R","T","R","M","M","$","T","R","B"],"character_chosen":"DEFECT","items_purchased":["Coolheaded","OrangePellets","Self Repair","Defragment","Thunder Strike","Happy Flower","Defragment","Storm"],"campfire_rested":0,"item_purchase_floors":[3,20,20,30,30,30,37,47],"current_hp_per_floor":[75,75,75,75,75,75,72,72,72,66,66,66,68,70,70,54,75,75,74,74,71,71,71,70,70,70,45,65,75,75,75,75,69,75,75,75,75,75,75,75,75,75,75,75,75,75,75,75,75,36],"gold":17,"neow_bonus":"REMOVE_CARD","is_prod":false,"is_daily":false,"chose_seed":false,"campfire_upgraded":11,"win_rate":1,"timestamp":1538577989,"path_taken":["M","M","$","M","M","R","E","R","T","E","M","R","M","M","R","BOSS","M","M","$","M","?","R","?","R","T","?","?","M","?","$","R","BOSS","M","M","$","?","M","R","E","R","T","R","M","M","?","?","R","BOSS"],"build_version":"2018-09-27","purchased_purges":3,"victory":true,"max_hp_per_floor":[75,75,75,75,75,75,75,75,75,75,75,75,75,75,75,75,75,75,75,75,75,75,75,75,75,75,75,75,75,75,75,75,75,75,75,75,75,75,75,75,75,75,75,75,75,75,75,75,75,75],"card_choices":[{"not_picked":["Turbo","Sweeping Beam"],"picked":"Go for the Eyes","floor":1},{"not_picked":["Redo","Loop"],"picked":"Cold Snap","floor":2},{"not_picked":["Undo","Reprogram"],"picked":"Leap","floor":4},{"not_picked":["Aggregate","Barrage"],"picked":"Ball Lightning","floor":5},{"not_picked":["Barrage","Steam Power"],"picked":"Gash","floor":7},{"not_picked":["Hologram","Auto Shields"],"picked":"Coolheaded","floor":10},{"not_picked":["Reprogram","Tempest"],"picked":"Hologram","floor":11},{"not_picked":["Genetic Algorithm","Stack"],"picked":"Gash","floor":13},{"not_picked":["Ball Lightning","Coolheaded"],"picked":"BootSequence","floor":14},{"not_picked":["Buffer","Amplify"],"picked":"Electrodynamics","floor":16},{"not_picked":[],"picked":"Hologram","floor":18},{"not_picked":[],"picked":"White Noise","floor":19},{"not_picked":["Coolheaded"],"picked":"SKIP","floor":21},{"not_picked":[],"picked":"Gash","floor":24},{"not_picked":["Coolheaded"],"picked":"SKIP","floor":28},{"not_picked":["Coolheaded"],"picked":"SKIP","floor":29},{"not_picked":[],"picked":"All For One","floor":33},{"not_picked":["Rip and Tear+1"],"picked":"SKIP","floor":35},{"not_picked":[],"picked":"Coolheaded+1","floor":36},{"not_picked":[],"picked":"Glacier+1","floor":39},{"not_picked":[],"picked":"Echo Form","floor":41},{"not_picked":["Ball Lightning+1"],"picked":"SKIP","floor":45},{"not_picked":["Static Discharge"],"picked":"SKIP","floor":46}],"player_experience":115785,"relics_obtained":[{"floor":7,"key":"Shuriken"},{"floor":9,"key":"Orichalcum"},{"floor":10,"key":"Blood Vial"},{"floor":26,"key":"Bag of Preparation"},{"floor":27,"key":"Torii"},{"floor":27,"key":"Ornamental Fan"},{"floor":41,"key":"Pocketwatch"},{"floor":43,"key":"Whetstone"},{"floor":48,"key":"Letter Opener"}],"event_choices":[{"event_name":"Golden Shrine","player_choice":"Desecrate","floor":22,"damage_taken":0},{"event_name":"Colosseum","player_choice":"Fight","floor":27,"damage_taken":0},{"event_name":"Colosseum","player_choice":"Fought Nobs","floor":27,"damage_taken":0},{"event_name":"Falling","player_choice":"Removed Skill","floor":38,"damage_taken":0}],"is_beta":false,"boss_relics":[{"not_picked":["Snecko Eye","Calling Bell"],"picked":"Busted Crown"},{"not_picked":["Black Star","Tiny House"],"picked":"Empty Cage"}],"items_purged_floors":[3,30,37],"is_endless":false,"potions_floor_spawned":[4,10,14,16,18,24,27,28,29,36,39,45],"ascension_level":0}