{"gold_per_floor":[113,38,53,53,53,53,73,73,126,126,143,45,65,96,96,193,193,211,111,26,37,57,57,57,57,102,102,114,114,147,157,157,255,255,274,1,1,1,1,27,27,0,25,25,39,53,72,82,82,82],"floor_reached":51,"playtime":2061,"items_purged":["Strike_R","Strike_R","Strike_R"],"score":695,"play_id":"df6d93c9-9a2a-440c-a25a-0863d774ea3c","local_time":"20181026233309","is_ascension_mode":false,"campfire_choices":[{"data":"Clothesline","floor":6.0,"key":"SMITH"},{"data":"Disarm","floor":8.0,"key":"SMITH"},{"data":"Pommel Strike","floor":10.0,"key":"SMITH"},{"data":"Exhume","floor":15.0,"key":"SMITH"},{"data":"Armaments","floor":23.0,"key":"SMITH"},{"data":"Body Slam","floor":27.0,"key":"SMITH"},{"data":"Bludgeon","floor":29.0,"key":"SMITH"},{"data":"Rampage","floor":32.0,"key":"SMITH"},{"data":"Shrug It Off","floor":41.0,"key":"SMITH"},{"data":"Metallicize","floor":44.0,"key":"SMITH"},{"data":"Barricade","floor":49.0,"key":"SMITH"}],"neow_cost":"NONE","seed_source_timestamp":859365447128930,"circlet_count":0,"master_deck":["Strike_R","Strike_R","Defend_R","Defend_R","Defend_R","Defend_R","Bash+1","Clothesline+1","Disarm+1","Shrug It Off+1","Pommel Strike+1","Exhume+1","Shrug It Off","Metallicize+1","Body Slam+1","Bludgeon+1","Immolate+1","Armaments+1","Clash+1","Rampage+1","Warcry","Clash+1","Demon Form","Metallicize+1","Seeing Red+1","Barricade+1","Havoc+1","Double Tap+1"],"special_seed":0,"relics":["Black Blood","Mercury Hourglass","Orichalcum","Question Card","Bag of Marbles","Regal Pillow","Boot","Coffee Dripper","Art of War","Toxic Egg 2","Red Mask","Ancient Tea Set"],"potions_floor_usage":[50,50,50],"damage_taken":[{"damage":6.0,"enemies":"Jaw Worm","floor":1.0,"turns":4.0},{"damage":5.0,"enemies":"Small Slimes","floor":3.0,"turns":5.0},{"damage":0.0,"enemies":"Cultist","floor":7.0,"turns":4.0},{"damage":3.0,"enemies":"2 Fungi Beasts","floor":11.0,"turns":2.0},{"damage":0.0,"enemies":"3 Louse","floor":13.0,"turns":2.0},{"damage":1.0,"enemies":"Lagavulin","floor":14.0,"turns":7.0},{"damage":5.0,"enemies":"The Guardian","floor":16.0,"turns":11.0},{"damage":18.0,"enemies":"Spheric Guardian","floor":18.0,"turns":4.0},{"damage":2.0,"enemies":"Shell Parasite","floor":21.0,"turns":6.0},{"damage":8.0,"enemies":"Centurion and Healer","floor":22.0,"turns":8.0},{"damage":15.0,"enemies":"Sentry and Sphere","floor":28.0,"turns":5.0},{"damage":24.0,"enemies":"Gremlin Leader","floor":30.0,"turns":6.0},{"damage":5.0,"enemies":"Cultist and Chosen","floor":31.0,"turns":8.0},{"damage":42.0,"enemies":"Automaton","floor":33.0,"turns":10.0},{"damage":24.0,"enemies":"3 Darklings","floor":35.0,"turns":4.0},{"damage":34.0,"enemies":"Nemesis","floor":40.0,"turns":9.0},{"damage":0.0,"enemies":"Orb Walker","floor":45.0,"turns":4.0},{"damage":2.0,"enemies":"Spire Growth","floor":46.0,"turns":4.0},{"damage":12.0,"enemies":"Writhing Mass","floor":47.0,"turns":6.0},{"damage":6.0,"enemies":"Maw","floor":48.0,"turns":8.0},{"damage":38,"enemies":"Donu and Deca","floor":50,"turns":7}],"seed_played":"3489342314382563453","potions_obtained":[{"floor":1.0,"key":"BloodPotion"},{"floor":3.0,"key":"Block Potion"},{"floor":22.0,"key":"SkillPotion"},{"floor":28.0,"key":"Strength Potion"},{"floor":30.0,"key":"Strength Potion"},{"floor":40.0,"key":"SteroidPotion"},{"floor":46.0,"key":"Dexterity Potion"},{"floor":48.0,"key":"Swift Potion"}],"is_trial":false,"path_per_floor":["M","$","M","?","T","R","M","R","T","R","M","$","M","E","R","B",null,"M","$","?","M","M","R","?","?","T","R","M","R","E","M","R","B",null,"M","$","?","$","?","E","R","?","T","R","M","M","M","M","R","B"],"character_chosen":"IRONCLAD","items_purchased":["Shrug It Off","Metallicize","Art of War"],"campfire_rested":0,"item_purchase_floors":[12,12,36],"current_hp_per_floor":[80,80,80,80,80,80,80,80,80,80,80,80,80,80,80,80,80,72,72,72,80,80,80,80,80,80,80,75,75,61,66,66,34,80,66,66,66,66,66,42,42,42,42,42,52,60,58,62,62,34],"gold":82,"neow_bonus":"THREE_CARDS","is_prod":false,"is_daily":false,"chose_seed":false,"campfire_upgraded":11,"win_rate":0,"timestamp":1540564389,"path_taken":["M","$","M","?","?","R","M","R","T","R","M","$","M","E","R","BOSS","M","?","?","M","M","R","?","?","T","R","M","R","E","M","R","BOSS","M","$","?","$","?","E","R","?","T","R","?","M","M","M","R","BOSS"],"build_version":"2018-10-25v2","purchased_purges":3,"victory":true,"max_hp_per_floor":[80,80,80,80,80,80,80,80,80,80,80,80,80,80,80,80,80,80,80,80,80,80,80,80,80,80,80,80,80,80,80,80,80,80,80,80,80,80,76,76,76,76,76,76,76,76,76,76,76,76],"card_choices":[{"not_picked":["Iron Wave","Second Wind"],"picked":"Clothesline","floor":0.0},{"not_picked":["Warcry","Searing Blow"],"picked":"Disarm","floor":1.0},{"not_picked":["Entrench","Wild Strike"],"picked":"Shrug It Off","floor":3.0},{"not_picked":["Wild Strike","Headbutt"],"picked":"Pommel Strike","floor":7.0},{"not_picked":["Headbutt","Anger"],"picked":"Exhume","floor":11.0},{"not_picked":["Inflame","Shrug It Off"],"picked":"Body Slam","floor":13.0},{"not_picked":["Rupture","Flex"],"picked":"Bludgeon","floor":14.0},{"not_picked":["Limit Break","Reaper","Juggernaut"],"picked":"Immolate","floor":16.0},{"not_picked":["Infernal Blade+1","Wild Strike","Iron Wave+1"],"picked":"Armaments","floor":18.0},{"not_picked":["Intimidate+1","Armaments","Thunderclap"],"picked":"Clash+1","floor":21.0},{"not_picked":["Carnage","Twin Strike","Flex"],"picked":"Rampage","floor":22.0},{"not_picked":["Reckless Charge","Clothesline","Combust"],"picked":"Warcry","floor":28.0},{"not_picked":["Power Through","Headbutt","Sever Soul","Thunderclap"],"picked":"SKIP","floor":30.0},{"not_picked":["Headbutt","Rampage","Twin Strike"],"picked":"Clash+1","floor":31.0},{"not_picked":["Brutality","Fiend Fire","Feed"],"picked":"Demon Form","floor":33.0},{"not_picked":["Body Slam+1","Entrench+1","Rampage"],"picked":"Metallicize+1","floor":35.0},{"not_picked":["Carnage+1","Pommel Strike","Perfected Strike"],"picked":"Seeing Red+1","floor":40.0},{"not_picked":["Body Slam+1","Clothesline+1","Fire Breathing"],"picked":"Barricade","floor":45.0},{"not_picked":["Thunderclap+1","Anger+1","Fire Breathing","Armaments+1"],"picked":"SKIP","floor":46.0},{"not_picked":["Sword Boomerang+1","Pommel Strike+1","Clothesline"],"picked":"Havoc+1","floor":47.0},{"not_picked":["Twin Strike","Rage+1","Pummel"],"picked":"Double Tap+1","floor":48.0}],"player_experience":340809,"relics_obtained":[{"floor":5.0,"key":"Mercury Hourglass"},{"floor":9.0,"key":"Orichalcum"},{"floor":14.0,"key":"Question Card"},{"floor":26.0,"key":"Regal Pillow"},{"floor":30.0,"key":"Boot"},{"floor":40.0,"key":"Toxic Egg 2"},{"floor":43.0,"key":"Ancient Tea Set"}],"event_choices":[{"damage_healed":0.0,"max_hp_gain":0.0,"max_hp_loss":0.0,"gold_gain":0.0,"event_name":"Living Wall","player_choice":"Grow","floor":4.0,"gold_loss":0.0,"damage_taken":0.0,"cards_upgraded":["Bash"]},{"damage_healed":0.0,"max_hp_gain":0.0,"max_hp_loss":0.0,"gold_gain":0.0,"event_name":"Addict","player_choice":"Obtained Relic","floor":20.0,"gold_loss":85.0,"damage_taken":0.0,"relics_obtained":["Bag of Marbles"]},{"damage_healed":0.0,"max_hp_gain":0.0,"max_hp_loss":0.0,"gold_gain":0.0,"event_name":"The Woman in Blue","player_choice":"Bought 0 Potions","floor":24.0,"gold_loss":0.0,"damage_taken":0.0},{"damage_healed":0.0,"max_hp_gain":0.0,"max_hp_loss":0.0,"gold_gain":0.0,"event_name":"Ghosts","player_choice":"Ignored","floor":25.0,"gold_loss":0.0,"damage_taken":0.0},{"damage_healed":0.0,"max_hp_gain":0.0,"max_hp_loss":0.0,"gold_gain":0.0,"event_name":"Accursed Blacksmith","player_choice":"Forge","floor":37.0,"gold_loss":0.0,"damage_taken":0.0,"cards_upgraded":["Immolate"]},{"damage_healed":0.0,"max_hp_gain":0.0,"max_hp_loss":4.0,"gold_gain":0.0,"event_name":"Winding Halls","player_choice":"Max HP","floor":39.0,"gold_loss":0.0,"damage_taken":0.0},{"damage_healed":0.0,"max_hp_gain":0.0,"max_hp_loss":0.0,"gold_gain":0.0,"event_name":"Tomb of Lord Red Mask","player_choice":"Paid","floor":42.0,"gold_loss":27.0,"damage_taken":0.0,"relics_obtained":["Red Mask"]}],"is_beta":false,"boss_relics":[{"not_picked":["Mark of Pain","Philosopher\u0027s Stone"],"picked":"Black Blood"},{"not_picked":["Pandora\u0027s Box","Lizard Tail"],"picked":"Coffee Dripper"}],"items_purged_floors":[2,19,36],"is_endless":false,"potions_floor_spawned":[1,3,22,28,30,31,40,46,48],"ascension_level":0}