{"gold_per_floor":[109,124,6,20,20,20,35,55,55,55,71,87,97,97,97,193,243,263,263,263,282,296,296,308,408,434,449,204,224,224,29,29,126,126,136,151,151,170,170,170,32,32,32,51,68,68,0,14,14,14],"floor_reached":51,"playtime":2775,"items_purged":["Strike_B","Strike_B"],"score":693,"play_id":"36457afd-7d2e-4391-ac43-ac93279f1c12","local_time":"20180923120221","is_ascension_mode":false,"campfire_choices":[{"data":"Defragment","floor":6.0,"key":"SMITH"},{"data":"Self Repair","floor":10.0,"key":"SMITH"},{"data":"Creative AI","floor":15.0,"key":"SMITH"},{"floor":23.0,"key":"DIG"},{"floor":32.0,"key":"DIG"},{"data":"Stack","floor":40.0,"key":"SMITH"},{"data":"Leap","floor":42.0,"key":"SMITH"},{"data":"Coolheaded","floor":46.0,"key":"SMITH"},{"data":"Go for the Eyes","floor":49,"key":"SMITH"}],"neow_cost":"NONE","seed_source_timestamp":143387872353235,"circlet_count":0,"master_deck":["Strike_B","Strike_B","Defend_B+1","Defend_B+1","Defend_B+1","Defend_B","Zap+1","Dualcast","Cold Snap","Ball Lightning","Self Repair+1","Leap+1","Defragment+1","Creative AI+1","Steam","Sweeping Beam","Gash","Go for the Eyes+1","Seek","Stack+1","Coolheaded+1","Leap","Gash","Storm+1","Seek+1","Leap+1","Electrodynamics","Capacitor","Hologram+1","Thunder Strike","Turbo+1","Coolheaded+1","Impatience+1","Stack+1","Defragment","Stack+1","Barrage+1","Stack+1"],"special_seed":0,"relics":["Cracked Core","StoneCalendar","Odd Mushroom","Shovel","Meat on the Bone","Tiny House","Oddly Smooth Stone","War Paint","WingedGreaves","Toxic Egg 2","Centennial Puzzle","Bronze Scales","Regal Pillow","Runic Dome","Potion Belt","Red Mask"],"potions_floor_usage":[50,50,50],"damage_taken":[{"damage":0.0,"enemies":"Cultist","floor":1.0,"turns":3.0},{"damage":0.0,"enemies":"2 Louse","floor":2.0,"turns":2.0},{"damage":4.0,"enemies":"Jaw Worm","floor":4.0,"turns":3.0},{"damage":7.0,"enemies":"Blue Slaver","floor":7.0,"turns":4.0},{"damage":14.0,"enemies":"The Mushroom Lair","floor":8.0,"turns":4.0},{"damage":9.0,"enemies":"Lots of Slimes","floor":11.0,"turns":4.0},{"damage":6.0,"enemies":"2 Fungi Beasts","floor":12.0,"turns":3.0},{"damage":14.0,"enemies":"Exordium Wildlife","floor":13.0,"turns":6.0},{"damage":25.0,"enemies":"Hexaghost","floor":16.0,"turns":9.0},{"damage":2.0,"enemies":"Chosen","floor":18.0,"turns":6.0},{"damage":10.0,"enemies":"Spheric Guardian","floor":21.0,"turns":5.0},{"damage":13.0,"enemies":"Snake Plant","floor":22.0,"turns":5.0},{"damage":4.0,"enemies":"Snecko","floor":24.0,"turns":7.0},{"damage":5.0,"enemies":"Colosseum Slavers","floor":25.0,"turns":5.0},{"damage":54.0,"enemies":"Colosseum Nobs","floor":25.0,"turns":5.0},{"damage":16.0,"enemies":"3 Cultists","floor":27.0,"turns":5.0},{"damage":7.0,"enemies":"Shelled Parasite and Fungi","floor":29.0,"turns":4.0},{"damage":22.0,"enemies":"Collector","floor":33.0,"turns":9.0},{"damage":25.0,"enemies":"3 Darklings","floor":35.0,"turns":4.0},{"damage":11.0,"enemies":"3 Shapes","floor":36.0,"turns":3.0},{"damage":21.0,"enemies":"Sphere and 2 Shapes","floor":38.0,"turns":4.0},{"damage":12.0,"enemies":"Maw","floor":44.0,"turns":6.0},{"damage":14.0,"enemies":"4 Shapes","floor":45.0,"turns":3.0},{"damage":0.0,"enemies":"Reptomancer","floor":48.0,"turns":3.0},{"damage":59,"enemies":"Awakened One","floor":50,"turns":16}],"seed_played":"-406440700983912166","potions_obtained":[{"floor":2.0,"key":"FearPotion"},{"floor":4.0,"key":"FairyPotion"},{"floor":8.0,"key":"SteroidPotion"},{"floor":17.0,"key":"Block Potion"},{"floor":21.0,"key":"Strength Potion"},{"floor":25.0,"key":"SteroidPotion"},{"floor":27.0,"key":"Energy Potion"},{"floor":35.0,"key":"GamblersBrew"},{"floor":38.0,"key":"AttackPotion"},{"floor":44.0,"key":"Dexterity Potion"},{"floor":48.0,"key":"Poison Potion"}],"is_trial":false,"path_per_floor":["M","M","$","M","?","R","M","?","T","R","M","M","M","T","R","B",null,"M","?","?","M","M","R","M","?","T","M","$","M","?","$","R","B",null,"M","M","?","M","?","R","$","R","T","M","M","R","?","M","R","B"],"character_chosen":"DEFECT","items_purchased":["Self Repair","Leap","Electrodynamics","Gash","Bronze Scales","Hologram+1","Defragment"],"campfire_rested":0,"item_purchase_floors":[3,3,28,28,31,31,41],"current_hp_per_floor":[75,75,75,75,63,63,63,56,56,56,57,61,47,47,47,44,80,80,80,65,55,64,64,70,43,43,39,39,54,54,54,54,44,85,70,69,69,58,58,58,58,58,58,56,64,64,64,74,74,27],"gold":14,"neow_bonus":"UPGRADE_CARD","is_prod":false,"is_daily":false,"chose_seed":false,"campfire_upgraded":7,"win_rate":1,"timestamp":1537671741,"path_taken":["M","M","$","?","?","R","?","?","T","R","M","M","?","?","R","BOSS","M","?","?","M","M","R","M","?","T","?","$","?","?","$","R","BOSS","M","M","?","?","?","R","$","R","T","M","M","R","?","M","R","BOSS"],"build_version":"2018-09-20","purchased_purges":2,"victory":true,"max_hp_per_floor":[75,75,75,75,75,75,75,75,75,75,75,75,75,75,75,75,80,80,80,85,85,85,85,85,85,85,85,85,85,85,85,85,85,85,85,85,85,85,85,85,85,85,85,85,85,85,85,85,85,85],"card_choices":[{"not_picked":["Streamline","Barrage"],"picked":"Cold Snap","floor":1.0},{"not_picked":["Coolheaded","Skim"],"picked":"Ball Lightning","floor":2.0},{"not_picked":["Beam Cell","Leap"],"picked":"Defragment","floor":4.0},{"not_picked":["Cold Snap","Hello World"],"picked":"Creative AI","floor":7.0},{"not_picked":["Compile Driver","Force Field"],"picked":"Steam","floor":8.0},{"not_picked":["Darkness","Beam Cell"],"picked":"Sweeping Beam","floor":11.0},{"not_picked":["Beam Cell","Double Energy"],"picked":"Gash","floor":12.0},{"not_picked":["Doom and Gloom","Barrage"],"picked":"Go for the Eyes","floor":13.0},{"not_picked":["Creative AI","Amplify"],"picked":"Seek","floor":16.0},{"not_picked":["Lockon","Ball Lightning"],"picked":"Stack","floor":17.0},{"not_picked":["Self Repair","Redo"],"picked":"Coolheaded","floor":18.0},{"not_picked":["Steam","Turbo+1"],"picked":"Leap","floor":21.0},{"not_picked":["Darkness","Barrage"],"picked":"Gash","floor":22.0},{"not_picked":["Cold Snap","Genetic Algorithm"],"picked":"Storm+1","floor":24.0},{"not_picked":["Rip and Tear","Sweeping Beam"],"picked":"Seek","floor":25.0},{"not_picked":["Steam+1","Sweeping Beam"],"picked":"Leap+1","floor":27.0},{"not_picked":["Heatsinks","Coolheaded+1"],"picked":"Capacitor","floor":29.0},{"not_picked":["Fission+1","Seek+1"],"picked":"Thunder Strike","floor":33.0},{"not_picked":["Storm+1","Rip and Tear+1"],"picked":"Turbo+1","floor":35.0},{"not_picked":["Hologram+1","Scrape"],"picked":"Coolheaded+1","floor":36.0},{"not_picked":["Purity+1","Dramatic Entrance"],"picked":"Impatience+1","floor":37.0},{"not_picked":["Barrage+1","Skim+1"],"picked":"Stack+1","floor":38.0},{"not_picked":["Beam Cell","Static Discharge+1"],"picked":"Stack+1","floor":44.0},{"not_picked":["Streamline","Compile Driver+1"],"picked":"Barrage+1","floor":45.0},{"not_picked":["Turbo+1","Ball Lightning"],"picked":"Stack+1","floor":48.0}],"player_experience":34317,"relics_obtained":[{"floor":8.0,"key":"Odd Mushroom"},{"floor":9.0,"key":"Shovel"},{"floor":14.0,"key":"Meat on the Bone"},{"floor":23.0,"key":"War Paint"},{"floor":25.0,"key":"WingedGreaves"},{"floor":25.0,"key":"Toxic Egg 2"},{"floor":26.0,"key":"Centennial Puzzle"},{"floor":32.0,"key":"Regal Pillow"},{"floor":43.0,"key":"Potion Belt"}],"event_choices":[{"event_name":"Scrap Ooze","player_choice":"success","floor":5.0,"damage_taken":12.0},{"event_name":"Mushrooms","player_choice":"Fought Mushrooms","floor":8.0,"damage_taken":0.0},{"event_name":"WeMeetAgain","player_choice":"Potion","floor":19.0,"damage_taken":0.0},{"event_name":"Forgotten Altar","player_choice":"Shed Blood","floor":20.0,"damage_taken":0.0},{"event_name":"Colosseum","player_choice":"Fight","floor":25.0,"damage_taken":0.0},{"event_name":"Colosseum","player_choice":"Fought Nobs","floor":25.0,"damage_taken":0.0},{"event_name":"Vampires","player_choice":"Ignored","floor":30.0,"damage_taken":0.0},{"event_name":"SensoryStone","player_choice":"Memory 1","floor":37.0,"damage_taken":0.0},{"event_name":"Falling","player_choice":"Removed Attack","floor":39.0,"damage_taken":0.0},{"event_name":"Tomb of Lord Red Mask","player_choice":"Paid","floor":47.0,"damage_taken":0.0}],"is_beta":false,"boss_relics":[{"not_picked":["Fusion Hammer","Snecko Eye"],"picked":"Tiny House"},{"not_picked":["FrozenCore","Empty Cage"],"picked":"Runic Dome"}],"items_purged_floors":[28,41],"is_endless":false,"potions_floor_spawned":[2,4,8,11,13,21,22,25,27,35,38,44,48],"ascension_level":0}