{"gold_per_floor":[115,135,15,15,15,15,40,40,40,83,107,87,87,100,100,226,226,136,136,88,88,88,88,88,7,7,7,7,7,7,7,7,7,7,7,7,7,7,7,7,0,0,0,0,0,0,0,0,0,0],"floor_reached":51,"playtime":3035,"items_purged":["Strike_R"],"score":720,"play_id":"ec20940e-bc1a-4459-bfdb-ca98783d3fa4","local_time":"20181021145052","is_ascension_mode":false,"campfire_choices":[{"data":"Armaments","floor":6,"key":"SMITH"},{"data":"True Grit","floor":8,"key":"SMITH"},{"data":"Juggernaut","floor":13,"key":"SMITH"},{"data":"Metallicize","floor":15,"key":"SMITH"},{"data":"Dark Embrace","floor":24,"key":"SMITH"},{"data":"Feel No Pain","floor":28,"key":"SMITH"},{"data":"Dual Wield","floor":32,"key":"SMITH"},{"data":"Offering","floor":42,"key":"SMITH"},{"data":"Flex","floor":44,"key":"SMITH"},{"floor":49,"key":"REST"}],"neow_cost":"NONE","seed_source_timestamp":395726653921853,"circlet_count":0,"master_deck":["Strike_R","Strike_R","Strike_R","Strike_R","Defend_R","Defend_R","Defend_R","Defend_R","Bash+1","Armaments+1","Flex+1","True Grit+1","Metallicize+1","Burning Pact","Juggernaut+1","Iron Wave","Feed","Twin Strike","Dark Embrace+1","Clash","Dual Wield+1","Feel No Pain+1","Clash","Battle Trance","Offering+1","Rage+1","Inflame+1","Exhume"],"relics":["Burning Blood","Red Skull","Golden Idol","Anchor","Meat on the Bone","Ectoplasm","Blood Vial","Pear","Potion Belt","Sozu","Vajra","Red Mask","Question Card","StoneCalendar","Boot"],"potions_floor_usage":[16,46],"damage_taken":[{"damage":7,"enemies":"2 Louse","floor":1,"turns":3},{"damage":1,"enemies":"Cultist","floor":2,"turns":4},{"damage":0,"enemies":"Small Slimes","floor":7,"turns":3},{"damage":44,"enemies":"Gremlin Nob","floor":10,"turns":5},{"damage":0,"enemies":"Exordium Wildlife","floor":11,"turns":4},{"damage":0,"enemies":"Large Slime","floor":14,"turns":5},{"damage":37,"enemies":"Hexaghost","floor":16,"turns":10},{"damage":25,"enemies":"2 Thieves","floor":18,"turns":5},{"damage":5,"enemies":"Shell Parasite","floor":19,"turns":6},{"damage":11,"enemies":"Snecko","floor":22,"turns":4},{"damage":30,"enemies":"Slavers","floor":23,"turns":7},{"damage":2,"enemies":"Centurion and Healer","floor":30,"turns":7},{"damage":7,"enemies":"Snake Plant","floor":31,"turns":5},{"damage":49,"enemies":"Automaton","floor":33,"turns":14},{"damage":6,"enemies":"Orb Walker","floor":35,"turns":2},{"damage":15,"enemies":"3 Shapes","floor":36,"turns":5},{"damage":0,"enemies":"Transient","floor":39,"turns":5},{"damage":6,"enemies":"Giant Head","floor":40,"turns":6},{"damage":6,"enemies":"4 Shapes","floor":45,"turns":4},{"damage":12,"enemies":"Spire Growth","floor":46,"turns":4},{"damage":31,"enemies":"2 Orb Walkers","floor":47,"turns":5},{"damage":28,"enemies":"Donu and Deca","floor":50,"turns":11}],"seed_played":"4815366626693720570","potions_obtained":[{"floor":2,"key":"SpeedPotion"},{"floor":12,"key":"Energy Potion"},{"floor":16,"key":"Ancient Potion"},{"floor":23,"key":"Energy Potion"},{"floor":31,"key":"Ancient Potion"},{"floor":33,"key":"Fire Potion"}],"is_trial":false,"path_per_floor":["M","M","$","?","?","R","M","R","T","E","M","?","R","M","R","B",null,"M","M","$","?","M","E","R","$","T","?","R","T","M","M","R","B",null,"M","M","?","?","M","E","?","R","T","R","M","M","?","T","R","B"],"character_chosen":"IRONCLAD","items_purchased":["True Grit","Clash","Feel No Pain"],"campfire_rested":1,"item_purchase_floors":[3,20,25],"current_hp_per_floor":[79,80,80,80,60,60,66,66,66,28,46,46,46,52,52,33,80,64,68,68,68,66,54,54,54,64,64,64,64,70,71,71,42,99,99,94,94,94,102,103,103,103,103,103,106,100,77,77,106,84],"gold":0,"neow_bonus":"UPGRADE_CARD","is_prod":false,"is_daily":false,"chose_seed":false,"campfire_upgraded":9,"win_rate":0,"timestamp":1540101052,"path_taken":["M","M","$","?","?","R","M","R","T","E","M","?","R","M","R","BOSS","M","M","$","?","?","E","R","$","T","?","R","?","M","M","R","BOSS","M","M","?","?","M","E","?","R","T","R","?","M","?","?","R","BOSS"],"build_version":"2018-10-18","purchased_purges":1,"victory":true,"max_hp_per_floor":[80,80,80,80,80,80,80,80,80,80,80,80,80,80,80,80,80,83,86,86,86,89,89,89,89,99,99,99,99,99,99,99,99,99,99,103,103,103,103,103,103,103,103,103,106,106,106,106,106,106],"card_choices":[{"not_picked":["Shrug It Off","Evolve"],"picked":"Armaments","floor":1},{"not_picked":["Anger","Warcry"],"picked":"Flex","floor":2},{"not_picked":["Cleave","Shrug It Off"],"picked":"Metallicize","floor":7},{"not_picked":["Clash","Battle Trance"],"picked":"Burning Pact","floor":10},{"not_picked":["Anger","Armaments"],"picked":"Juggernaut","floor":11},{"not_picked":["Cleave","Entrench"],"picked":"Iron Wave","floor":14},{"not_picked":["Double Tap","Fiend Fire"],"picked":"Feed","floor":16},{"not_picked":["Corruption+1","True Grit"],"picked":"Twin Strike","floor":18},{"not_picked":["Flex","Infernal Blade+1"],"picked":"Dark Embrace","floor":19},{"not_picked":["Reckless Charge+1","Combust+1","Bloodletting"],"picked":"SKIP","floor":22},{"not_picked":["Sword Boomerang","Seeing Red"],"picked":"Dual Wield","floor":23},{"not_picked":["Havoc","Twin Strike","Blood for Blood"],"picked":"SKIP","floor":30},{"not_picked":["Perfected Strike+1","Cleave"],"picked":"Battle Trance","floor":31},{"not_picked":["Bludgeon","Reaper"],"picked":"Offering","floor":33},{"not_picked":["Searing Blow+1","Cleave"],"picked":"Rage+1","floor":35},{"not_picked":["Armaments+1","Havoc"],"picked":"Shrug It Off","floor":36},{"not_picked":["Thunderclap+1","Seeing Red+1"],"picked":"Inflame+1","floor":39},{"not_picked":["Twin Strike+1","Hemokinesis","Bloodletting+1"],"picked":"SKIP","floor":40},{"not_picked":["Flex+1","Sentinel+1","Headbutt+1"],"picked":"Exhume","floor":45},{"not_picked":["Perfected Strike+1","Sword Boomerang+1","Armaments","Reckless Charge"],"picked":"SKIP","floor":46}],"player_experience":299055,"relics_obtained":[{"floor":9,"key":"Anchor"},{"floor":10,"key":"Meat on the Bone"},{"floor":23,"key":"Blood Vial"},{"floor":26,"key":"Pear"},{"floor":29,"key":"Potion Belt"},{"floor":40,"key":"Vajra"},{"floor":43,"key":"Question Card"},{"floor":47,"key":"StoneCalendar"},{"floor":48,"key":"Boot"}],"event_choices":[{"damage_healed":0,"gold_gain":0,"player_choice":"Gave Potion","damage_taken":0,"relics_obtained":["Red Skull"],"max_hp_gain":0,"max_hp_loss":0,"event_name":"WeMeetAgain","floor":4,"gold_loss":0},{"damage_healed":0,"gold_gain":0,"player_choice":"Take Damage","damage_taken":20,"relics_obtained":["Golden Idol"],"max_hp_gain":0,"max_hp_loss":0,"event_name":"Golden Idol","floor":5,"gold_loss":0},{"damage_healed":0,"gold_gain":0,"player_choice":"Bought 1 Potion","damage_taken":0,"max_hp_gain":0,"max_hp_loss":0,"event_name":"The Woman in Blue","floor":12,"gold_loss":0},{"damage_healed":0,"gold_gain":99,"player_choice":"Stole From Cult","damage_taken":0,"max_hp_gain":0,"max_hp_loss":0,"event_name":"Nest","floor":21,"gold_loss":0},{"damage_healed":0,"gold_gain":0,"player_choice":"Read","damage_taken":0,"max_hp_gain":0,"max_hp_loss":0,"event_name":"The Library","floor":27,"gold_loss":0,"cards_obtained":["Clash"]},{"damage_healed":0,"gold_gain":0,"player_choice":"Ignored","damage_taken":0,"max_hp_gain":0,"max_hp_loss":0,"event_name":"The Moai Head","floor":37,"gold_loss":0},{"cards_removed":["Shrug It Off"],"damage_healed":0,"gold_gain":0,"player_choice":"Removed Skill","damage_taken":0,"max_hp_gain":0,"max_hp_loss":0,"event_name":"Falling","floor":38,"gold_loss":0},{"damage_healed":0,"gold_gain":0,"player_choice":"Paid","damage_taken":0,"relics_obtained":["Red Mask"],"max_hp_gain":0,"max_hp_loss":0,"event_name":"Tomb of Lord Red Mask","floor":41,"gold_loss":7},{"damage_healed":0,"gold_gain":0,"player_choice":"Fight","damage_taken":0,"max_hp_gain":0,"max_hp_loss":0,"event_name":"Mysterious Sphere","floor":47,"gold_loss":0}],"is_beta":false,"boss_relics":[{"not_picked":["Philosopher\u0027s Stone","Astrolabe"],"picked":"Ectoplasm"},{"not_picked":["Velvet Choker","Tiny House"],"picked":"Sozu"}],"items_purged_floors":[3],"is_endless":false,"potions_floor_spawned":[2,16,23,31,33,35,40,47],"ascension_level":0}