{"gold_per_floor":[218,192,192,204,220,220,252,252,276,351,250,282,282,310,310,310],"floor_reached":16,"playtime":797,"items_purged":["Strike_R"],"score":116,"play_id":"e830d9d5-c6b0-4911-9738-7c3f1f3b4927","local_time":"20190828015015","is_ascension_mode":false,"campfire_choices":[{"data":"Bash","floor":6,"key":"SMITH"},{"data":"Infernal Blade","floor":8,"key":"SMITH"},{"floor":13,"key":"REST"},{"floor":15,"key":"REST"}],"neow_cost":"NONE","seed_source_timestamp":1218650805818282,"circlet_count":0,"master_deck":["Strike_R","Strike_R","Strike_R","Strike_R","Defend_R","Defend_R","Defend_R","Defend_R","Bash+1","Iron Wave","Shrug It Off","Heavy Blade","Bloodletting","Infernal Blade+1","Shrug It Off","Heavy Blade","Evolve"],"relics":["Burning Blood","Art of War","Anchor","Orichalcum","Pocketwatch"],"potions_floor_usage":[],"damage_taken":[{"damage":7,"enemies":"2 Louse","floor":1,"turns":3},{"damage":1,"enemies":"Cultist","floor":4,"turns":3},{"damage":0,"enemies":"Jaw Worm","floor":5,"turns":5},{"damage":33,"enemies":"3 Sentries","floor":7,"turns":10},{"damage":22,"enemies":"Gremlin Nob","floor":12,"turns":3},{"damage":25,"enemies":"3 Sentries","floor":14,"turns":9},{"damage":57,"enemies":"Hexaghost","floor":16,"turns":11}],"seed_played":"-6742312483691825996","potions_obtained":[{"floor":1,"key":"FearPotion"},{"floor":12,"key":"SpeedPotion"}],"is_trial":false,"path_per_floor":["M","$","?","M","M","R","E","R","T","?","$","E","R","E","R","B"],"character_chosen":"IRONCLAD","items_purchased":["Shrug It Off","Shrug It Off"],"campfire_rested":2,"item_purchase_floors":[2,11],"current_hp_per_floor":[79,79,79,80,80,80,53,53,53,42,42,26,50,31,55,0],"gold":310,"neow_bonus":"HUNDRED_GOLD","is_prod":false,"is_daily":false,"chose_seed":false,"campfire_upgraded":2,"win_rate":0,"timestamp":1566949815,"path_taken":["M","$","?","?","M","R","E","R","T","?","$","E","R","E","R","BOSS"],"build_version":"2019-07-17","purchased_purges":1,"victory":false,"max_hp_per_floor":[80,80,80,80,80,80,80,80,80,80,80,80,80,80,80,80],"card_choices":[{"not_picked":["Infernal Blade","Combust"],"picked":"Iron Wave","floor":1},{"not_picked":["Perfected Strike","Thunderclap"],"picked":"Heavy Blade","floor":4},{"not_picked":["Rage","Clothesline"],"picked":"Bloodletting","floor":5},{"not_picked":["Uppercut","Anger"],"picked":"Infernal Blade","floor":7},{"not_picked":["Rupture","Bludgeon"],"picked":"Heavy Blade","floor":12},{"not_picked":["Burning Pact","Clash"],"picked":"Evolve","floor":14}],"player_experience":55148,"relics_obtained":[{"floor":7,"key":"Art of War"},{"floor":9,"key":"Anchor"},{"floor":12,"key":"Orichalcum"},{"floor":14,"key":"Pocketwatch"}],"event_choices":[{"damage_healed":0,"gold_gain":0,"player_choice":"Ignored","damage_taken":0,"max_hp_gain":0,"max_hp_loss":0,"event_name":"NoteForYourself","floor":3,"gold_loss":0},{"damage_healed":0,"gold_gain":75,"player_choice":"Gather Gold","damage_taken":11,"max_hp_gain":0,"max_hp_loss":0,"event_name":"World of Goop","floor":10,"gold_loss":0}],"is_beta":false,"boss_relics":[],"items_purged_floors":[11],"is_endless":false,"potions_floor_spawned":[1,12],"killed_by":"Hexaghost","ascension_level":0}