{"gold_per_floor":[115,115,131,4,17,42,42,42,42,2,19,48,48,58,58,154,154,171,171,171,171,49,49,49,65,65,65,77,92,54,54,54,154,154,171,182,182,50,50,50,50,50,50,50,65,65,65,79,79,79],"floor_reached":50,"playtime":2265,"items_purged":["Strike_G"],"score":471,"play_id":"e6a25bba-a31a-4024-8582-ab7723f3ad13","local_time":"20190831144144","is_ascension_mode":false,"campfire_choices":[{"floor":8,"key":"REST"},{"data":"Caltrops","floor":15,"key":"SMITH"},{"data":"Escape Plan","floor":23,"key":"SMITH"},{"data":"Well Laid Plans","floor":27,"key":"SMITH"},{"floor":32,"key":"REST"},{"floor":40,"key":"RECALL"},{"data":"Deflect","floor":42,"key":"SMITH"},{"data":"Prepared","floor":44,"key":"SMITH"},{"floor":49,"key":"REST"}],"neow_cost":"NONE","seed_source_timestamp":1522676538847138,"circlet_count":0,"master_deck":["Strike_G","Strike_G","Strike_G","Strike_G","Defend_G","Defend_G","Defend_G","Defend_G","Defend_G","Survivor","Neutralize+1","Dodge and Roll","Dagger Throw+1","Noxious Fumes","Underhanded Strike+1","Dagger Spray+1","Dash+1","Outmaneuver+1","Sucker Punch+1","Caltrops+1","Corpse Explosion","Escape Plan+1","PiercingWail","Well Laid Plans+1","Leg Sweep+1","Deadly Poison+1","Prepared+1","Noxious Fumes","Glass Knife+1","Prepared+1","Prepared+1","Caltrops","Deadly Poison","Deflect+1","Slice+1"],"relics":["Ring of the Snake","Molten Egg 2","Juzu Bracelet","Centennial Puzzle","Anchor","WristBlade","Mummified Hand","Cursed Key"],"potions_floor_usage":[33,48,48,50,50],"damage_taken":[{"damage":0,"enemies":"2 Louse","floor":1,"turns":4},{"damage":3,"enemies":"Small Slimes","floor":3,"turns":6},{"damage":0,"enemies":"Jaw Worm","floor":5,"turns":5},{"damage":34,"enemies":"Gremlin Nob","floor":6,"turns":5},{"damage":0,"enemies":"Exordium Wildlife","floor":11,"turns":2},{"damage":16,"enemies":"Lagavulin","floor":12,"turns":8},{"damage":0,"enemies":"3 Louse","floor":14,"turns":4},{"damage":17,"enemies":"The Guardian","floor":16,"turns":13},{"damage":15,"enemies":"Shell Parasite","floor":18,"turns":7},{"damage":11,"enemies":"Spheric Guardian","floor":25,"turns":6},{"damage":8,"enemies":"Snake Plant","floor":28,"turns":6},{"damage":1,"enemies":"Snecko","floor":29,"turns":5},{"damage":32,"enemies":"Automaton","floor":33,"turns":11},{"damage":2,"enemies":"3 Shapes","floor":35,"turns":5},{"damage":9,"enemies":"Orb Walker","floor":36,"turns":3},{"damage":23,"enemies":"Transient","floor":45,"turns":5},{"damage":32,"enemies":"Spire Growth","floor":48,"turns":6},{"damage":25,"enemies":"Donu and Deca","floor":50,"turns":4}],"seed_played":"8353528016444348751","potions_obtained":[{"floor":5,"key":"SkillPotion"},{"floor":6,"key":"Weak Potion"},{"floor":28,"key":"Explosive Potion"},{"floor":29,"key":"Dexterity Potion"},{"floor":35,"key":"LiquidBronze"},{"floor":48,"key":"Poison Potion"}],"is_trial":false,"path_per_floor":["M","?","M","$","M","E","?","R","T","$","M","E","$","M","R","B",null,"M","?","T","?","$","R","?","M","T","R","M","M","$","?","R","B",null,"M","M","?","$","?","R","?","R","T","R","M","$","?","M","R","B"],"character_chosen":"THE_SILENT","items_purchased":["Noxious Fumes","Acrobatics","Dash+1","PiercingWail","Noxious Fumes","Caltrops","Deadly Poison","Deflect"],"campfire_rested":3,"item_purchase_floors":[4,4,10,22,30,38,38,38],"current_hp_per_floor":[70,67,64,64,64,30,30,51,51,51,51,35,35,35,35,18,70,55,55,55,48,48,48,48,37,37,37,29,28,28,28,49,17,70,68,59,59,59,59,59,59,59,59,59,36,36,36,4,25,0],"gold":79,"neow_bonus":"UPGRADE_CARD","is_prod":false,"is_daily":false,"chose_seed":false,"campfire_upgraded":5,"win_rate":0,"timestamp":1567255304,"path_taken":["M","?","M","$","M","E","?","R","T","$","M","E","$","M","R","BOSS","M","?","?","?","$","R","?","M","T","R","M","M","$","?","R","BOSS","M","M","?","$","?","R","?","R","T","R","M","$","?","M","R","BOSS"],"build_version":"2019-07-17","purchased_purges":1,"victory":false,"max_hp_per_floor":[70,70,70,70,70,70,70,70,70,70,70,70,70,70,70,70,70,70,70,70,70,70,70,70,70,70,70,70,70,70,70,70,70,70,70,70,70,70,70,70,70,70,70,70,70,70,70,70,70,70],"card_choices":[{"not_picked":["Slice","Expertise"],"picked":"Dodge and Roll","floor":1},{"not_picked":["Bouncing Flask","Calculated Gamble"],"picked":"Dagger Throw+1","floor":3},{"not_picked":["Slice+1","Dodge and Roll"],"picked":"Underhanded Strike+1","floor":5},{"not_picked":["Poisoned Stab+1","Glass Knife+1"],"picked":"Dagger Spray+1","floor":6},{"not_picked":["Eviscerate+1","Dodge and Roll"],"picked":"Outmaneuver","floor":11},{"not_picked":["Bane+1","All Out Attack+1"],"picked":"Sucker Punch+1","floor":12},{"not_picked":["Noxious Fumes","Cloak And Dagger"],"picked":"Caltrops","floor":14},{"not_picked":["Bullet Time","Storm of Steel"],"picked":"Corpse Explosion","floor":16},{"not_picked":["Distraction","Cloak And Dagger"],"picked":"Escape Plan","floor":18},{"not_picked":["Backstab+1","Dash+1"],"picked":"Leg Sweep+1","floor":25},{"not_picked":["Slice+1","Eviscerate+1"],"picked":"Deadly Poison+1","floor":28},{"not_picked":["Flying Knee+1","Dagger Spray+1"],"picked":"Prepared","floor":29},{"not_picked":["Die Die Die+1","Storm of Steel"],"picked":"Glass Knife+1","floor":33},{"not_picked":["Cloak And Dagger","Outmaneuver+1"],"picked":"Prepared+1","floor":35},{"not_picked":["Underhanded Strike+1","Deadly Poison+1"],"picked":"Prepared+1","floor":36},{"not_picked":["Finisher+1","Predator+1"],"picked":"Slice+1","floor":45},{"not_picked":["Choke+1","PiercingWail","Cloak And Dagger"],"picked":"SKIP","floor":48}],"player_experience":100960,"relics_obtained":[{"floor":6,"key":"Juzu Bracelet"},{"floor":9,"key":"Centennial Puzzle"},{"floor":12,"key":"Anchor"},{"floor":26,"key":"Mummified Hand"}],"event_choices":[{"damage_healed":0,"gold_gain":0,"player_choice":"Success","damage_taken":3,"relics_obtained":["Molten Egg 2"],"max_hp_gain":0,"max_hp_loss":0,"event_name":"Scrap Ooze","floor":2,"gold_loss":0},{"damage_healed":0,"gold_gain":0,"player_choice":"Ignored","damage_taken":0,"max_hp_gain":0,"max_hp_loss":0,"event_name":"Shining Light","floor":7,"gold_loss":0},{"damage_healed":0,"gold_gain":0,"player_choice":"Ignored","damage_taken":0,"max_hp_gain":0,"max_hp_loss":0,"event_name":"The Mausoleum","floor":19,"gold_loss":0},{"damage_healed":0,"gold_gain":0,"player_choice":"","damage_taken":7,"max_hp_gain":0,"max_hp_loss":0,"event_name":"Knowing Skull","floor":21,"potions_obtained":[],"gold_loss":0,"cards_obtained":[]},{"damage_healed":0,"gold_gain":0,"player_choice":"Read","damage_taken":0,"max_hp_gain":0,"max_hp_loss":0,"event_name":"The Library","floor":24,"gold_loss":0,"cards_obtained":["Well Laid Plans"]},{"cards_removed":["Acrobatics"],"damage_healed":0,"gold_gain":0,"player_choice":"Removed Skill","damage_taken":0,"max_hp_gain":0,"max_hp_loss":0,"event_name":"Falling","floor":37,"gold_loss":0},{"damage_healed":0,"gold_gain":0,"player_choice":"Ignored","damage_taken":0,"max_hp_gain":0,"max_hp_loss":0,"event_name":"Tomb of Lord Red Mask","floor":39,"gold_loss":0},{"damage_healed":0,"gold_gain":0,"player_choice":"Bought 0 Potions","damage_taken":0,"max_hp_gain":0,"max_hp_loss":0,"event_name":"The Woman in Blue","floor":41,"gold_loss":0},{"damage_healed":0,"gold_gain":0,"player_choice":"Upgraded","damage_taken":0,"max_hp_gain":0,"max_hp_loss":0,"event_name":"Upgrade Shrine","floor":47,"gold_loss":0,"cards_upgraded":["Outmaneuver"]}],"is_beta":false,"boss_relics":[{"not_picked":["Fusion Hammer","Philosopher\u0027s Stone"],"picked":"WristBlade"},{"not_picked":["Runic Dome","HoveringKite"],"picked":"Cursed Key"}],"items_purged_floors":[22],"is_endless":false,"potions_floor_spawned":[5,6,28,29,35,45,48],"killed_by":"Donu and Deca","ascension_level":0}