{"gold_per_floor":[115,133,149,162,1,1,26,36,36,51,61,61,88,103,103,199,199,210,223,9,28,39,39,39,39,93,93,120,120,120,153,153,250,250,270,287,287,287,302,302,320,334,359,359,378,391,403,418,418,418],"floor_reached":51,"playtime":2577,"items_purged":[],"score":782,"play_id":"a59786d3-0859-4ba1-9362-6936bc3025ff","local_time":"20181007161342","is_ascension_mode":false,"campfire_choices":[{"data":"Bash","floor":6.0,"key":"SMITH"},{"data":"Armaments","floor":12.0,"key":"SMITH"},{"data":"Immolate","floor":15.0,"key":"SMITH"},{"data":"True Grit","floor":23,"key":"SMITH"},{"data":"Body Slam","floor":25,"key":"SMITH"},{"data":"Fiend Fire","floor":27,"key":"SMITH"},{"floor":32,"key":"REST"},{"data":"1","floor":40,"key":"LIFT"},{"data":"2","floor":44,"key":"LIFT"},{"floor":49,"key":"REST"}],"neow_cost":"NONE","seed_source_timestamp":599762748794173,"circlet_count":0,"master_deck":["Strike_R+1","Strike_R","Defend_R","Defend_R","Defend_R","Defend_R","Bash+1","Uppercut+1","Intimidate+1","Body Slam+1","True Grit+1","Offering","Armaments+1","Iron Wave","Clash","Cleave","Immolate+1","Fiend Fire+1","Armaments+1","Shrug It Off","Feel No Pain+1","Shrug It Off","Feel No Pain+1","Havoc+1","Dark Embrace+1","Thunderclap+1","True Grit+1","Double Tap+1","Shrug It Off+1","Metallicize+1","Warcry+1","Pommel Strike+1","Battle Trance","Disarm+1"],"special_seed":0,"relics":["Burning Blood","NeowsBlessing","Whetstone","Letter Opener","Frozen Egg 2","Runic Dome","Red Skull","Tiny Chest","Paper Frog","Enchiridion","Girya","Strawberry","Astrolabe","Bronze Scales"],"potions_floor_usage":[31,33,50,50,50],"damage_taken":[{"damage":0.0,"enemies":"Cultist","floor":1.0,"turns":1.0},{"damage":0.0,"enemies":"Jaw Worm","floor":2.0,"turns":1.0},{"damage":0.0,"enemies":"Small Slimes","floor":3.0,"turns":1.0},{"damage":0.0,"enemies":"2 Fungi Beasts","floor":4.0,"turns":4.0},{"damage":32.0,"enemies":"Lagavulin","floor":7.0,"turns":6.0},{"damage":11.0,"enemies":"Exordium Thugs","floor":8.0,"turns":4.0},{"damage":0.0,"enemies":"Blue Slaver","floor":10.0,"turns":4.0},{"damage":8.0,"enemies":"Red Slaver","floor":11.0,"turns":2.0},{"damage":6.0,"enemies":"Gremlin Nob","floor":13.0,"turns":3.0},{"damage":5.0,"enemies":"3 Louse","floor":14.0,"turns":3.0},{"damage":0,"enemies":"Slime Boss","floor":16,"turns":6},{"damage":9,"enemies":"Shell Parasite","floor":18,"turns":4},{"damage":12,"enemies":"3 Byrds","floor":19,"turns":3},{"damage":2,"enemies":"Snecko","floor":21,"turns":5},{"damage":6,"enemies":"Centurion and Healer","floor":22,"turns":6},{"damage":10,"enemies":"Book of Stabbing","floor":28,"turns":6},{"damage":29,"enemies":"Slavers","floor":31,"turns":3},{"damage":39,"enemies":"Champ","floor":33,"turns":11},{"damage":6,"enemies":"3 Shapes","floor":35,"turns":4},{"damage":8,"enemies":"3 Darklings","floor":36,"turns":3},{"damage":10,"enemies":"Spire Growth","floor":39,"turns":4},{"damage":23,"enemies":"Transient","floor":41,"turns":5},{"damage":6,"enemies":"Sphere and 2 Shapes","floor":42,"turns":2},{"damage":11,"enemies":"Maw","floor":45,"turns":7},{"damage":0,"enemies":"3 Darklings","floor":46,"turns":3},{"damage":7,"enemies":"4 Shapes","floor":47,"turns":3},{"damage":33,"enemies":"Spire Growth","floor":48,"turns":4},{"damage":17,"enemies":"Awakened One","floor":50,"turns":12}],"seed_played":"6865213267570561405","potions_obtained":[{"floor":4.0,"key":"Poison Potion"},{"floor":7.0,"key":"GamblersBrew"},{"floor":10.0,"key":"Explosive Potion"},{"floor":11.0,"key":"SneckoOil"},{"floor":13.0,"key":"LiquidBronze"},{"floor":14.0,"key":"EntropicBrew"},{"floor":22,"key":"LiquidBronze"},{"floor":31,"key":"SpeedPotion"},{"floor":36,"key":"Strength Potion"},{"floor":42,"key":"LiquidBronze"}],"is_trial":false,"path_per_floor":["M","M","M","M","$","R","E","M","T","M","M","R","E","M","R","B",null,"M","M","$","M","M","R","$","R","T","R","E","?","?","E","R","B",null,"M","M","?","?","M","R","M","M","T","R","M","M","M","M","R","B"],"character_chosen":"IRONCLAD","items_purchased":["Offering","Feel No Pain+1","Red Skull"],"campfire_rested":2,"item_purchase_floors":[5,20,20],"current_hp_per_floor":[80,80,80,80,80,80,54,49,49,55,53,53,53,54,54,60,80,77,71,71,75,75,75,75,75,75,75,71,55,55,39,65,32,87,87,85,85,85,81,81,64,64,64,64,59,65,64,37,63,52],"gold":418,"neow_bonus":"THREE_ENEMY_KILL","is_prod":false,"is_daily":false,"chose_seed":false,"campfire_upgraded":6,"win_rate":0,"timestamp":1538896422,"path_taken":["M","M","?","M","$","R","E","M","T","M","M","R","E","M","R","BOSS","M","M","$","M","M","R","$","R","T","R","E","?","?","E","R","BOSS","M","M","?","?","M","R","M","?","T","R","M","M","M","M","R","BOSS"],"build_version":"2018-10-04v2","purchased_purges":0,"victory":true,"max_hp_per_floor":[80,80,80,80,80,80,80,80,80,80,80,80,80,80,80,80,80,80,80,80,80,80,80,80,80,80,80,80,80,80,87,87,87,87,87,87,87,87,87,87,87,87,87,87,87,87,87,87,87,87],"card_choices":[{"not_picked":["Perfected Strike","Warcry"],"picked":"Uppercut","floor":1.0},{"not_picked":["Wild Strike","Sword Boomerang"],"picked":"Intimidate","floor":2.0},{"not_picked":["Iron Wave","Headbutt"],"picked":"Body Slam","floor":3.0},{"not_picked":["Exhume","Dropkick"],"picked":"True Grit","floor":4.0},{"not_picked":["Uppercut","Burning Pact"],"picked":"Armaments","floor":7.0},{"not_picked":["Inflame","Headbutt"],"picked":"Iron Wave","floor":8.0},{"not_picked":["Pummel","Havoc"],"picked":"Clash","floor":10.0},{"not_picked":["Rupture","Reckless Charge","Body Slam"],"picked":"SKIP","floor":11.0},{"not_picked":["Whirlwind","Ghostly Armor"],"picked":"Cleave","floor":13.0},{"not_picked":["Clash","Iron Wave"],"picked":"Immolate","floor":14.0},{"not_picked":["Dark Embrace+1","Double Tap"],"picked":"Fiend Fire","floor":16},{"not_picked":["Clothesline","Thunderclap+1"],"picked":"Armaments+1","floor":18},{"not_picked":["Sword Boomerang","Sentinel"],"picked":"Shrug It Off","floor":19},{"not_picked":["Second Wind","Thunderclap"],"picked":"Shrug It Off","floor":21},{"not_picked":["Clothesline","Sever Soul","Fire Breathing+1"],"picked":"SKIP","floor":22},{"not_picked":["Sword Boomerang+1","Cleave"],"picked":"Feel No Pain+1","floor":28},{"not_picked":["Fire Breathing+1","Shrug It Off"],"picked":"Havoc+1","floor":31},{"not_picked":["Impervious","Brutality+1"],"picked":"Dark Embrace+1","floor":33},{"not_picked":["Pommel Strike","Perfected Strike"],"picked":"Shrug It Off+1","floor":35},{"not_picked":["Carnage","Seeing Red+1"],"picked":"Metallicize+1","floor":36},{"not_picked":["Combust+1","Thunderclap+1","Corruption+1"],"picked":"SKIP","floor":39},{"not_picked":["Rupture+1","Intimidate"],"picked":"Warcry+1","floor":41},{"not_picked":["Sword Boomerang","Clash","Armaments"],"picked":"SKIP","floor":42},{"not_picked":["Dual Wield+1","Cleave+1","Anger+1"],"picked":"SKIP","floor":45},{"not_picked":["Sword Boomerang+1","Shrug It Off"],"picked":"Pommel Strike+1","floor":46},{"not_picked":["Ghostly Armor+1","Flex+1"],"picked":"Battle Trance","floor":47},{"not_picked":["Bloodletting+1","Burning Pact+1"],"picked":"Disarm+1","floor":48}],"player_experience":137795,"relics_obtained":[{"floor":7.0,"key":"Whetstone"},{"floor":9.0,"key":"Letter Opener"},{"floor":13.0,"key":"Frozen Egg 2"},{"floor":26,"key":"Tiny Chest"},{"floor":28,"key":"Paper Frog"},{"floor":29,"key":"Enchiridion"},{"floor":30,"key":"Girya"},{"floor":31,"key":"Strawberry"},{"floor":43,"key":"Bronze Scales"}],"event_choices":[{"event_name":"Cursed Tome","player_choice":"Obtained Book","floor":29,"damage_taken":0},{"event_name":"Wheel of Change","player_choice":"Relic","floor":30,"damage_taken":0},{"event_name":"Tomb of Lord Red Mask","player_choice":"Ignored","floor":37,"damage_taken":0},{"event_name":"Accursed Blacksmith","player_choice":"Forge","floor":38,"damage_taken":0}],"is_beta":false,"boss_relics":[{"not_picked":["Black Star","Runic Cube"],"picked":"Runic Dome"},{"not_picked":["Empty Cage","Philosopher\u0027s Stone"],"picked":"Astrolabe"}],"items_purged_floors":[],"is_endless":false,"potions_floor_spawned":[4,7,10,11,13,14,21,22,28,31,36,41,42,45,46,48],"ascension_level":0}