{"gold_per_floor":[119,194,8,23,42,42,42,59,59,72,72,106,106,123,123,227,227,213,8,18,29,29,29,42,57,57,57,57,57,57,68,68,163,163,175,48,98,39,54,54,69,69,69,81,98,111,111,111,111,111],"floor_reached":51,"playtime":3063,"items_purged":["Shame"],"score":726,"play_id":"79ea2200-117e-4f4b-a0a3-3d4f73f7b909","local_time":"20180930132025","is_ascension_mode":false,"campfire_choices":[{"data":"Zap","floor":6.0,"key":"SMITH"},{"data":"Blizzard","floor":11.0,"key":"SMITH"},{"data":"Capacitor","floor":13.0,"key":"SMITH"},{"data":"Capacitor","floor":15.0,"key":"SMITH"},{"data":"Buffer","floor":23.0,"key":"SMITH"},{"data":"BootSequence","floor":27.0,"key":"SMITH"},{"data":"Stack","floor":32,"key":"SMITH"},{"data":"Creative AI","floor":40,"key":"SMITH"},{"data":"Coolheaded","floor":42,"key":"SMITH"},{"data":"Dualcast","floor":47,"key":"SMITH"},{"data":"Glacier","floor":49,"key":"SMITH"}],"neow_cost":"NONE","seed_source_timestamp":752707942418195,"circlet_count":0,"master_deck":["Strike_B","Strike_B","Strike_B","Defend_B","Defend_B","Defend_B+1","Defend_B+1","Zap+1","Dualcast+1","Leap+1","Capacitor+1","Conserve Battery","Coolheaded+1","Glacier","Blizzard+1","Self Repair","Capacitor+1","Buffer+1","BootSequence+1","Stack+1","Glacier+1","Coolheaded+1","Cold Snap+1","Barrage+1","Creative AI+1","Storm+1"],"special_seed":0,"relics":["Cracked Core","War Paint","Question Card","Cables","Velvet Choker","DataDisk","Letter Opener","Pear","MutagenicStrength","Busted Crown","Torii","Oddly Smooth Stone","Blue Candle"],"potions_floor_usage":[31,41,50,50,50],"damage_taken":[{"damage":2.0,"enemies":"2 Louse","floor":1.0,"turns":2.0},{"damage":1.0,"enemies":"Jaw Worm","floor":4.0,"turns":3.0},{"damage":0.0,"enemies":"Cultist","floor":5.0,"turns":4.0},{"damage":1.0,"enemies":"Red Slaver","floor":8.0,"turns":5.0},{"damage":1.0,"enemies":"Large Slime","floor":10.0,"turns":8.0},{"damage":9.0,"enemies":"3 Sentries","floor":12.0,"turns":7.0},{"damage":0.0,"enemies":"Blue Slaver","floor":14.0,"turns":4.0},{"damage":27.0,"enemies":"Slime Boss","floor":16.0,"turns":12.0},{"damage":8.0,"enemies":"2 Thieves","floor":18.0,"turns":4.0},{"damage":0.0,"enemies":"Spheric Guardian","floor":20.0,"turns":9.0},{"damage":0.0,"enemies":"3 Cultists","floor":21.0,"turns":7.0},{"damage":0.0,"enemies":"Sentry and Sphere","floor":24.0,"turns":8.0},{"damage":0.0,"enemies":"Centurion and Healer","floor":25.0,"turns":13.0},{"damage":0,"enemies":"Cultist and Chosen","floor":31,"turns":9},{"damage":0,"enemies":"Automaton","floor":33,"turns":13},{"damage":0,"enemies":"3 Shapes","floor":35,"turns":8},{"damage":10,"enemies":"Mysterious Sphere","floor":37,"turns":8},{"damage":0,"enemies":"3 Darklings","floor":39,"turns":7},{"damage":0,"enemies":"Spire Growth","floor":41,"turns":5},{"damage":0,"enemies":"Maw","floor":44,"turns":6},{"damage":1,"enemies":"Reptomancer","floor":45,"turns":8},{"damage":0,"enemies":"4 Shapes","floor":46,"turns":7},{"damage":0,"enemies":"Donu and Deca","floor":50,"turns":9}],"seed_played":"-4224953393656600184","potions_obtained":[{"floor":5.0,"key":"Explosive Potion"},{"floor":10.0,"key":"Strength Potion"},{"floor":16.0,"key":"Poison Potion"},{"floor":18.0,"key":"SkillPotion"},{"floor":20.0,"key":"Ancient Potion"},{"floor":24.0,"key":"Fire Potion"},{"floor":25.0,"key":"Swift Potion"},{"floor":35,"key":"SkillPotion"},{"floor":41,"key":"Fire Potion"},{"floor":44,"key":"Swift Potion"}],"is_trial":false,"path_per_floor":["M","?","$","M","M","R","?","M","T","M","R","E","R","M","R","B",null,"M","$","M","M","?","R","M","M","T","R","?","$","?","M","R","B",null,"M","$","?","?","M","R","M","R","T","M","M","M","R","?","R","B"],"character_chosen":"DEFECT","items_purchased":["Capacitor","War Paint","DataDisk","Stack","PowerPotion"],"campfire_rested":0,"item_purchase_floors":[3,3,19,19,36],"current_hp_per_floor":[73,62,62,61,61,61,46,45,45,44,44,35,35,42,42,22,75,74,74,75,75,75,75,75,75,85,85,85,85,85,85,85,85,85,85,85,75,75,82,82,82,82,82,85,85,85,85,85,85,85],"gold":111,"neow_bonus":"REMOVE_CARD","is_prod":false,"is_daily":false,"chose_seed":false,"campfire_upgraded":11,"win_rate":1,"timestamp":1538281225,"path_taken":["M","?","$","M","M","R","?","M","T","M","R","E","R","M","R","BOSS","M","$","M","M","?","R","?","M","T","R","?","$","?","M","R","BOSS","M","$","?","?","M","R","M","R","T","M","M","?","R","?","R","BOSS"],"build_version":"2018-09-27","purchased_purges":1,"victory":true,"max_hp_per_floor":[75,75,75,75,75,75,75,75,75,75,75,75,75,75,75,75,75,75,75,75,75,75,75,75,75,85,85,85,85,85,85,85,85,85,85,85,85,85,85,85,85,85,85,85,85,85,85,85,85,85],"card_choices":[{"not_picked":["Ball Lightning","Fusion"],"picked":"Leap","floor":1.0},{"not_picked":["Rebound","Auto Shields"],"picked":"Conserve Battery","floor":4.0},{"not_picked":["Heatsinks","Leap"],"picked":"Coolheaded","floor":5.0},{"not_picked":["Blizzard","Hologram"],"picked":"Glacier","floor":8.0},{"not_picked":["Sweeping Beam","Ball Lightning","Leap"],"picked":"Blizzard","floor":10.0},{"not_picked":["Steam","Hologram","Conserve Battery"],"picked":"Self Repair","floor":12.0},{"not_picked":["Hyperbeam","Coolheaded","Conserve Battery"],"picked":"Capacitor","floor":14.0},{"not_picked":["Meteor Strike","All For One","Rainbow"],"picked":"Buffer","floor":16.0},{"not_picked":["Rip and Tear","Conserve Battery+1","Go for the Eyes"],"picked":"BootSequence","floor":18.0},{"not_picked":["Sweeping Beam","Stack","Buffer"],"picked":"Glacier","floor":20.0},{"not_picked":["Reprogram","Gash","Chaos"],"picked":"Coolheaded","floor":21.0},{"not_picked":["Storm+1","Leap","Blizzard"],"picked":"Cold Snap+1","floor":24.0},{"not_picked":["Redo","Gash","Rebound+1"],"picked":"Barrage+1","floor":25.0},{"not_picked":["Scrape+1","Sweeping Beam+1","Leap","Ball Lightning"],"picked":"SKIP","floor":31},{"not_picked":["Meteor Strike","Seek","Reboot"],"picked":"Creative AI","floor":33},{"not_picked":["Steam","Auto Shields+1"],"picked":"SKIP","floor":35},{"not_picked":["Steam Power+1","Rebound"],"picked":"SKIP","floor":39},{"not_picked":["Tempest+1","Beam Cell"],"picked":"SKIP","floor":41},{"not_picked":["Scrape","Conserve Battery"],"picked":"SKIP","floor":44},{"not_picked":["Reinforced Body+1"],"picked":"Storm+1","floor":45},{"not_picked":["Sweeping Beam+1","Turbo+1"],"picked":"SKIP","floor":46}],"player_experience":82001,"relics_obtained":[{"floor":9.0,"key":"Question Card"},{"floor":12.0,"key":"Cables"},{"floor":26.0,"key":"Pear"},{"floor":37,"key":"Torii"},{"floor":43,"key":"Blue Candle"}],"event_choices":[{"event_name":"World of Goop","player_choice":"Gather Gold","floor":2.0,"damage_taken":0.0},{"event_name":"Shining Light","player_choice":"Entered Light","floor":7.0,"damage_taken":0.0},{"event_name":"Addict","player_choice":"Stole Relic","floor":22.0,"damage_taken":0.0},{"event_name":"Ghosts","player_choice":"Ignored","floor":28.0,"damage_taken":0.0},{"event_name":"Drug Dealer","player_choice":"Inject Mutagens","floor":30,"damage_taken":0},{"event_name":"Mysterious Sphere","player_choice":"Fight","floor":37,"damage_taken":0},{"event_name":"WeMeetAgain","player_choice":"Gold","floor":38,"damage_taken":0},{"event_name":"SensoryStone","player_choice":"Memory 1","floor":48,"damage_taken":0}],"is_beta":false,"boss_relics":[{"not_picked":["Empty Cage","Cursed Key"],"picked":"Velvet Choker"},{"not_picked":["Runic Dome","White Beast Statue"],"picked":"Busted Crown"}],"items_purged_floors":[36],"is_endless":false,"potions_floor_spawned":[5,10,16,18,20,24,25,35,37,41,44,46],"ascension_level":0}