{"gold_per_floor":[119,138,138,156,156,156,43,43,66,66,101,113,113,123,123,218,218,238,238,238,262,274,286,313,325,390,402,145,145,22,38,38,138,138,150,150,74,74,90,125,125,137,137,148,178,178,53,53,53,53],"floor_reached":51,"playtime":2355,"items_purged":["Strike_B","Strike_B","Writhe"],"score":751,"play_id":"bb64827b-46eb-4d0b-ab20-26e85994d920","local_time":"20181031001703","is_ascension_mode":false,"campfire_choices":[{"data":"Sweeping Beam","floor":6.0,"key":"SMITH"},{"data":"Loop","floor":8.0,"key":"SMITH"},{"data":"Defragment","floor":15.0,"key":"SMITH"},{"data":"Self Repair","floor":23.0,"key":"SMITH"},{"data":"Seek","floor":25,"key":"SMITH"},{"data":"Leap","floor":27,"key":"SMITH"},{"data":"Discovery","floor":32,"key":"SMITH"},{"floor":41,"key":"REST"},{"data":"1","floor":49,"key":"LIFT"}],"neow_cost":"NONE","seed_source_timestamp":229159823577818,"circlet_count":0,"master_deck":["Defend_B+1","Defend_B+1","Defend_B+1","Defend_B+1","Zap+1","Dualcast+1","Sweeping Beam+1","Self Repair+1","Leap+1","Loop+1","Gash+1","Defragment+1","Conserve Battery+1","Seek+1","Steam+1","White Noise+1","Self Repair+1","Consume+1","Discovery+1","White Noise+1","Coolheaded+1","Loop+1","Go for the Eyes+1","Cold Snap+1","Amplify+1","Capacitor+1","Chill+1","Coolheaded+1"],"special_seed":0,"relics":["Cracked Core","Pen Nib","PreservedInsect","Symbiotic Virus","Nuclear Battery","MawBank","Happy Flower","Philosopher\u0027s Stone","Juzu Bracelet","Girya","Oddly Smooth Stone","Mark of the Bloom"],"potions_floor_usage":[24,50,50,50],"damage_taken":[{"damage":0.0,"enemies":"Small Slimes","floor":1.0,"turns":3.0},{"damage":0.0,"enemies":"Cultist","floor":2.0,"turns":3.0},{"damage":0.0,"enemies":"2 Louse","floor":4.0,"turns":2.0},{"damage":13.0,"enemies":"Lagavulin","floor":11.0,"turns":4.0},{"damage":0.0,"enemies":"Lots of Slimes","floor":12.0,"turns":2.0},{"damage":3.0,"enemies":"2 Fungi Beasts","floor":14.0,"turns":3.0},{"damage":42.0,"enemies":"The Guardian","floor":16.0,"turns":7.0},{"damage":21.0,"enemies":"2 Thieves","floor":18.0,"turns":4.0},{"damage":5.0,"enemies":"Shell Parasite","floor":21.0,"turns":3.0},{"damage":20,"enemies":"Chosen and Byrds","floor":24,"turns":6},{"damage":11,"enemies":"Snecko","floor":31,"turns":5},{"damage":21,"enemies":"Automaton","floor":33,"turns":20},{"damage":0,"enemies":"3 Shapes","floor":35,"turns":6},{"damage":11,"enemies":"Orb Walker","floor":39,"turns":5},{"damage":46,"enemies":"Nemesis","floor":40,"turns":5},{"damage":14,"enemies":"Maw","floor":42,"turns":6},{"damage":35,"enemies":"Writhing Mass","floor":44,"turns":6},{"damage":0,"enemies":"Giant Head","floor":45,"turns":12},{"damage":16,"enemies":"Awakened One","floor":50,"turns":16}],"seed_played":"4843550606028624245","potions_obtained":[{"floor":1.0,"key":"GamblersBrew"},{"floor":4.0,"key":"Dexterity Potion"},{"floor":12.0,"key":"FocusPotion"},{"floor":14.0,"key":"PowerPotion"},{"floor":33,"key":"PowerPotion"}],"is_trial":false,"path_per_floor":["M","M","?","M","?","R","$","R","T","?","E","M","?","M","R","B",null,"M","?","?","M","$","R","M","R","T","R","$","?","$","M","R","B",null,"M","?","$","?","M","E","R","M","T","M","E","?","$","?","R","B"],"character_chosen":"DEFECT","items_purchased":["Loop","Consume","Discovery","Loop","Go for the Eyes","Capacitor"],"campfire_rested":1,"item_purchase_floors":[7,28,28,30,30,37],"current_hp_per_floor":[75,75,75,75,75,75,75,75,75,75,69,75,68,72,72,37,75,61,61,61,63,63,63,53,53,53,53,53,53,53,62,62,61,75,75,75,75,75,75,49,71,75,75,60,75,75,75,75,75,59],"gold":53,"neow_bonus":"RANDOM_COMMON_RELIC","is_prod":false,"is_daily":false,"chose_seed":false,"campfire_upgraded":7,"win_rate":0,"timestamp":1540912623,"path_taken":["M","M","?","?","?","R","$","R","T","?","E","M","?","M","R","BOSS","M","?","?","?","$","R","M","R","T","R","$","?","$","M","R","BOSS","M","?","$","?","M","E","R","M","T","M","E","?","$","?","R","BOSS"],"build_version":"2018-10-25v2","purchased_purges":3,"victory":true,"max_hp_per_floor":[75,75,75,75,75,75,75,75,75,75,75,75,75,75,75,75,75,75,75,75,75,75,75,75,75,75,75,75,75,75,75,75,75,75,75,75,75,75,75,75,75,75,75,75,75,75,75,75,75,75],"card_choices":[{"not_picked":["Blizzard","Genetic Algorithm"],"picked":"Sweeping Beam","floor":1.0},{"not_picked":["Stack","Reinforced Body"],"picked":"Self Repair","floor":2.0},{"not_picked":["Compile Driver","Rip and Tear"],"picked":"Leap","floor":4.0},{"not_picked":["Stack","Storm"],"picked":"Gash","floor":11.0},{"not_picked":["Rip and Tear","Cold Snap"],"picked":"Defragment","floor":12.0},{"not_picked":["Barrage","Leap"],"picked":"Conserve Battery","floor":14.0},{"not_picked":["Hyperbeam","Reboot"],"picked":"Seek","floor":16.0},{"not_picked":["Double Energy","Barrage"],"picked":"Steam+1","floor":18.0},{"not_picked":["Sweeping Beam","Streamline"],"picked":"White Noise+1","floor":21.0},{"not_picked":["Streamline","Double Energy"],"picked":"Self Repair+1","floor":24},{"not_picked":["Ball Lightning","Lockon+1"],"picked":"Cold Snap","floor":31},{"not_picked":["Biased Cognition","Core Surge"],"picked":"Amplify","floor":33},{"not_picked":["Skim+1","Conserve Battery"],"picked":"FTL+1","floor":35},{"not_picked":["Conserve Battery","Steam","Aggregate+1"],"picked":"SKIP","floor":39},{"not_picked":["Conserve Battery","Rebound","Beam Cell"],"picked":"SKIP","floor":40},{"not_picked":["Compile Driver+1","BootSequence"],"picked":"Chill","floor":42},{"not_picked":["Reboot","Cold Snap"],"picked":"Coolheaded+1","floor":44},{"not_picked":["Self Repair+1","Ball Lightning+1","Biased Cognition"],"picked":"SKIP","floor":45}],"player_experience":385748,"relics_obtained":[{"floor":9.0,"key":"PreservedInsect"},{"floor":11.0,"key":"Symbiotic Virus"},{"floor":26,"key":"Happy Flower"},{"floor":40,"key":"Juzu Bracelet"},{"floor":43,"key":"Girya"},{"floor":45,"key":"Oddly Smooth Stone"}],"event_choices":[{"damage_healed":0.0,"max_hp_gain":0.0,"max_hp_loss":0.0,"gold_gain":0.0,"event_name":"Living Wall","player_choice":"Grow","floor":3.0,"gold_loss":0.0,"damage_taken":0.0,"cards_upgraded":["Zap"]},{"damage_healed":0.0,"max_hp_gain":0.0,"max_hp_loss":0.0,"gold_gain":0.0,"event_name":"Upgrade Shrine","player_choice":"Upgraded","floor":5.0,"gold_loss":0.0,"damage_taken":0.0,"cards_upgraded":["Dualcast"]},{"damage_healed":0.0,"max_hp_gain":0.0,"max_hp_loss":0.0,"gold_gain":0.0,"event_name":"The Woman in Blue","player_choice":"Bought 0 Potions","floor":10.0,"gold_loss":0.0,"damage_taken":0.0},{"damage_healed":0.0,"max_hp_gain":0.0,"max_hp_loss":0.0,"gold_gain":0.0,"event_name":"Wheel of Change","player_choice":"Damaged","floor":13.0,"gold_loss":0.0,"damage_taken":7.0},{"damage_healed":0.0,"max_hp_gain":0.0,"max_hp_loss":0.0,"gold_gain":0.0,"event_name":"Ghosts","player_choice":"Ignored","floor":19.0,"gold_loss":0.0,"damage_taken":0.0},{"damage_healed":0.0,"max_hp_gain":0.0,"max_hp_loss":0.0,"gold_gain":0.0,"event_name":"The Mausoleum","player_choice":"Opened","floor":20.0,"gold_loss":0.0,"damage_taken":0.0,"relics_obtained":["MawBank"],"cards_obtained":["Writhe"]},{"damage_healed":0,"gold_gain":0,"cards_transformed":["Strike_B","Strike_B"],"player_choice":"Became Test Subject","damage_taken":0,"max_hp_gain":0,"max_hp_loss":0,"event_name":"Drug Dealer","floor":29,"gold_loss":0,"cards_obtained":["White Noise","Coolheaded"]},{"cards_removed":["FTL"],"damage_healed":0,"gold_gain":0,"player_choice":"Removed Attack","damage_taken":0,"max_hp_gain":0,"max_hp_loss":0,"event_name":"Falling","floor":36,"gold_loss":0},{"damage_healed":0,"gold_gain":0,"player_choice":"Ignored","damage_taken":0,"max_hp_gain":0,"max_hp_loss":0,"event_name":"Mysterious Sphere","floor":38,"gold_loss":0},{"damage_healed":0,"gold_gain":0,"player_choice":"Ignored","damage_taken":0,"max_hp_gain":0,"max_hp_loss":0,"event_name":"Tomb of Lord Red Mask","floor":46,"gold_loss":0},{"damage_healed":0,"gold_gain":0,"player_choice":"Upgrade","damage_taken":0,"relics_obtained":["Mark of the Bloom"],"max_hp_gain":0,"max_hp_loss":0,"event_name":"MindBloom","floor":48,"gold_loss":0,"cards_upgraded":["Defend_B","Defend_B","Defend_B","Defend_B","Gash","Conserve Battery","Consume","White Noise","Coolheaded","Loop","Go for the Eyes","Cold Snap","Amplify","Capacitor","Chill"]}],"is_beta":false,"boss_relics":[{"not_picked":["Snecko Eye","Fusion Hammer"],"picked":"Nuclear Battery"},{"not_picked":["Velvet Choker","Calling Bell"],"picked":"Philosopher\u0027s Stone"}],"items_purged_floors":[7,28,47],"is_endless":false,"potions_floor_spawned":[1,4,12,14,33,39,42],"ascension_level":0}