{"gold_per_floor":[117,117,131,145,145,145,178,178,178,178,197,197,92,111,111,209,209,222,239,250,302,302,302],"floor_reached":23,"playtime":2120,"items_purged":[],"score":191,"play_id":"59c2fbd7-40ae-4b8b-96f4-b9a5e1be4863","local_time":"20190628212535","is_ascension_mode":false,"campfire_choices":[{"data":"Dualcast","floor":6,"key":"SMITH"},{"data":"Doom and Gloom","floor":8,"key":"SMITH"},{"floor":15,"key":"REST"}],"neow_cost":"NONE","seed_source_timestamp":96301452087030,"circlet_count":0,"master_deck":["Strike_B","Strike_B","Strike_B","Strike_B","Defend_B","Defend_B","Defend_B","Defend_B","Zap+1","Dualcast+1","Coolheaded","Doom and Gloom+1","Ball Lightning","Auto Shields","Glacier","Stack","Compile Driver+1","Sweeping Beam+1","Buffer","Auto Shields","FTL+1","Ball Lightning+1","Capacitor","Gash+1","Conserve Battery","Blizzard+1","Reinforced Body"],"relics":["Cracked Core","Molten Egg 2","Bronze Scales","Orrery","Blood Vial"],"potions_floor_usage":[23,23,23],"damage_taken":[{"damage":5,"enemies":"Jaw Worm","floor":1,"turns":4},{"damage":0,"enemies":"Small Slimes","floor":3,"turns":4},{"damage":0,"enemies":"2 Louse","floor":4,"turns":3},{"damage":20,"enemies":"Gremlin Nob","floor":7,"turns":4},{"damage":0,"enemies":"Large Slime","floor":11,"turns":4},{"damage":0,"enemies":"Gremlin Gang","floor":14,"turns":2},{"damage":41,"enemies":"Hexaghost","floor":16,"turns":10},{"damage":25,"enemies":"2 Thieves","floor":18,"turns":4},{"damage":8,"enemies":"Shell Parasite","floor":19,"turns":5},{"damage":27,"enemies":"Shelled Parasite and Fungi","floor":20,"turns":10},{"damage":25,"enemies":"Book of Stabbing","floor":23,"turns":4}],"seed_played":"-4751499629325263670","potions_obtained":[{"floor":3,"key":"Strength Potion"},{"floor":11,"key":"Strength Potion"},{"floor":14,"key":"PowerPotion"},{"floor":16,"key":"Explosive Potion"}],"is_trial":false,"path_per_floor":["M","?","M","M","?","R","E","R","T","?","M","?","$","M","R","B",null,"M","M","M","T","?","E"],"character_chosen":"DEFECT","items_purchased":["Stack","Compile Driver+1"],"campfire_rested":1,"item_purchase_floors":[13,13],"current_hp_per_floor":[77,77,77,77,77,77,57,57,57,57,57,57,57,57,81,40,82,57,49,22,22,22,0],"gold":302,"neow_bonus":"TEN_PERCENT_HP_BONUS","is_prod":false,"is_daily":false,"chose_seed":false,"campfire_upgraded":2,"win_rate":0.0,"timestamp":1561775135,"path_taken":["M","?","M","M","?","R","E","R","T","?","M","?","$","M","R","BOSS","M","M","?","?","?","E"],"build_version":"2019-01-23","purchased_purges":0,"victory":false,"max_hp_per_floor":[82,82,82,82,82,82,82,82,82,82,82,82,82,82,82,82,82,82,82,82,82,82,82],"card_choices":[{"not_picked":["Stack","Conserve Battery"],"picked":"Coolheaded","floor":1},{"not_picked":["Tempest","Cold Snap"],"picked":"Doom and Gloom","floor":3},{"not_picked":["Reprogram","Blizzard"],"picked":"Ball Lightning","floor":4},{"not_picked":["Conserve Battery","Lockon"],"picked":"Auto Shields","floor":7},{"not_picked":["Scrape+1","Tempest"],"picked":"Glacier","floor":11},{"not_picked":["Rip and Tear+1","Ball Lightning+1"],"picked":"Sweeping Beam+1","floor":14},{"not_picked":["Seek","Fission"],"picked":"Buffer","floor":16},{"not_picked":["Compile Driver+1","Conserve Battery"],"picked":"Auto Shields","floor":17},{"not_picked":["Stack","Cold Snap+1"],"picked":"FTL+1","floor":17},{"not_picked":["Reinforced Body","Cold Snap+1"],"picked":"Ball Lightning+1","floor":17},{"not_picked":["Ball Lightning+1","Hologram"],"picked":"Capacitor","floor":17},{"not_picked":["Rainbow","Genetic Algorithm"],"picked":"Gash+1","floor":17},{"not_picked":["Go for the Eyes+1","Heatsinks"],"picked":"Conserve Battery","floor":18},{"not_picked":["Coolheaded","Conserve Battery"],"picked":"Blizzard+1","floor":19},{"not_picked":["Rip and Tear+1","Storm"],"picked":"Reinforced Body","floor":20}],"player_experience":6487,"relics_obtained":[{"floor":7,"key":"Molten Egg 2"},{"floor":9,"key":"Bronze Scales"},{"floor":21,"key":"Blood Vial"}],"event_choices":[{"damage_healed":0,"gold_gain":0,"player_choice":"Ignored","damage_taken":0,"max_hp_gain":0,"max_hp_loss":0,"event_name":"Liars Game","floor":2,"gold_loss":0},{"damage_healed":0,"gold_gain":0,"player_choice":"Fled","damage_taken":0,"max_hp_gain":0,"max_hp_loss":0,"event_name":"Scrap Ooze","floor":5,"gold_loss":0},{"damage_healed":0,"gold_gain":0,"player_choice":"Ignored","damage_taken":0,"max_hp_gain":0,"max_hp_loss":0,"event_name":"Shining Light","floor":10,"gold_loss":0},{"damage_healed":0,"gold_gain":0,"player_choice":"Upgraded","damage_taken":0,"max_hp_gain":0,"max_hp_loss":0,"event_name":"Upgrade Shrine","floor":12,"gold_loss":0,"cards_upgraded":["Zap"]},{"damage_healed":0,"gold_gain":0,"player_choice":"Ignored","damage_taken":0,"max_hp_gain":0,"max_hp_loss":0,"event_name":"Ghosts","floor":22,"gold_loss":0}],"is_beta":false,"boss_relics":[{"not_picked":["Fusion Hammer","Sozu"],"picked":"Orrery"}],"items_purged_floors":[],"is_endless":false,"potions_floor_spawned":[3,11,14,16],"killed_by":"Book of Stabbing","ascension_level":0}