{"gold_per_floor":[116,130,149,34,34,34,34,52,52,52,52,52,66,91,91,194,194,213,15,15,26,26,26,26,26,26,42,42,57,72,84,84,185,185,198,106,106,120,420,420,1,13,13,13,46,56,89,0,12,24],"floor_reached":51,"playtime":2485,"items_purged":["Strike_R","Defend_R","Defend_R"],"score":755,"play_id":"81d08834-a254-4cd6-8731-7c118c645827","local_time":"20181020074316","is_ascension_mode":false,"campfire_choices":[{"data":"Bash","floor":7,"key":"SMITH"},{"data":"Pommel Strike","floor":10,"key":"SMITH"},{"data":"Infernal Blade","floor":12,"key":"SMITH"},{"data":"Metallicize","floor":15,"key":"SMITH"},{"data":"Bludgeon","floor":23,"key":"SMITH"},{"data":"Impervious","floor":25,"key":"SMITH"},{"data":"Shockwave","floor":28,"key":"SMITH"},{"data":"True Grit","floor":32,"key":"SMITH"},{"data":"Body Slam","floor":40,"key":"SMITH"},{"data":"Impervious","floor":49,"key":"SMITH"}],"neow_cost":"NONE","seed_source_timestamp":284206195623351,"circlet_count":0,"master_deck":["Defend_R","Defend_R","Bash+1","Trip","Pommel Strike+1","Shockwave+1","Shrug It Off","Metallicize+1","Shrug It Off","Impervious+1","Bludgeon+1","Whirlwind+1","Clothesline+1","Blood for Blood+1","Cleave+1","Shrug It Off","Pommel Strike","True Grit+1","Impervious+1","Impervious","Havoc+1","Body Slam+1","True Grit+1"],"relics":["Burning Blood","Paper Frog","The Courier","Happy Flower","Astrolabe","Strange Spoon","Smiling Mask","Self Forming Clay","Velvet Choker","Thread and Needle","Bag of Marbles","Torii","Molten Egg 2","MawBank","Red Mask"],"potions_floor_usage":[16,18,50,50,50],"damage_taken":[{"damage":0,"enemies":"Small Slimes","floor":1,"turns":3},{"damage":6,"enemies":"2 Louse","floor":2,"turns":2},{"damage":5,"enemies":"Jaw Worm","floor":3,"turns":4},{"damage":11,"enemies":"Lots of Slimes","floor":8,"turns":6},{"damage":15,"enemies":"Exordium Thugs","floor":13,"turns":6},{"damage":2,"enemies":"Lagavulin","floor":14,"turns":5},{"damage":37,"enemies":"Slime Boss","floor":16,"turns":9},{"damage":6,"enemies":"2 Thieves","floor":18,"turns":4},{"damage":0,"enemies":"Shell Parasite","floor":21,"turns":4},{"damage":0,"enemies":"3 Cultists","floor":27,"turns":4},{"damage":1,"enemies":"Centurion and Healer","floor":29,"turns":5},{"damage":4,"enemies":"Snake Plant","floor":30,"turns":2},{"damage":10,"enemies":"3 Cultists","floor":31,"turns":4},{"damage":75,"enemies":"Champ","floor":33,"turns":17},{"damage":3,"enemies":"3 Shapes","floor":35,"turns":5},{"damage":0,"enemies":"3 Darklings","floor":38,"turns":4},{"damage":4,"enemies":"Spire Growth","floor":42,"turns":4},{"damage":0,"enemies":"Reptomancer","floor":45,"turns":4},{"damage":15,"enemies":"Sphere and 2 Shapes","floor":46,"turns":6},{"damage":12,"enemies":"Giant Head","floor":47,"turns":7},{"damage":10,"enemies":"Awakened One","floor":50,"turns":18}],"seed_played":"4968158698387849897","potions_obtained":[{"floor":2,"key":"EssenceOfSteel"},{"floor":14,"key":"Fire Potion"},{"floor":16,"key":"AttackPotion"},{"floor":18,"key":"LiquidBronze"},{"floor":31,"key":"AttackPotion"},{"floor":33,"key":"Ancient Potion"},{"floor":46,"key":"EssenceOfSteel"},{"floor":47,"key":"Weak Potion"}],"is_trial":false,"path_per_floor":["M","M","M","$","?","?","R","M","T","R","?","R","M","E","R","B",null,"M","$","?","M","$","R","?","R","T","M","R","M","M","M","R","B",null,"M","$","?","M","?","R","$","M","T","$","E","M","E","?","R","B"],"character_chosen":"IRONCLAD","items_purchased":["Metallicize","Strange Spoon","Shrug It Off","Body Slam","Thread and Needle","Bag of Marbles"],"campfire_rested":0,"item_purchase_floors":[4,19,19,36,41,41],"current_hp_per_floor":[80,80,80,80,80,68,68,63,63,63,63,63,54,58,58,27,80,80,80,80,80,80,80,80,80,80,80,80,80,80,76,76,7,80,80,80,80,80,80,80,80,80,80,80,80,71,65,65,65,61],"gold":36,"neow_bonus":"RANDOM_COLORLESS","is_prod":false,"is_daily":false,"chose_seed":false,"campfire_upgraded":10,"win_rate":0,"timestamp":1539988996,"path_taken":["M","M","M","$","?","?","R","M","T","R","?","R","M","E","R","BOSS","M","?","?","M","$","R","?","R","T","M","R","M","M","M","R","BOSS","M","$","?","?","?","R","$","M","T","?","E","M","E","?","R","BOSS"],"build_version":"2018-10-18","purchased_purges":3,"victory":true,"max_hp_per_floor":[80,80,80,80,80,80,80,80,80,80,80,80,80,80,80,80,80,80,80,80,80,80,80,80,80,80,80,80,80,80,80,80,80,80,80,80,80,80,80,80,80,80,80,80,80,80,80,80,80,80],"card_choices":[{"not_picked":["Sentinel","Sword Boomerang"],"picked":"Pommel Strike","floor":1},{"not_picked":["Body Slam","Heavy Blade"],"picked":"Shockwave","floor":2},{"not_picked":["Wild Strike","Sword Boomerang"],"picked":"Shrug It Off","floor":3},{"not_picked":["Sentinel","Anger"],"picked":"Infernal Blade","floor":8},{"not_picked":["Corruption","Wild Strike"],"picked":"Shrug It Off","floor":13},{"not_picked":["Uppercut","Armaments"],"picked":"Impervious","floor":14},{"not_picked":["Offering","Brutality"],"picked":"Bludgeon","floor":16},{"not_picked":["Spot Weakness+1","Shockwave"],"picked":"Cleave+1","floor":18},{"not_picked":["Combust","Cleave","Heavy Blade"],"picked":"SKIP","floor":21},{"not_picked":["Armaments","Sword Boomerang"],"picked":"Pommel Strike","floor":27},{"not_picked":["Seeing Red","Sever Soul"],"picked":"True Grit","floor":29},{"not_picked":["Wild Strike","Power Through+1","Feel No Pain+1"],"picked":"SKIP","floor":30},{"not_picked":["Combust","Thunderclap+1"],"picked":"Impervious","floor":31},{"not_picked":["Limit Break","Reaper"],"picked":"Impervious","floor":33},{"not_picked":["Shrug It Off+1","Ghostly Armor+1"],"picked":"Havoc+1","floor":35},{"not_picked":["Combust+1","Heavy Blade+1","Sword Boomerang+1"],"picked":"SKIP","floor":38},{"not_picked":["Sword Boomerang+1","Heavy Blade+1"],"picked":"True Grit+1","floor":42},{"not_picked":["Anger","Rampage+1","Clash"],"picked":"SKIP","floor":45},{"not_picked":["Heavy Blade+1","Berserk","Rage+1"],"picked":"SKIP","floor":46},{"not_picked":["Warcry","Sword Boomerang+1","Clash+1"],"picked":"SKIP","floor":47}],"player_experience":290012,"relics_obtained":[{"floor":9,"key":"The Courier"},{"floor":14,"key":"Happy Flower"},{"floor":26,"key":"Self Forming Clay"},{"floor":43,"key":"Torii"},{"floor":45,"key":"Molten Egg 2"},{"floor":47,"key":"MawBank"}],"event_choices":[{"cards_removed":["Strike_R"],"damage_healed":0,"gold_gain":0,"player_choice":"Forget","damage_taken":0,"max_hp_gain":0,"max_hp_loss":0,"event_name":"Living Wall","floor":5,"gold_loss":0},{"damage_healed":0,"gold_gain":0,"player_choice":"Success","damage_taken":12,"relics_obtained":["Paper Frog"],"max_hp_gain":0,"max_hp_loss":0,"event_name":"Scrap Ooze","floor":6,"gold_loss":0},{"damage_healed":0,"gold_gain":0,"player_choice":"Ignored","damage_taken":0,"max_hp_gain":0,"max_hp_loss":0,"event_name":"Liars Game","floor":11,"gold_loss":0},{"damage_healed":0,"gold_gain":0,"player_choice":"Gave Potion","damage_taken":0,"relics_obtained":["Smiling Mask"],"max_hp_gain":0,"max_hp_loss":0,"event_name":"WeMeetAgain","floor":24,"gold_loss":0},{"cards_removed":["Infernal Blade"],"damage_healed":0,"gold_gain":0,"player_choice":"Removed Skill","damage_taken":0,"max_hp_gain":0,"max_hp_loss":0,"event_name":"Falling","floor":37,"gold_loss":0},{"damage_healed":0,"gold_gain":300,"player_choice":"Gold","damage_taken":0,"max_hp_gain":0,"max_hp_loss":0,"event_name":"Wheel of Change","floor":39,"gold_loss":0},{"damage_healed":0,"gold_gain":0,"player_choice":"Paid","damage_taken":0,"relics_obtained":["Red Mask"],"max_hp_gain":0,"max_hp_loss":0,"event_name":"Tomb of Lord Red Mask","floor":48,"gold_loss":101}],"is_beta":false,"boss_relics":[{"not_picked":["Coffee Dripper","Lizard Tail"],"picked":"Astrolabe"},{"not_picked":["Runic Pyramid","Mark of Pain"],"picked":"Velvet Choker"}],"items_purged_floors":[4,36,41],"is_endless":false,"potions_floor_spawned":[2,14,16,18,31,33,38,42,45,46,47],"ascension_level":0}