{"gold_per_floor":[111,128,144,44,44,44,59,59,59,78,91,124,141,11,11,113,113,128,128,13,26,26,26,26,46,46,58,58,85,85,100,100,197,197,215,98,116,36,36,36,48,66,66,66,66,66,83,0,0,0],"floor_reached":51,"playtime":2280,"items_purged":["Strike_B","Strike_B"],"score":719,"play_id":"1a39fa29-267b-4425-a0b0-b83406dbf207","local_time":"20181026215219","is_ascension_mode":false,"campfire_choices":[{"data":"Zap","floor":6,"key":"SMITH"},{"data":"Doom and Gloom","floor":8,"key":"SMITH"},{"data":"Capacitor","floor":15,"key":"SMITH"},{"data":"Consume","floor":23,"key":"SMITH"},{"data":"Seek","floor":28,"key":"SMITH"},{"data":"Dualcast","floor":30,"key":"SMITH"},{"data":"Leap","floor":32,"key":"SMITH"},{"data":"Defragment","floor":40,"key":"SMITH"},{"data":"Hologram","floor":44,"key":"SMITH"},{"data":"Lockon","floor":46,"key":"SMITH"},{"data":"Glacier","floor":49,"key":"SMITH"}],"neow_cost":"NONE","seed_source_timestamp":853818759956337,"circlet_count":0,"master_deck":["Strike_B","Defend_B","Defend_B","Defend_B","Defend_B","Zap+1","Dualcast+1","Rip and Tear","Lockon+1","Steam","Leap+1","Cold Snap","Doom and Gloom+1","Melter","Undo","BootSequence","Cold Snap","Capacitor+1","Glacier+1","Leap+1","Seek+1","Consume+1","Cold Snap+1","Reboot","Hologram+1","Defragment+1","Compile Driver+1","Hologram+1","Stack+1"],"relics":["Cracked Core","Omamori","The Courier","Meat on the Bone","Busted Crown","DataDisk","Nilry\u0027s Codex","Ornamental Fan","Bag of Preparation","Runic Dome","Toxic Egg 2"],"potions_floor_usage":[11,27,29,50],"damage_taken":[{"damage":0,"enemies":"2 Louse","floor":1,"turns":2},{"damage":5,"enemies":"Jaw Worm","floor":2,"turns":4},{"damage":2,"enemies":"Small Slimes","floor":3,"turns":2},{"damage":6,"enemies":"Gremlin Gang","floor":7,"turns":5},{"damage":0,"enemies":"3 Louse","floor":10,"turns":2},{"damage":7,"enemies":"Exordium Wildlife","floor":11,"turns":5},{"damage":2,"enemies":"3 Sentries","floor":12,"turns":6},{"damage":0,"enemies":"Lots of Slimes","floor":13,"turns":2},{"damage":18,"enemies":"Slime Boss","floor":16,"turns":6},{"damage":0,"enemies":"Spheric Guardian","floor":18,"turns":3},{"damage":0,"enemies":"Chosen","floor":21,"turns":6},{"damage":0,"enemies":"Sentry and Sphere","floor":25,"turns":4},{"damage":5,"enemies":"Centurion and Healer","floor":27,"turns":8},{"damage":0,"enemies":"Slavers","floor":29,"turns":5},{"damage":4,"enemies":"Shelled Parasite and Fungi","floor":31,"turns":7},{"damage":12,"enemies":"Automaton","floor":33,"turns":10},{"damage":0,"enemies":"3 Shapes","floor":35,"turns":5},{"damage":0,"enemies":"3 Darklings","floor":37,"turns":7},{"damage":0,"enemies":"Sphere and 2 Shapes","floor":41,"turns":3},{"damage":2,"enemies":"Transient","floor":42,"turns":5},{"damage":2,"enemies":"Writhing Mass","floor":47,"turns":7},{"damage":7,"enemies":"Time Eater","floor":50,"turns":10}],"seed_played":"-6756248960978092298","potions_obtained":[{"floor":1,"key":"Regen Potion"},{"floor":10,"key":"Swift Potion"},{"floor":12,"key":"Regen Potion"},{"floor":21,"key":"Energy Potion"},{"floor":27,"key":"FearPotion"},{"floor":31,"key":"FearPotion"},{"floor":33,"key":"Energy Potion"},{"floor":37,"key":"Dexterity Potion"}],"is_trial":false,"path_per_floor":["M","M","M","$","?","R","M","R","T","M","M","E","M","$","R","B",null,"M","?","$","M","?","R","$","M","T","M","R","E","R","M","R","B",null,"M","$","M","$","?","R","M","M","T","R","?","R","M","$","R","B"],"character_chosen":"DEFECT","items_purchased":["Leap","Cold Snap","Capacitor","Glacier","Leap","DataDisk","Defragment","Hologram+1","Stack+1"],"campfire_rested":0,"item_purchase_floors":[4,4,14,14,14,20,36,48,48],"current_hp_per_floor":[75,70,68,68,61,61,55,55,55,55,62,60,60,60,60,42,75,75,75,75,75,59,59,59,59,59,69,69,69,69,65,65,53,75,75,75,75,75,71,71,71,69,69,69,69,69,67,67,67,60],"gold":0,"neow_bonus":"RANDOM_COMMON_RELIC","is_prod":false,"is_daily":false,"chose_seed":false,"campfire_upgraded":11,"win_rate":0,"timestamp":1540558339,"path_taken":["M","M","M","$","?","R","?","R","T","M","M","E","M","$","R","BOSS","M","?","$","M","?","R","$","M","T","M","R","E","R","M","R","BOSS","M","$","M","$","?","R","M","?","T","R","?","R","M","?","R","BOSS"],"build_version":"2018-10-25v2","purchased_purges":2,"victory":true,"max_hp_per_floor":[75,75,75,75,75,75,75,75,75,75,75,75,75,75,75,75,75,75,75,75,75,75,75,75,75,75,75,75,75,75,75,75,75,75,75,75,75,75,71,71,71,71,71,71,71,71,71,71,71,71],"card_choices":[{"not_picked":["Fusion","Hologram"],"picked":"Rip and Tear","floor":1},{"not_picked":["Stack","Hologram"],"picked":"Lockon","floor":2},{"not_picked":["Go for the Eyes","Barrage"],"picked":"Steam","floor":3},{"not_picked":["Beam Cell","Rebound"],"picked":"Doom and Gloom","floor":7},{"not_picked":["Rebound","Go for the Eyes"],"picked":"Melter","floor":10},{"not_picked":["Ball Lightning","Gash"],"picked":"Undo","floor":11},{"not_picked":["Reprogram","Hologram"],"picked":"BootSequence","floor":12},{"not_picked":["Go for the Eyes","Leap"],"picked":"Cold Snap","floor":13},{"not_picked":["Reboot","Machine Learning"],"picked":"Seek","floor":16},{"not_picked":["Double Energy"],"picked":"SKIP","floor":18},{"not_picked":["Self Repair"],"picked":"SKIP","floor":21},{"not_picked":[],"picked":"Cold Snap+1","floor":25},{"not_picked":["Fusion"],"picked":"SKIP","floor":27},{"not_picked":["Beam Cell"],"picked":"SKIP","floor":29},{"not_picked":["Double Energy"],"picked":"SKIP","floor":31},{"not_picked":[],"picked":"Reboot","floor":33},{"not_picked":[],"picked":"Hologram","floor":35},{"not_picked":["Storm+1"],"picked":"SKIP","floor":37},{"not_picked":["Sweeping Beam+1"],"picked":"SKIP","floor":41},{"not_picked":["Doom and Gloom"],"picked":"SKIP","floor":42},{"not_picked":[],"picked":"Compile Driver+1","floor":47}],"player_experience":338529,"relics_obtained":[{"floor":9,"key":"The Courier"},{"floor":12,"key":"Meat on the Bone"},{"floor":22,"key":"Nilry\u0027s Codex"},{"floor":26,"key":"Ornamental Fan"},{"floor":29,"key":"Bag of Preparation"},{"floor":43,"key":"Toxic Egg 2"}],"event_choices":[{"cards_removed":["Strike_B"],"damage_healed":0,"gold_gain":0,"player_choice":"Card Removal","damage_taken":7,"max_hp_gain":0,"max_hp_loss":0,"event_name":"Golden Wing","floor":5,"gold_loss":0},{"damage_healed":0,"gold_gain":0,"player_choice":"Read","damage_taken":0,"max_hp_gain":0,"max_hp_loss":0,"event_name":"The Library","floor":19,"gold_loss":0,"cards_obtained":["Consume"]},{"damage_healed":0,"gold_gain":0,"player_choice":"Obtained Book","damage_taken":16,"max_hp_gain":0,"max_hp_loss":0,"event_name":"Cursed Tome","floor":22,"gold_loss":0},{"damage_healed":0,"gold_gain":0,"player_choice":"Max HP","damage_taken":0,"max_hp_gain":0,"max_hp_loss":4,"event_name":"Winding Halls","floor":39,"gold_loss":0},{"damage_healed":0,"gold_gain":0,"player_choice":"Upgraded","damage_taken":0,"max_hp_gain":0,"max_hp_loss":0,"event_name":"Upgrade Shrine","floor":45,"gold_loss":0,"cards_upgraded":["Leap"]}],"is_beta":false,"boss_relics":[{"not_picked":["Empty Cage","Snecko Eye"],"picked":"Busted Crown"},{"not_picked":["Tiny House","Runic Pyramid"],"picked":"Runic Dome"}],"items_purged_floors":[36,38],"is_endless":false,"potions_floor_spawned":[1,10,12,21,27,31,33,37,47],"ascension_level":0}