{"gold_per_floor":[116,136,86,102,112,112,22,22,22,36,36,46,75,86,86,191,191,204,204,204,91,110,110,127,127,127,143,143,163,163,179,179,274,274,284,339,339,357,367,367,120,120,120,146,163,176,176,3,3,3],"floor_reached":51,"playtime":2601,"items_purged":["Shame","Strike_R","Strike_R"],"score":706,"play_id":"e82d9fb1-c3a9-4402-8e40-80252488d2bb","local_time":"20181011234400","is_ascension_mode":false,"campfire_choices":[{"data":"True Grit","floor":6.0,"key":"SMITH"},{"data":"Body Slam","floor":8.0,"key":"SMITH"},{"data":"Bash","floor":11.0,"key":"SMITH"},{"data":"Armaments","floor":15.0,"key":"SMITH"},{"data":"1","floor":23.0,"key":"LIFT"},{"data":"2","floor":25.0,"key":"LIFT"},{"data":"3","floor":28.0,"key":"LIFT"},{"floor":32.0,"key":"REST"},{"floor":40.0,"key":"REST"},{"floor":42.0,"key":"REST"},{"floor":47,"key":"REST"},{"floor":49,"key":"REST"}],"neow_cost":"NONE","seed_source_timestamp":74525044607911,"circlet_count":0,"master_deck":["Strike_R","Defend_R","Defend_R","Defend_R","Defend_R","Bash+1","Thunderclap","Iron Wave","Double Tap","True Grit+1","Body Slam+1","Feel No Pain","Armaments+1","Juggernaut","Pommel Strike","Feed","Burning Pact+1","Power Through","Clothesline+1","Body Slam","Metallicize","Feel No Pain","Barricade","True Grit","Dropkick+1","Battle Trance+1","Shrug It Off"],"special_seed":0,"relics":["Burning Blood","Regal Pillow","Darkstone Periapt","Fusion Hammer","Girya","Blue Candle","Cursed Key","Bird Faced Urn","Red Skull","Smiling Mask"],"potions_floor_usage":[44,44],"damage_taken":[{"damage":1.0,"enemies":"2 Louse","floor":1.0,"turns":3.0},{"damage":7.0,"enemies":"Jaw Worm","floor":2.0,"turns":6.0},{"damage":5.0,"enemies":"Small Slimes","floor":4.0,"turns":4.0},{"damage":2.0,"enemies":"3 Louse","floor":5.0,"turns":4.0},{"damage":16.0,"enemies":"Large Slime","floor":10.0,"turns":5.0},{"damage":1.0,"enemies":"Exordium Wildlife","floor":12.0,"turns":6.0},{"damage":23.0,"enemies":"Lagavulin","floor":13.0,"turns":7.0},{"damage":1.0,"enemies":"2 Fungi Beasts","floor":14.0,"turns":3.0},{"damage":35.0,"enemies":"Slime Boss","floor":16.0,"turns":10.0},{"damage":25.0,"enemies":"2 Thieves","floor":18.0,"turns":4.0},{"damage":10.0,"enemies":"Spheric Guardian","floor":22.0,"turns":6.0},{"damage":22.0,"enemies":"3 Cultists","floor":24.0,"turns":6.0},{"damage":15.0,"enemies":"Snake Plant","floor":27.0,"turns":4.0},{"damage":5.0,"enemies":"Centurion and Healer","floor":29.0,"turns":6.0},{"damage":26.0,"enemies":"Sentry and Sphere","floor":31.0,"turns":6.0},{"damage":39.0,"enemies":"Automaton","floor":33.0,"turns":14.0},{"damage":3.0,"enemies":"3 Shapes","floor":35.0,"turns":4.0},{"damage":7.0,"enemies":"Mysterious Sphere","floor":36.0,"turns":5.0},{"damage":13.0,"enemies":"3 Darklings","floor":38.0,"turns":5.0},{"damage":18.0,"enemies":"Sphere and 2 Shapes","floor":39.0,"turns":5.0},{"damage":34,"enemies":"2 Orb Walkers","floor":44,"turns":5},{"damage":19,"enemies":"Reptomancer","floor":45,"turns":6},{"damage":4,"enemies":"Transient","floor":46,"turns":5},{"damage":36,"enemies":"Time Eater","floor":50,"turns":13}],"seed_played":"7387842981768916409","potions_obtained":[{"floor":2.0,"key":"SpeedPotion"},{"floor":4.0,"key":"Fire Potion"},{"floor":5.0,"key":"LiquidBronze"},{"floor":10.0,"key":"PowerPotion"},{"floor":14.0,"key":"Swift Potion"},{"floor":16.0,"key":"FearPotion"},{"floor":29.0,"key":"Fire Potion"}],"is_trial":false,"path_per_floor":["M","M","?","M","M","R","$","R","T","M","R","M","E","M","R","B",null,"M","?","?","$","M","R","M","R","T","M","R","M","?","M","R","B",null,"M","?","?","M","M","R","$","R","T","E","M","M","R","$","R","B"],"character_chosen":"IRONCLAD","items_purchased":["Body Slam","Feel No Pain","Power Through","Red Skull","EssenceOfSteel","Block Potion"],"campfire_rested":5,"item_purchase_floors":[7,7,21,41,48,48],"current_hp_per_floor":[80,79,79,80,80,80,80,80,80,70,70,75,58,63,63,34,80,61,61,67,67,63,63,47,47,47,38,38,43,43,23,65,32,90,93,95,95,93,95,100,100,100,100,76,73,81,100,100,100,78],"gold":3,"neow_bonus":"REMOVE_CARD","is_prod":false,"is_daily":false,"chose_seed":false,"campfire_upgraded":4,"win_rate":0,"timestamp":1539269040,"path_taken":["M","M","?","M","M","R","$","R","T","M","R","M","E","M","R","BOSS","M","?","?","$","M","R","M","R","T","M","R","M","?","?","R","BOSS","M","?","?","M","M","R","$","R","T","E","?","M","R","$","R","BOSS"],"build_version":"2018-10-04v2","purchased_purges":3,"victory":true,"max_hp_per_floor":[80,80,80,80,80,80,80,80,80,80,80,80,80,80,80,80,80,80,80,86,86,86,86,86,86,86,86,86,90,90,90,90,90,90,93,96,96,96,100,100,100,100,100,100,100,100,100,100,100,100],"card_choices":[{"not_picked":["Body Slam","Power Through"],"picked":"Thunderclap","floor":1.0},{"not_picked":["Sword Boomerang","Bloodletting"],"picked":"Iron Wave","floor":2.0},{"not_picked":["Evolve","Dual Wield"],"picked":"Double Tap","floor":4.0},{"not_picked":["Battle Trance","Rage"],"picked":"True Grit","floor":5.0},{"not_picked":["Havoc","Anger"],"picked":"Armaments","floor":10.0},{"not_picked":["Clothesline","Twin Strike","Heavy Blade"],"picked":"SKIP","floor":12.0},{"not_picked":["Exhume","Armaments"],"picked":"Juggernaut","floor":13.0},{"not_picked":["Havoc","Sentinel"],"picked":"Pommel Strike","floor":14.0},{"not_picked":["Exhume","Brutality"],"picked":"Feed","floor":16.0},{"not_picked":["Seeing Red","Body Slam"],"picked":"Burning Pact+1","floor":18.0},{"not_picked":["Anger","Pommel Strike","Dropkick"],"picked":"SKIP","floor":22.0},{"not_picked":["Seeing Red","Perfected Strike"],"picked":"Clothesline+1","floor":24.0},{"not_picked":["Headbutt","Flex","Thunderclap"],"picked":"SKIP","floor":27.0},{"not_picked":["Burning Pact","Sever Soul"],"picked":"Body Slam","floor":29.0},{"not_picked":["Pommel Strike","Twin Strike"],"picked":"Feel No Pain","floor":31.0},{"not_picked":["Limit Break","Bludgeon"],"picked":"Barricade","floor":33.0},{"not_picked":["Infernal Blade","Heavy Blade","Thunderclap+1"],"picked":"SKIP","floor":35.0},{"not_picked":["Anger+1","Pummel","Wild Strike+1"],"picked":"SKIP","floor":38.0},{"not_picked":["Combust+1","Ghostly Armor+1"],"picked":"True Grit","floor":39.0},{"not_picked":["Hemokinesis+1","Intimidate"],"picked":"Dropkick+1","floor":44},{"not_picked":["Wild Strike+1","Pommel Strike"],"picked":"Battle Trance+1","floor":45},{"not_picked":["Clash","Wild Strike"],"picked":"Shrug It Off","floor":46}],"player_experience":177451,"relics_obtained":[{"floor":9.0,"key":"Regal Pillow"},{"floor":13.0,"key":"Darkstone Periapt"},{"floor":26.0,"key":"Blue Candle"},{"floor":36.0,"key":"Bird Faced Urn"},{"floor":44,"key":"Smiling Mask"}],"event_choices":[{"event_name":"The Cleric","player_choice":"Card Removal","floor":3.0,"damage_taken":0.0},{"event_name":"Vampires","player_choice":"Ignored","floor":19.0,"damage_taken":0.0},{"event_name":"Addict","player_choice":"Stole Relic","floor":20.0,"damage_taken":0.0},{"event_name":"The Library","player_choice":"Read","floor":30.0,"damage_taken":0.0},{"event_name":"Mysterious Sphere","player_choice":"Fight","floor":36.0,"damage_taken":0.0},{"event_name":"SensoryStone","player_choice":"Memory 1","floor":37.0,"damage_taken":0.0}],"is_beta":false,"boss_relics":[{"not_picked":["Empty Cage","Runic Cube"],"picked":"Fusion Hammer"},{"not_picked":["Philosopher\u0027s Stone","Runic Dome"],"picked":"Cursed Key"}],"items_purged_floors":[21,41,48],"is_endless":false,"potions_floor_spawned":[2,4,5,10,14,16,29,31,33,36,38],"ascension_level":0}