{"gold_per_floor":[113,129,129,143,163,163,180,180,180,205,218,233,267,237,237,333,333,351,23,23,34,49,82,95,129,129,53,53,4,4,20,20,121,121,141,141,154,55,0,29,29,79,105,119,119,133,160,187,187,187],"floor_reached":51,"playtime":5644,"items_purged":["Defend_G"],"score":909,"play_id":"cf1e3ec9-de47-4b13-b5d8-09185a041256","local_time":"20190826123353","is_ascension_mode":true,"campfire_choices":[{"data":"Cloak And Dagger","floor":6.0,"key":"SMITH"},{"data":"Calculated Gamble","floor":15.0,"key":"SMITH"},{"data":"After Image","floor":30.0,"key":"SMITH"},{"data":"Infinite Blades","floor":32.0,"key":"SMITH"},{"data":"Footwork","floor":41.0,"key":"SMITH"},{"data":"Strike_G","floor":45.0,"key":"PURGE"},{"data":"Venomology","floor":49,"key":"PURGE"}],"neow_cost":"NONE","seed_source_timestamp":0,"circlet_count":0,"master_deck":["Defend_G","Defend_G","Defend_G","Survivor","Neutralize","Flechettes","Dodge and Roll","Cloak And Dagger+1","Calculated Gamble+1","Poisoned Stab","Dagger Throw","Leg Sweep","Slice","After Image+1","Finisher+1","Die Die Die+1","Envenom+1","Dodge and Roll+1","Infinite Blades+1","Deflect","Malaise","Noxious Fumes+1","Blade Dance","Backflip+1","Cloak And Dagger+1","Footwork+1","Corpse Explosion+1","Backflip+1","Burst+1","Cloak And Dagger+1","The Bomb+1","Blade Dance+1","Well Laid Plans+1","PiercingWail+1"],"special_seed":0,"relics":["Ring of the Snake","Kunai","Matryoshka","Mummified Hand","Ninja Scroll","Astrolabe","Singing Bowl","Toxic Egg 2","Pen Nib","Bronze Scales","Dodecahedron","Eternal Feather","Red Mask","Gremlin Horn","Peace Pipe","Ornamental Fan","Orichalcum","Juzu Bracelet","Blue Candle"],"potions_floor_usage":[48,48,48,50,50],"damage_taken":[{"damage":6.0,"enemies":"2 Louse","floor":1.0,"turns":2.0},{"damage":3.0,"enemies":"Jaw Worm","floor":2.0,"turns":6.0},{"damage":0.0,"enemies":"Cultist","floor":4.0,"turns":4.0},{"damage":11.0,"enemies":"Lots of Slimes","floor":5.0,"turns":4.0},{"damage":3.0,"enemies":"Red Slaver","floor":7.0,"turns":4.0},{"damage":10.0,"enemies":"Lagavulin","floor":10.0,"turns":7.0},{"damage":2.0,"enemies":"3 Louse","floor":11.0,"turns":4.0},{"damage":0.0,"enemies":"Exordium Thugs","floor":12.0,"turns":5.0},{"damage":12.0,"enemies":"3 Sentries","floor":13.0,"turns":12.0},{"damage":7.0,"enemies":"Slime Boss","floor":16.0,"turns":15.0},{"damage":1.0,"enemies":"Chosen","floor":18.0,"turns":3.0},{"damage":0.0,"enemies":"Shell Parasite","floor":21.0,"turns":4.0},{"damage":3.0,"enemies":"3 Cultists","floor":22.0,"turns":5.0},{"damage":29.0,"enemies":"Book of Stabbing","floor":23.0,"turns":4.0},{"damage":5.0,"enemies":"Snake Plant","floor":24.0,"turns":4.0},{"damage":3.0,"enemies":"Gremlin Leader","floor":25.0,"turns":6.0},{"damage":0.0,"enemies":"Centurion and Healer","floor":31.0,"turns":4.0},{"damage":32.0,"enemies":"Automaton","floor":33.0,"turns":9.0},{"damage":0.0,"enemies":"3 Darklings","floor":35.0,"turns":5.0},{"damage":0.0,"enemies":"3 Shapes","floor":37.0,"turns":1.0},{"damage":26.0,"enemies":"Nemesis","floor":40.0,"turns":9.0},{"damage":18.0,"enemies":"2 Orb Walkers","floor":42.0,"turns":4.0},{"damage":0.0,"enemies":"Writhing Mass","floor":44.0,"turns":5.0},{"damage":0.0,"enemies":"4 Shapes","floor":46.0,"turns":4.0},{"damage":8,"enemies":"Giant Head","floor":48,"turns":7},{"damage":10,"enemies":"Time Eater","floor":50,"turns":12}],"seed_played":"7662291081744101085","potions_obtained":[{"floor":1.0,"key":"Weak Potion"},{"floor":2.0,"key":"Poison Potion"},{"floor":5.0,"key":"Explosive Potion"},{"floor":10.0,"key":"FairyPotion"},{"floor":14.0,"key":"EntropicBrew"},{"floor":14.0,"key":"PowerPotion"},{"floor":18.0,"key":"Block Potion"},{"floor":22.0,"key":"LiquidBronze"},{"floor":25.0,"key":"Explosive Potion"},{"floor":33.0,"key":"Strength Potion"},{"floor":35.0,"key":"AttackPotion"},{"floor":37.0,"key":"Block Potion"},{"floor":42.0,"key":"GamblersBrew"}],"is_trial":false,"path_per_floor":["M","M","?","M","M","R","M","?","T","E","M","M","E","?","R","B",null,"M","$","?","M","M","E","M","E","T","$","?","$","R","M","R","B",null,"M","?","M","$","?","E","R","?","T","M","R","M","T","E","R","B",null],"character_chosen":"THE_SILENT","items_purchased":["Infinite Blades","Singing Bowl","Footwork","Backflip+1","Blade Dance+1"],"campfire_rested":0,"item_purchase_floors":[19,19,27,29,38],"current_hp_per_floor":[71,68,68,68,57,57,54,42,42,32,30,30,18,18,18,11,61,60,60,60,60,57,28,23,22,22,22,22,22,22,24,24,8,63,63,63,65,65,65,39,60,42,42,44,65,67,67,61,82,72],"gold":187,"neow_bonus":"TEN_PERCENT_HP_BONUS","is_prod":false,"is_daily":false,"chose_seed":false,"campfire_upgraded":5,"win_rate":0,"timestamp":1566790433,"path_taken":["M","M","?","M","M","R","M","?","T","E","M","M","E","?","R","BOSS","M","$","?","M","?","E","M","E","T","?","?","$","R","M","R","BOSS","M","?","M","$","?","E","R","?","T","M","R","M","?","E","R","BOSS"],"build_version":"2019-07-17","purchased_purges":1,"victory":true,"max_hp_per_floor":[77,77,77,77,77,77,77,77,77,77,77,77,77,77,77,77,77,77,77,77,77,77,77,77,79,79,79,79,79,79,81,81,81,81,81,81,83,83,83,83,83,83,83,85,85,87,87,89,89,89],"card_choices":[{"not_picked":["Acrobatics","Well Laid Plans"],"picked":"Flechettes","floor":1.0},{"not_picked":["Riddle With Holes","Quick Slash"],"picked":"Dodge and Roll","floor":2.0},{"not_picked":["Backflip","Deflect"],"picked":"Cloak And Dagger","floor":4.0},{"not_picked":["Eviscerate","Dodge and Roll"],"picked":"Calculated Gamble","floor":5.0},{"not_picked":["Dagger Throw","Acrobatics"],"picked":"Poisoned Stab","floor":7.0},{"not_picked":["Distraction","Acrobatics"],"picked":"Dagger Throw","floor":10.0},{"not_picked":["Finisher","Outmaneuver"],"picked":"Leg Sweep","floor":11.0},{"not_picked":["Sucker Punch","Bane"],"picked":"Venomology","floor":12.0},{"not_picked":["Bane","Expertise"],"picked":"Slice","floor":13.0},{"not_picked":["Venomology","Night Terror"],"picked":"After Image","floor":16.0},{"not_picked":["Caltrops","Deadly Poison"],"picked":"Dodge and Roll+1","floor":18.0},{"not_picked":["Masterful Stab","Underhanded Strike"],"picked":"Noxious Fumes+1","floor":21.0},{"not_picked":["Slice+1","Tactician"],"picked":"Blade Dance","floor":22.0},{"not_picked":["Predator","Distraction"],"picked":"Backflip","floor":23.0},{"not_picked":["Deadly Poison+1","Slice"],"picked":"Cloak And Dagger+1","floor":24.0},{"not_picked":["Bullet Time+1","Finisher","Quick Slash"],"picked":"Singing Bowl","floor":25.0},{"not_picked":["Prepared+1","Predator","Flying Knee"],"picked":"Singing Bowl","floor":31.0},{"not_picked":["After Image","Die Die Die"],"picked":"Burst+1","floor":33.0},{"not_picked":["Endless Agony","Flechettes"],"picked":"Cloak And Dagger+1","floor":35.0},{"not_picked":["Chrysalis+1","Magnetism"],"picked":"The Bomb+1","floor":36.0},{"not_picked":["Underhanded Strike","Dodge and Roll+1","Skewer"],"picked":"Singing Bowl","floor":37.0},{"not_picked":["Acrobatics+1","Crippling Poison+1"],"picked":"Well Laid Plans+1","floor":40.0},{"not_picked":["Sucker Punch+1","Dodge and Roll+1"],"picked":"PiercingWail+1","floor":42.0},{"not_picked":["Slice","Bouncing Flask+1","Acrobatics+1"],"picked":"Singing Bowl","floor":44.0},{"not_picked":["Die Die Die","Reflex+1","Poisoned Stab+1"],"picked":"Singing Bowl","floor":46.0},{"not_picked":["Dagger Spray","PiercingWail+1","Blade Dance+1"],"picked":"Singing Bowl","floor":48}],"player_experience":111900,"relics_obtained":[{"floor":9.0,"key":"Matryoshka"},{"floor":10.0,"key":"Mummified Hand"},{"floor":13.0,"key":"Ninja Scroll"},{"floor":23.0,"key":"Toxic Egg 2"},{"floor":25.0,"key":"Pen Nib"},{"floor":26.0,"key":"Bronze Scales"},{"floor":26.0,"key":"Dodecahedron"},{"floor":40.0,"key":"Gremlin Horn"},{"floor":42.0,"key":"Peace Pipe"},{"floor":43.0,"key":"Ornamental Fan"},{"floor":43.0,"key":"Orichalcum"},{"floor":47.0,"key":"Juzu Bracelet"},{"floor":48,"key":"Blue Candle"}],"event_choices":[{"cards_removed":["Strike_G"],"damage_healed":0.0,"max_hp_gain":0.0,"max_hp_loss":0.0,"gold_gain":0.0,"event_name":"Living Wall","player_choice":"Forget","floor":3.0,"gold_loss":0.0,"damage_taken":0.0},{"damage_healed":0.0,"max_hp_gain":0.0,"max_hp_loss":0.0,"gold_gain":0.0,"event_name":"Scrap Ooze","player_choice":"Success","floor":8.0,"gold_loss":0.0,"damage_taken":12.0,"relics_obtained":["Kunai"]},{"damage_healed":0.0,"max_hp_gain":0.0,"max_hp_loss":0.0,"gold_gain":0.0,"event_name":"The Woman in Blue","player_choice":"Bought 2 Potions","floor":14.0,"gold_loss":0.0,"damage_taken":0.0},{"damage_healed":0.0,"max_hp_gain":0.0,"max_hp_loss":0.0,"gold_gain":0.0,"event_name":"Match and Keep!","player_choice":"2 cards matched","floor":20.0,"gold_loss":0.0,"damage_taken":0.0,"cards_obtained":["Deflect","Malaise"]},{"damage_healed":0.0,"max_hp_gain":0.0,"max_hp_loss":0.0,"gold_gain":0.0,"event_name":"Match and Keep!","player_choice":"2 cards matched","floor":20.0,"gold_loss":0.0,"damage_taken":0.0,"cards_obtained":["Deflect","Malaise"]},{"damage_healed":0.0,"max_hp_gain":0.0,"max_hp_loss":0.0,"gold_gain":0.0,"cards_transformed":["Strike_G"],"event_name":"Transmorgrifier","player_choice":"Transformed","floor":28.0,"gold_loss":0.0,"damage_taken":0.0,"cards_obtained":["Corpse Explosion"]},{"damage_healed":0.0,"max_hp_gain":0.0,"max_hp_loss":0.0,"gold_gain":0.0,"event_name":"SensoryStone","player_choice":"Memory 1","floor":36.0,"gold_loss":0.0,"damage_taken":0.0},{"damage_healed":0.0,"max_hp_gain":0.0,"max_hp_loss":0.0,"gold_gain":0.0,"event_name":"Tomb of Lord Red Mask","player_choice":"Paid","floor":39.0,"gold_loss":55.0,"damage_taken":0.0,"relics_obtained":["Red Mask"]},{"damage_healed":0.0,"max_hp_gain":0.0,"max_hp_loss":0.0,"gold_gain":0.0,"event_name":"Mysterious Sphere","player_choice":"Fight","floor":42.0,"gold_loss":0.0,"damage_taken":0.0}],"is_beta":false,"boss_relics":[{"not_picked":["Cursed Key","Orrery"],"picked":"Astrolabe"},{"not_picked":["Snecko Eye","Runic Pyramid"],"picked":"Eternal Feather"}],"items_purged_floors":[38],"is_endless":false,"potions_floor_spawned":[1,2,5,7,10,18,22,25,33,35,37,42],"ascension_level":5}