{"gold_per_floor":[115,135,36,36,49,75,75,75,75,75,93,128,38,38,38,140,140,156,156,168,46,58,58,58,23,47,76,95,145,163,196,196,299,299,312,382,432,332,347,347,373,373,373,423,484,8,27,37,37,37],"floor_reached":51,"playtime":2854,"items_purged":["Strike_B","Strike_B","Strike_B"],"score":850,"play_id":"4b4e89c2-16e4-4241-bad2-5b2b6a143dc7","local_time":"20180930203131","is_ascension_mode":false,"campfire_choices":[{"data":"Zap","floor":7.0,"key":"SMITH"},{"data":"Buffer","floor":10,"key":"SMITH"},{"data":"Sunder","floor":15,"key":"SMITH"},{"floor":23,"key":"REST"},{"floor":32,"key":"REST"},{"floor":40,"key":"REST"},{"floor":42,"key":"REST"},{"floor":49,"key":"REST"}],"neow_cost":"NONE","seed_source_timestamp":10106142567449,"circlet_count":0,"master_deck":["Strike_B","Defend_B","Defend_B","Defend_B","Defend_B","Zap+1","Dualcast","Buffer+1","Beam Cell","Glacier","Go for the Eyes","Ball Lightning","Chill","Conserve Battery","Gash","Lockon","Sunder+1","Stack","Electrodynamics","Melter","Loop","Auto Shields+1","Defragment","Coolheaded","Undo","Go for the Eyes+1","Echo Form","Hello World","Core Surge","Chill+1","Capacitor+1","Cold Snap+1","Defragment","Conserve Battery+1","Apotheosis","Force Field"],"special_seed":0,"relics":["Cracked Core","Mango","Gremlin Horn","Strawberry","Fusion Hammer","SsserpentHead","Anchor","Happy Flower","Dead Branch","Pocketwatch","Inserter","Potion Belt","Mercury Hourglass","Ancient Tea Set"],"potions_floor_usage":[27,30,50,50,50],"damage_taken":[{"damage":6.0,"enemies":"Jaw Worm","floor":1.0,"turns":3.0},{"damage":5.0,"enemies":"Small Slimes","floor":2.0,"turns":3.0},{"damage":0.0,"enemies":"Cultist","floor":5.0,"turns":4.0},{"damage":27.0,"enemies":"3 Sentries","floor":6.0,"turns":11.0},{"damage":0,"enemies":"3 Louse","floor":11,"turns":3},{"damage":2,"enemies":"Lagavulin","floor":12,"turns":6},{"damage":11,"enemies":"Slime Boss","floor":16,"turns":10},{"damage":5,"enemies":"2 Thieves","floor":18,"turns":4},{"damage":0,"enemies":"Spheric Guardian","floor":20,"turns":4},{"damage":0,"enemies":"Snecko","floor":22,"turns":5},{"damage":19,"enemies":"Book of Stabbing","floor":27,"turns":6},{"damage":0,"enemies":"Snake Plant","floor":28,"turns":3},{"damage":1,"enemies":"3 Cultists","floor":30,"turns":5},{"damage":12,"enemies":"Gremlin Leader","floor":31,"turns":6},{"damage":0,"enemies":"Collector","floor":33,"turns":9},{"damage":0,"enemies":"3 Shapes","floor":35,"turns":3},{"damage":0,"enemies":"Orb Walker","floor":36,"turns":5},{"damage":0,"enemies":"Sphere and 2 Shapes","floor":39,"turns":4},{"damage":6,"enemies":"Nemesis","floor":41,"turns":9},{"damage":17,"enemies":"Spire Growth","floor":45,"turns":6},{"damage":0,"enemies":"Maw","floor":47,"turns":7},{"damage":0,"enemies":"Sphere and 2 Shapes","floor":48,"turns":5},{"damage":17,"enemies":"Time Eater","floor":50,"turns":13}],"seed_played":"8652762894273443643","potions_obtained":[{"floor":2.0,"key":"Regen Potion"},{"floor":5.0,"key":"SteroidPotion"},{"floor":12,"key":"SkillPotion"},{"floor":18,"key":"Regen Potion"},{"floor":22,"key":"Swift Potion"},{"floor":31,"key":"AttackPotion"},{"floor":35,"key":"PowerPotion"},{"floor":41,"key":"Dexterity Potion"}],"is_trial":false,"path_per_floor":["M","M","$","?","M","E","R","?","T","R","M","E","$","?","R","B",null,"M","?","M","$","M","R","?","?","T","E","M","?","M","E","R","B",null,"M","M","?","$","M","R","E","R","T","?","M","$","M","M","R","B"],"character_chosen":"DEFECT","items_purchased":["Go for the Eyes","Sunder","Stack","Defragment","Coolheaded","Apotheosis","Force Field","Ancient Tea Set"],"campfire_rested":5,"item_purchase_floors":[3,13,13,21,21,46,46,46],"current_hp_per_floor":[69,64,64,69,69,61,61,61,61,61,61,66,66,66,66,55,101,96,96,96,96,96,101,101,101,101,94,94,74,73,61,92,92,106,106,106,106,106,106,106,100,106,106,106,89,89,89,96,106,89],"gold":37,"neow_bonus":"ONE_RANDOM_RARE_CARD","is_prod":false,"is_daily":false,"chose_seed":false,"campfire_upgraded":3,"win_rate":1,"timestamp":1538307091,"path_taken":["M","M","$","?","M","E","R","?","T","R","M","E","$","?","R","BOSS","M","?","M","$","M","R","?","?","T","E","M","?","M","E","R","BOSS","M","?","?","$","M","R","E","R","T","?","?","?","M","M","R","BOSS"],"build_version":"2018-09-27","purchased_purges":3,"victory":true,"max_hp_per_floor":[75,75,75,80,80,94,94,94,94,94,94,101,101,101,101,101,101,101,101,101,101,101,101,101,101,101,101,101,106,106,106,106,106,106,106,106,106,106,106,106,106,106,106,106,106,106,106,106,106,106],"card_choices":[{"not_picked":["Turbo","Go for the Eyes"],"picked":"Beam Cell","floor":1.0},{"not_picked":["Conserve Battery","Loop"],"picked":"Glacier","floor":2.0},{"not_picked":["Rebound","Chill"],"picked":"Ball Lightning","floor":5.0},{"not_picked":["Hologram","Beam Cell"],"picked":"Chill","floor":6.0},{"not_picked":["Ball Lightning","Redo"],"picked":"Gash","floor":11},{"not_picked":["Genetic Algorithm","Biased Cognition"],"picked":"Lockon","floor":12},{"not_picked":["Rainbow","Buffer"],"picked":"Electrodynamics","floor":16},{"not_picked":["Ball Lightning","Beam Cell+1"],"picked":"Melter","floor":18},{"not_picked":["Hologram","Static Discharge+1"],"picked":"Auto Shields+1","floor":20},{"not_picked":["Compile Driver","Beam Cell+1"],"picked":"Undo","floor":22},{"not_picked":["Tempest","Sweeping Beam+1","Streamline"],"picked":"SKIP","floor":27},{"not_picked":["Genetic Algorithm","Beam Cell+1"],"picked":"Go for the Eyes+1","floor":28},{"not_picked":["Coolheaded","Conserve Battery"],"picked":"Echo Form","floor":30},{"not_picked":["Stack+1","Go for the Eyes+1"],"picked":"Hello World","floor":31},{"not_picked":["Multi-Cast","Echo Form"],"picked":"Core Surge","floor":33},{"not_picked":["Reprogram+1","Streamline+1"],"picked":"Chill+1","floor":35},{"not_picked":["BootSequence","Scrape"],"picked":"Capacitor+1","floor":36},{"not_picked":["Streamline+1","Self Repair+1","Steam Power+1"],"picked":"SKIP","floor":39},{"not_picked":["Redo","Turbo"],"picked":"Cold Snap+1","floor":41},{"not_picked":["Double Energy+1","BootSequence"],"picked":"Conserve Battery+1","floor":45},{"not_picked":["Rebound","Fusion","Multi-Cast"],"picked":"SKIP","floor":47},{"not_picked":["Tempest","Stack","Genetic Algorithm+1"],"picked":"SKIP","floor":48}],"player_experience":91194,"relics_obtained":[{"floor":6.0,"key":"Mango"},{"floor":9,"key":"Gremlin Horn"},{"floor":12,"key":"Strawberry"},{"floor":26,"key":"Happy Flower"},{"floor":27,"key":"Dead Branch"},{"floor":31,"key":"Pocketwatch"},{"floor":41,"key":"Potion Belt"},{"floor":43,"key":"Mercury Hourglass"}],"event_choices":[{"event_name":"Big Fish","player_choice":"Donut","floor":4.0,"damage_taken":0.0},{"event_name":"Match and Keep!","player_choice":"1 cards matched","floor":8,"damage_taken":0},{"event_name":"The Cleric","player_choice":"Leave","floor":14,"damage_taken":0},{"event_name":"The Library","player_choice":"Read","floor":19,"damage_taken":0},{"event_name":"FaceTrader","player_choice":"Trade","floor":24,"damage_taken":0},{"event_name":"Addict","player_choice":"Obtained Relic","floor":25,"damage_taken":0},{"event_name":"Forgotten Altar","player_choice":"Shed Blood","floor":29,"damage_taken":0},{"event_name":"Tomb of Lord Red Mask","player_choice":"Ignored","floor":37,"damage_taken":0},{"event_name":"Duplicator","player_choice":"One dupe","floor":44,"damage_taken":0}],"is_beta":false,"boss_relics":[{"not_picked":["Black Star","Coffee Dripper"],"picked":"Fusion Hammer"},{"not_picked":["Snecko Eye","Sozu"],"picked":"Inserter"}],"items_purged_floors":[3,38,46],"is_endless":false,"potions_floor_spawned":[2,5,12,18,22,31,35,36,41],"ascension_level":0}