{"gold_per_floor":[119,69,85,10,91,91,119,144,182,194,222,234,246,277,289,402,414,442,454,44,44,64,64,99,99,99,99,109,19,47,47,47,148,148,166,41,41,54,4,37,37,37,89,89,89,108,121,139,139,139],"floor_reached":51,"playtime":2187,"items_purged":["Strike_B","Strike_B","Defend_B"],"score":811,"play_id":"e5c38b87-e2d2-4699-87cc-819da86d1744","local_time":"20181024202838","is_ascension_mode":false,"campfire_choices":[{"data":"Zap","floor":6,"key":"SMITH"},{"data":"Chaos","floor":10,"key":"SMITH"},{"data":"Defragment","floor":13,"key":"SMITH"},{"data":"Hologram","floor":15,"key":"SMITH"},{"data":"Capacitor","floor":23,"key":"SMITH"},{"data":"Capacitor","floor":25,"key":"SMITH"},{"data":"Buffer","floor":27,"key":"SMITH"},{"data":"Gash","floor":32,"key":"SMITH"},{"floor":42,"key":"REST"},{"data":"Loop","floor":44,"key":"SMITH"},{"data":"Hologram","floor":49,"key":"SMITH"}],"neow_cost":"NONE","seed_source_timestamp":676071712258202,"circlet_count":0,"master_deck":["Defend_B","Defend_B+1","Zap+1","Dualcast","Conserve Battery+1","Defragment+1","Chaos+1","Hologram+1","Conserve Battery","Buffer+1","Glacier+1","Capacitor+1","Compile Driver","Capacitor+1","FTL","Flash of Steel","Electrodynamics","Self Repair","Core Surge","Compile Driver+1","Impatience","BootSequence+1","Loop+1","Hologram+1","Static Discharge"],"relics":["Cracked Core","NeowsBlessing","Tiny Chest","MawBank","Ancient Tea Set","Nuclear Battery","Mercury Hourglass","Blood Vial","Bag of Marbles","Oddly Smooth Stone","Runic Dome","Centennial Puzzle","Art of War"],"potions_floor_usage":[24,50,50],"damage_taken":[{"damage":0,"enemies":"Small Slimes","floor":1,"turns":1},{"damage":0,"enemies":"Jaw Worm","floor":3,"turns":1},{"damage":0,"enemies":"3 Sentries","floor":7,"turns":1},{"damage":0,"enemies":"Cultist","floor":8,"turns":3},{"damage":0,"enemies":"Exordium Thugs","floor":11,"turns":5},{"damage":0,"enemies":"Large Slime","floor":14,"turns":4},{"damage":23,"enemies":"The Guardian","floor":16,"turns":11},{"damage":0,"enemies":"Shell Parasite","floor":18,"turns":7},{"damage":0,"enemies":"Spheric Guardian","floor":22,"turns":6},{"damage":0,"enemies":"Book of Stabbing","floor":24,"turns":8},{"damage":0,"enemies":"3 Cultists","floor":28,"turns":5},{"damage":0,"enemies":"Slavers","floor":30,"turns":6},{"damage":27,"enemies":"Automaton","floor":33,"turns":8},{"damage":0,"enemies":"3 Shapes","floor":35,"turns":1},{"damage":17,"enemies":"3 Darklings","floor":38,"turns":3},{"damage":43,"enemies":"Nemesis","floor":40,"turns":13},{"damage":8,"enemies":"Jaw Worm Horde","floor":46,"turns":5},{"damage":0,"enemies":"4 Shapes","floor":47,"turns":6},{"damage":0,"enemies":"Sphere and 2 Shapes","floor":48,"turns":3},{"damage":14,"enemies":"Donu and Deca","floor":50,"turns":5}],"seed_played":"-7948478143980741310","potions_obtained":[{"floor":11,"key":"Block Potion"},{"floor":14,"key":"SmokeBomb"},{"floor":22,"key":"PowerPotion"},{"floor":24,"key":"FearPotion"}],"is_trial":false,"path_per_floor":["M","?","M","$","T","R","E","M","T","R","M","?","R","M","R","B",null,"M","?","$","?","M","R","E","R","T","R","M","$","E","?","R","B",null,"M","$","?","M","$","E","?","R","T","R","?","M","M","M","R","B"],"character_chosen":"DEFECT","items_purchased":["Mercury Hourglass","FocusPotion","Flash of Steel","Energy Potion"],"campfire_rested":1,"item_purchase_floors":[20,20,29,39],"current_hp_per_floor":[75,75,75,75,75,75,75,75,75,75,75,60,60,60,60,37,75,75,75,75,75,75,75,75,75,75,75,75,75,75,75,75,48,75,75,75,75,65,65,31,31,53,53,53,53,54,63,72,72,67],"gold":139,"neow_bonus":"THREE_ENEMY_KILL","is_prod":false,"is_daily":false,"chose_seed":false,"campfire_upgraded":10,"win_rate":0,"timestamp":1540380518,"path_taken":["M","?","M","$","?","R","E","M","T","R","M","?","R","M","R","BOSS","M","?","$","?","M","R","E","R","T","R","M","$","E","?","R","BOSS","M","$","?","M","?","E","?","R","T","R","?","M","M","M","R","BOSS"],"build_version":"2018-10-18","purchased_purges":3,"victory":true,"max_hp_per_floor":[75,75,75,75,75,75,75,75,75,75,75,75,75,75,75,75,75,75,75,75,75,75,75,75,75,75,75,75,75,75,75,75,75,75,75,75,75,75,75,75,75,75,75,75,75,75,75,75,75,75],"card_choices":[{"not_picked":["Beam Cell","Redo"],"picked":"Conserve Battery","floor":1},{"not_picked":["Self Repair","Go for the Eyes"],"picked":"Gash","floor":3},{"not_picked":["Seek","Barrage"],"picked":"Defragment","floor":7},{"not_picked":["Steam","Hello World"],"picked":"Chaos","floor":8},{"not_picked":["Beam Cell","Streamline"],"picked":"Hologram","floor":11},{"not_picked":["Scrape","Turbo"],"picked":"Conserve Battery","floor":14},{"not_picked":["Meteor Strike","Hyperbeam"],"picked":"Buffer","floor":16},{"not_picked":["Cold Snap+1","Reprogram"],"picked":"Glacier+1","floor":18},{"not_picked":["Coolheaded","Beam Cell"],"picked":"Compile Driver","floor":22},{"not_picked":["Leap","Hologram"],"picked":"Capacitor","floor":24},{"not_picked":["Compile Driver+1","Conserve Battery"],"picked":"FTL","floor":28},{"not_picked":["Turbo+1","Darkness"],"picked":"Electrodynamics","floor":30},{"not_picked":["Hyperbeam","Rainbow"],"picked":"Core Surge","floor":33},{"not_picked":["Barrage","Leap"],"picked":"Compile Driver+1","floor":35},{"not_picked":["Swift Strike","Transmutation"],"picked":"Impatience","floor":37},{"not_picked":["Beam Cell+1","Steam Power"],"picked":"BootSequence+1","floor":38},{"not_picked":["Auto Shields","Chaos+1"],"picked":"Loop","floor":40},{"not_picked":["Stack","Sweeping Beam+1","Leap"],"picked":"SKIP","floor":46},{"not_picked":["Go for the Eyes","Skim"],"picked":"Hologram","floor":47},{"not_picked":["Core Surge","Hello World+1"],"picked":"Static Discharge","floor":48}],"player_experience":323144,"relics_obtained":[{"floor":5,"key":"Tiny Chest"},{"floor":7,"key":"MawBank"},{"floor":9,"key":"Ancient Tea Set"},{"floor":24,"key":"Blood Vial"},{"floor":26,"key":"Bag of Marbles"},{"floor":30,"key":"Oddly Smooth Stone"},{"floor":40,"key":"Centennial Puzzle"},{"floor":43,"key":"Art of War"}],"event_choices":[{"cards_removed":["Strike_B"],"damage_healed":0,"gold_gain":0,"player_choice":"Card Removal","damage_taken":0,"max_hp_gain":0,"max_hp_loss":0,"event_name":"The Cleric","floor":2,"gold_loss":50},{"damage_healed":0,"gold_gain":0,"player_choice":"Entered Light","damage_taken":15,"max_hp_gain":0,"max_hp_loss":0,"event_name":"Shining Light","floor":12,"gold_loss":0,"cards_upgraded":["Defend_B","Conserve Battery"]},{"damage_healed":0,"gold_gain":0,"player_choice":"Read","damage_taken":0,"max_hp_gain":0,"max_hp_loss":0,"event_name":"The Library","floor":19,"gold_loss":0,"cards_obtained":["Capacitor"]},{"damage_healed":0,"gold_gain":0,"cards_transformed":["Strike_B"],"player_choice":"Transformed","damage_taken":0,"max_hp_gain":0,"max_hp_loss":0,"event_name":"Transmorgrifier","floor":31,"gold_loss":0,"cards_obtained":["Self Repair"]},{"damage_healed":0,"gold_gain":0,"player_choice":"Memory 1","damage_taken":0,"max_hp_gain":0,"max_hp_loss":0,"event_name":"SensoryStone","floor":37,"gold_loss":0},{"cards_removed":["Gash"],"damage_healed":0,"gold_gain":0,"player_choice":"Removed Attack","damage_taken":0,"max_hp_gain":0,"max_hp_loss":0,"event_name":"Falling","floor":41,"gold_loss":0},{"cards_removed":["Defend_B"],"damage_healed":0,"gold_gain":0,"player_choice":"Purged","damage_taken":0,"max_hp_gain":0,"max_hp_loss":0,"event_name":"Purifier","floor":45,"gold_loss":0}],"is_beta":false,"boss_relics":[{"not_picked":["Snecko Eye","Black Star"],"picked":"Nuclear Battery"},{"not_picked":["Empty Cage","White Beast Statue"],"picked":"Runic Dome"}],"items_purged_floors":[4,20,36],"is_endless":false,"potions_floor_spawned":[11,14,22,24,30,47,48],"ascension_level":0}