{"gold_per_floor":[414,429,146,161,176,176,191,191,266,266,281,281,281,296,296,396,396,411,426,476,137,152,152,167,167,167,1,46,46,61,151,151,151],"floor_reached":33,"playtime":2735,"items_purged":[],"score":241,"play_id":"23e9ff19-4fd5-4b09-9e9a-f59c12619a10","local_time":"20190629133328","daily_mods":["Heirloom","Vintage","Terminal"],"is_ascension_mode":false,"campfire_choices":[{"data":"Shrug It Off","floor":6,"key":"SMITH"},{"data":"Strike_R","floor":8,"key":"SMITH"},{"data":"Defend_R","floor":13,"key":"SMITH"},{"data":"Strike_R","floor":15,"key":"SMITH"},{"data":"Immolate","floor":23,"key":"SMITH"},{"data":"Wild Strike","floor":29,"key":"SMITH"},{"floor":32,"key":"REST"}],"neow_cost":"","seed_source_timestamp":0,"circlet_count":0,"master_deck":["Strike_R","Strike_R+1","Strike_R","Strike_R","Strike_R+1","Defend_R+1","Defend_R+1","Defend_R","Bash","Battle Trance","Shrug It Off+1","Immolate+1","Wild Strike+1","Feel No Pain","Master of Strategy"],"special_seed":18076,"relics":["Burning Blood","Old Coin","Ornamental Fan","Oddly Smooth Stone","Medical Kit","Meat on the Bone","Letter Opener","Omamori","Pantograph","Anchor","Magic Flower","Mark of Pain","Vajra","Strawberry","Kunai","Sundial","Regal Pillow","Darkstone Periapt","Tiny Chest","Happy Flower"],"potions_floor_usage":[16,30,33,33,33],"damage_taken":[{"damage":2,"enemies":"2 Louse","floor":1,"turns":3},{"damage":1,"enemies":"Cultist","floor":2,"turns":3},{"damage":0,"enemies":"Jaw Worm","floor":4,"turns":4},{"damage":14,"enemies":"Exordium Thugs","floor":5,"turns":8},{"damage":2,"enemies":"Red Slaver","floor":7,"turns":6},{"damage":4,"enemies":"Large Slime","floor":11,"turns":8},{"damage":1,"enemies":"Exordium Wildlife","floor":14,"turns":6},{"damage":55,"enemies":"Hexaghost","floor":16,"turns":19},{"damage":0,"enemies":"Shell Parasite","floor":18,"turns":4},{"damage":0,"enemies":"Chosen","floor":19,"turns":4},{"damage":0,"enemies":"Shelled Parasite and Fungi","floor":22,"turns":4},{"damage":9,"enemies":"Centurion and Healer","floor":24,"turns":5},{"damage":17,"enemies":"Snake Plant","floor":28,"turns":4},{"damage":0,"enemies":"Cultist and Chosen","floor":30,"turns":3},{"damage":54,"enemies":"Champ","floor":33,"turns":12}],"seed_played":"3787465507851504461","potions_obtained":[{"floor":2,"key":"Dexterity Potion"},{"floor":5,"key":"LiquidBronze"},{"floor":16,"key":"Strength Potion"},{"floor":18,"key":"FearPotion"},{"floor":30,"key":"Ancient Potion"}],"is_trial":false,"path_per_floor":["M","M","$","M","M","R","M","R","T","?","M","?","R","M","R","B",null,"M","M","?","$","M","R","M","?","T","$","M","R","M","?","R","B"],"character_chosen":"IRONCLAD","items_purchased":["Battle Trance","Shrug It Off","Medical Kit","Wild Strike","Kunai","Feel No Pain","Master of Strategy"],"campfire_rested":1,"item_purchase_floors":[3,3,3,21,21,21,27],"current_hp_per_floor":[78,77,76,75,67,67,71,71,70,69,68,67,66,65,64,36,62,61,67,66,65,64,63,62,61,60,59,51,51,56,44,54,0],"gold":151,"neow_bonus":"","is_prod":false,"is_daily":true,"chose_seed":false,"campfire_upgraded":6,"win_rate":0.0,"timestamp":1561833208,"path_taken":["M","M","$","M","M","R","M","R","T","?","?","?","R","M","R","BOSS","M","M","?","$","?","R","M","?","T","?","M","R","M","?","R","BOSS"],"build_version":"2019-01-23","purchased_purges":0,"victory":false,"max_hp_per_floor":[78,77,76,75,74,73,72,71,70,69,68,67,66,65,64,63,62,61,67,66,65,64,63,62,61,60,59,58,57,56,55,54,54],"card_choices":[{"not_picked":["Brutality","Offering"],"picked":"Immolate","floor":16}],"player_experience":8607,"relics_obtained":[{"floor":1,"key":"Ornamental Fan"},{"floor":2,"key":"Oddly Smooth Stone"},{"floor":4,"key":"Meat on the Bone"},{"floor":5,"key":"Letter Opener"},{"floor":7,"key":"Omamori"},{"floor":9,"key":"Pantograph"},{"floor":11,"key":"Anchor"},{"floor":14,"key":"Magic Flower"},{"floor":18,"key":"Vajra"},{"floor":19,"key":"Strawberry"},{"floor":22,"key":"Sundial"},{"floor":24,"key":"Regal Pillow"},{"floor":26,"key":"Darkstone Periapt"},{"floor":28,"key":"Tiny Chest"},{"floor":30,"key":"Happy Flower"}],"event_choices":[{"damage_healed":0,"gold_gain":0,"player_choice":"Upgraded","damage_taken":0,"max_hp_gain":0,"max_hp_loss":0,"event_name":"Upgrade Shrine","floor":10,"gold_loss":0,"cards_upgraded":["Defend_R"]},{"cards_removed":["Defend_R"],"damage_healed":0,"gold_gain":0,"player_choice":"Purged","damage_taken":0,"max_hp_gain":0,"max_hp_loss":0,"event_name":"Purifier","floor":12,"gold_loss":0},{"damage_healed":0,"gold_gain":100,"player_choice":"Bet on Murderer","damage_taken":0,"max_hp_gain":0,"max_hp_loss":0,"event_name":"The Joust","floor":20,"gold_loss":50},{"damage_healed":0,"gold_gain":0,"player_choice":"Ignored","damage_taken":0,"max_hp_gain":0,"max_hp_loss":0,"event_name":"Ghosts","floor":25,"gold_loss":0},{"damage_healed":0,"gold_gain":90,"player_choice":"GOLD ","damage_taken":12,"max_hp_gain":0,"max_hp_loss":0,"event_name":"Knowing Skull","floor":31,"potions_obtained":[],"gold_loss":0,"cards_obtained":[]}],"is_beta":false,"boss_relics":[{"not_picked":["Black Blood","Runic Cube"],"picked":"Mark of Pain"}],"items_purged_floors":[],"is_endless":false,"potions_floor_spawned":[2,5,16,18,30],"killed_by":"Champ","ascension_level":0}