{"gold_per_floor":[116,131,81,156,174,174,349,362,411,205,205,238,1,14,14,14],"floor_reached":16,"playtime":1181,"items_purged":[],"score":100,"play_id":"1e100f29-4223-4a8f-9549-28650aa8474c","local_time":"20190901004116","is_ascension_mode":false,"campfire_choices":[{"data":"Armaments","floor":6,"key":"SMITH"},{"floor":11,"key":"REST"},{"floor":15,"key":"REST"}],"neow_cost":"CURSE","seed_source_timestamp":645459602614278,"circlet_count":0,"master_deck":["Strike_R","Strike_R","Strike_R","Strike_R","Strike_R","Defend_R","Defend_R","Defend_R","Bash","Writhe","Barricade","Bloodletting","Armaments+1","Shrug It Off","Doubt","Carnage","Armaments","Cleave","Inflame","Perfected Strike","Pommel Strike"],"relics":["Burning Blood","Red Skull","Lantern","Regal Pillow","Blood Vial"],"potions_floor_usage":[12,16],"damage_taken":[{"damage":6,"enemies":"Jaw Worm","floor":1,"turns":5},{"damage":8,"enemies":"2 Louse","floor":2,"turns":3},{"damage":14,"enemies":"Small Slimes","floor":5,"turns":5},{"damage":23,"enemies":"Exordium Wildlife","floor":8,"turns":8},{"damage":64,"enemies":"Gremlin Nob","floor":12,"turns":7},{"damage":4,"enemies":"Blue Slaver","floor":14,"turns":2},{"damage":60,"enemies":"Slime Boss","floor":16,"turns":10}],"seed_played":"-716002479855313160","potions_obtained":[{"floor":2,"key":"SpeedPotion"},{"floor":5,"key":"Dexterity Potion"},{"floor":8,"key":"Weak Potion"},{"floor":12,"key":"Swift Potion"}],"is_trial":false,"path_per_floor":["M","M","?","?","M","R","?","M","T","$","R","E","$","M","R","B"],"character_chosen":"IRONCLAD","items_purchased":["Lantern","Armaments","Inflame","Blood Vial","Perfected Strike"],"campfire_rested":2,"item_purchase_floors":[10,10,13,13,13],"current_hp_per_floor":[80,78,78,67,59,59,59,42,42,42,66,8,8,12,51,0],"gold":14,"neow_bonus":"THREE_RARE_CARDS","is_prod":false,"is_daily":false,"chose_seed":false,"campfire_upgraded":1,"win_rate":0.0,"timestamp":1567316476,"path_taken":["M","M","?","?","M","R","?","M","T","$","R","E","?","M","R","BOSS"],"build_version":"2019-07-17","purchased_purges":0,"victory":false,"max_hp_per_floor":[80,80,80,80,80,80,80,80,80,80,80,80,80,80,80,80],"card_choices":[{"not_picked":["Bludgeon","Feed"],"picked":"Barricade","floor":0},{"not_picked":["Pummel","Sword Boomerang"],"picked":"Bloodletting","floor":1},{"not_picked":["Cleave","Combust"],"picked":"Armaments","floor":2},{"not_picked":["Twin Strike","Thunderclap"],"picked":"Shrug It Off","floor":5},{"not_picked":["Sword Boomerang","Intimidate"],"picked":"Carnage","floor":8},{"not_picked":["Evolve","Clash"],"picked":"Cleave","floor":12},{"not_picked":["Burning Pact","Anger"],"picked":"Pommel Strike","floor":14}],"player_experience":65710,"relics_obtained":[{"floor":9,"key":"Red Skull"},{"floor":12,"key":"Regal Pillow"}],"event_choices":[{"cards_removed":["Defend_R"],"damage_healed":0,"gold_gain":0,"player_choice":"Card Removal","damage_taken":0,"max_hp_gain":0,"max_hp_loss":0,"event_name":"The Cleric","floor":3,"gold_loss":50},{"damage_healed":0,"gold_gain":75,"player_choice":"Gather Gold","damage_taken":11,"max_hp_gain":0,"max_hp_loss":0,"event_name":"World of Goop","floor":4,"gold_loss":0},{"damage_healed":0,"gold_gain":175,"player_choice":"AGREE","damage_taken":0,"max_hp_gain":0,"max_hp_loss":0,"event_name":"Liars Game","floor":7,"gold_loss":0,"cards_obtained":["Doubt"]}],"is_beta":false,"boss_relics":[],"items_purged_floors":[],"is_endless":false,"potions_floor_spawned":[2,5,8,12],"killed_by":"Slime Boss","ascension_level":0}