{"gold_per_floor":[117,127,143,162,162,189,206,206,206,206,231,245,118,131,131,231,231,243,258,274,289,52,52,52,72,72,99,116,116,130,164,164,269,269,282,302,30,46,46,46,64,64,91,91,0,0,100,113,113,113],"floor_reached":51,"playtime":5136,"items_purged":["Pain","Strike_B","Decay"],"score":703,"play_id":"f6ed4a38-7210-4d37-8e5e-4d8b6f2445c9","local_time":"20190829002543","is_ascension_mode":false,"campfire_choices":[{"data":"Zap","floor":15.0,"key":"SMITH"},{"data":"Creative AI","floor":23.0,"key":"SMITH"},{"data":"Go for the Eyes","floor":32.0,"key":"SMITH"},{"data":"Dualcast","floor":40,"key":"SMITH"},{"data":"Biased Cognition","floor":42,"key":"SMITH"},{"data":"Glacier","floor":44,"key":"SMITH"},{"floor":49,"key":"REST"}],"neow_cost":"NONE","seed_source_timestamp":11605877777400,"circlet_count":0,"master_deck":["Strike_B","Strike_B","Defend_B","Defend_B","Defend_B","Defend_B","Zap+1","Dualcast+1","All For One","Streamline","Sweeping Beam","Conserve Battery","Beam Cell","Compile Driver","Self Repair","Glacier+1","Multi-Cast","Go for the Eyes+1","Cold Snap","Steam","Creative AI+1","Gash+1","Beam Cell+1","BootSequence","All For One","Beam Cell","White Noise+1","Steam+1","Leap+1","Biased Cognition+1","Go for the Eyes+1","Rebound+1","All For One","Parasite","Coolheaded+1","Madness+1","Madness+1","Clumsy","Defragment","White Noise+1"],"special_seed":0,"relics":["Cracked Core","WarpedTongs","Boot","Blue Candle","PreservedInsect","Cursed Key","Toxic Egg 2","Meat on the Bone","Du-Vu Doll","Philosopher\u0027s Stone","Omamori","Red Mask","Bottled Lightning","Calipers"],"potions_floor_usage":[35,50,50,50],"damage_taken":[{"damage":1.0,"enemies":"Cultist","floor":1.0,"turns":3.0},{"damage":0.0,"enemies":"2 Louse","floor":2.0,"turns":2.0},{"damage":6.0,"enemies":"Jaw Worm","floor":3.0,"turns":3.0},{"damage":0.0,"enemies":"Large Slime","floor":4.0,"turns":4.0},{"damage":16.0,"enemies":"Lagavulin","floor":6.0,"turns":5.0},{"damage":1.0,"enemies":"Gremlin Gang","floor":7.0,"turns":3.0},{"damage":7.0,"enemies":"Gremlin Nob","floor":11.0,"turns":3.0},{"damage":1.0,"enemies":"Red Slaver","floor":12.0,"turns":3.0},{"damage":2.0,"enemies":"Blue Slaver","floor":14.0,"turns":3.0},{"damage":24.0,"enemies":"The Guardian","floor":16.0,"turns":11.0},{"damage":0.0,"enemies":"Chosen","floor":18.0,"turns":5.0},{"damage":12.0,"enemies":"2 Thieves","floor":19.0,"turns":4.0},{"damage":17.0,"enemies":"Sentry and Sphere","floor":20.0,"turns":6.0},{"damage":1.0,"enemies":"Snecko","floor":21.0,"turns":5.0},{"damage":6.0,"enemies":"Shelled Parasite and Fungi","floor":25.0,"turns":7.0},{"damage":29.0,"enemies":"Slavers","floor":27.0,"turns":5.0},{"damage":9.0,"enemies":"Snake Plant","floor":28.0,"turns":4.0},{"damage":7.0,"enemies":"Cultist and Chosen","floor":30.0,"turns":5.0},{"damage":0.0,"enemies":"Gremlin Leader","floor":31.0,"turns":4.0},{"damage":68.0,"enemies":"Collector","floor":33.0,"turns":12.0},{"damage":29,"enemies":"3 Darklings","floor":35,"turns":5},{"damage":1,"enemies":"Orb Walker","floor":36,"turns":5},{"damage":27,"enemies":"Writhing Mass","floor":38,"turns":6},{"damage":9,"enemies":"Sphere and 2 Shapes","floor":41,"turns":6},{"damage":22,"enemies":"Mind Bloom Boss Battle","floor":47,"turns":6},{"damage":12,"enemies":"Maw","floor":48,"turns":6},{"damage":53,"enemies":"Donu and Deca","floor":50,"turns":5}],"seed_played":"444321202953360990","potions_obtained":[{"floor":2.0,"key":"Strength Potion"},{"floor":3.0,"key":"AttackPotion"},{"floor":7.0,"key":"SteroidPotion"},{"floor":10.0,"key":"Explosive Potion"},{"floor":10.0,"key":"GamblersBrew"},{"floor":11.0,"key":"LiquidBronze"},{"floor":14.0,"key":"GamblersBrew"},{"floor":20.0,"key":"Ancient Potion"},{"floor":21.0,"key":"Regen Potion"},{"floor":31.0,"key":"Fire Potion"},{"floor":33.0,"key":"Dexterity Potion"},{"floor":36,"key":"FocusPotion"},{"floor":47,"key":"SkillPotion"},{"floor":48,"key":"Poison Potion"}],"is_trial":false,"path_per_floor":["M","M","M","M","?","E","M","?","T","?","E","M","$","M","R","B",null,"M","M","M","M","$","R","?","M","T","E","M","$","M","E","R","B",null,"M","M","$","M","?","R","M","R","T","R","?","T","?","M","R","B",null],"character_chosen":"DEFECT","items_purchased":["Cold Snap","All For One","All For One"],"campfire_rested":1,"item_purchase_floors":[13,22,37],"current_hp_per_floor":[74,74,68,68,68,52,51,51,51,51,54,60,60,65,65,51,75,75,63,53,59,59,59,59,63,63,41,51,51,54,61,61,27,75,56,62,62,54,45,45,55,55,55,55,55,55,59,47,69,35],"gold":113,"neow_bonus":"ONE_RANDOM_RARE_CARD","is_prod":false,"is_daily":false,"chose_seed":false,"campfire_upgraded":6,"win_rate":0.0,"timestamp":1567005943,"path_taken":["M","M","?","M","?","E","?","?","T","?","E","M","$","M","R","BOSS","M","M","?","M","?","R","?","M","T","E","M","$","M","E","R","BOSS","M","M","$","?","?","R","M","R","T","R","?","?","?","?","R","BOSS"],"build_version":"2019-07-17","purchased_purges":3,"victory":true,"max_hp_per_floor":[75,75,75,75,75,75,75,75,75,75,75,75,75,75,75,75,75,75,75,75,75,75,75,75,75,75,75,75,75,75,75,75,75,75,75,75,75,75,75,75,75,75,75,75,75,75,75,75,75,75],"card_choices":[{"not_picked":["Redo","Aggregate"],"picked":"Streamline","floor":1.0},{"not_picked":["Darkness","Compile Driver"],"picked":"Sweeping Beam","floor":2.0},{"not_picked":["Tempest","Melter"],"picked":"Conserve Battery","floor":3.0},{"not_picked":["Consume","Coolheaded"],"picked":"Beam Cell","floor":4.0},{"not_picked":["Fusion","Stack"],"picked":"Compile Driver","floor":6.0},{"not_picked":["Fusion","Sweeping Beam"],"picked":"Self Repair","floor":7.0},{"not_picked":["Barrage","Sweeping Beam"],"picked":"Multi-Cast","floor":11.0},{"not_picked":["Defragment","Hello World"],"picked":"Go for the Eyes","floor":12.0},{"not_picked":["Conserve Battery","Redo"],"picked":"Steam","floor":14.0},{"not_picked":["Thunder Strike","Amplify"],"picked":"Creative AI","floor":16.0},{"not_picked":["Reprogram","Coolheaded+1"],"picked":"Gash+1","floor":18.0},{"not_picked":["Loop","Streamline","Aggregate+1"],"picked":"SKIP","floor":19.0},{"not_picked":["Cold Snap","Ball Lightning+1"],"picked":"Beam Cell+1","floor":20.0},{"not_picked":["Chaos","Streamline"],"picked":"BootSequence","floor":21.0},{"not_picked":["Genetic Algorithm","Force Field"],"picked":"Beam Cell","floor":25.0},{"not_picked":["Undo+1","Hello World+1"],"picked":"White Noise+1","floor":27.0},{"not_picked":["Compile Driver+1","Electrodynamics"],"picked":"Steam+1","floor":28.0},{"not_picked":["Scrape","Chaos+1","Sweeping Beam+1"],"picked":"SKIP","floor":30.0},{"not_picked":["Ball Lightning","Consume+1"],"picked":"Leap+1","floor":31.0},{"not_picked":["Electrodynamics","Creative AI"],"picked":"Biased Cognition","floor":33.0},{"not_picked":["Steam+1","Reprogram+1"],"picked":"Go for the Eyes+1","floor":35},{"not_picked":["Capacitor+1","Leap+1"],"picked":"Rebound+1","floor":36},{"not_picked":["Cold Snap","Capacitor"],"picked":"Coolheaded+1","floor":38},{"not_picked":["Barrage","Lockon","Go for the Eyes"],"picked":"SKIP","floor":41},{"not_picked":["Barrage","Ball Lightning+1"],"picked":"Defragment","floor":47},{"not_picked":["Rip and Tear","Darkness+1"],"picked":"White Noise+1","floor":48}],"player_experience":123038,"relics_obtained":[{"floor":6.0,"key":"Boot"},{"floor":9.0,"key":"Blue Candle"},{"floor":11.0,"key":"PreservedInsect"},{"floor":26.0,"key":"Toxic Egg 2"},{"floor":27.0,"key":"Meat on the Bone"},{"floor":31.0,"key":"Du-Vu Doll"},{"floor":43,"key":"Omamori"},{"floor":46,"key":"Bottled Lightning"},{"floor":47,"key":"Calipers"}],"event_choices":[{"damage_healed":0.0,"max_hp_gain":0.0,"max_hp_loss":0.0,"gold_gain":0.0,"event_name":"Accursed Blacksmith","player_choice":"Rummage","floor":5.0,"gold_loss":0.0,"damage_taken":0.0,"relics_obtained":["WarpedTongs"],"cards_obtained":["Pain"]},{"damage_healed":0.0,"max_hp_gain":0.0,"max_hp_loss":0.0,"gold_gain":0.0,"cards_transformed":["Strike_B"],"event_name":"Living Wall","player_choice":"Change","floor":8.0,"gold_loss":0.0,"damage_taken":0.0,"cards_obtained":["Glacier"]},{"damage_healed":0.0,"max_hp_gain":0.0,"max_hp_loss":0.0,"gold_gain":0.0,"event_name":"Lab","player_choice":"Got Potions","floor":10.0,"gold_loss":0.0,"damage_taken":0.0},{"damage_healed":0.0,"max_hp_gain":0.0,"max_hp_loss":0.0,"gold_gain":0.0,"event_name":"The Woman in Blue","player_choice":"Bought 0 Potions","floor":24.0,"gold_loss":0.0,"damage_taken":0.0},{"damage_healed":0,"gold_gain":0,"player_choice":"Embrace Madness","damage_taken":9,"max_hp_gain":0,"max_hp_loss":0,"event_name":"Winding Halls","floor":39,"gold_loss":0,"cards_obtained":["Madness","Madness"]},{"damage_healed":0,"gold_gain":0,"player_choice":"Paid","damage_taken":0,"relics_obtained":["Red Mask"],"max_hp_gain":0,"max_hp_loss":0,"event_name":"Tomb of Lord Red Mask","floor":45,"gold_loss":91},{"damage_healed":0,"gold_gain":0,"player_choice":"Fight","damage_taken":0,"max_hp_gain":0,"max_hp_loss":0,"event_name":"MindBloom","floor":47,"gold_loss":0}],"is_beta":false,"boss_relics":[{"not_picked":["Runic Dome","Tiny House"],"picked":"Cursed Key"},{"not_picked":["Busted Crown","Sozu"],"picked":"Philosopher\u0027s Stone"}],"items_purged_floors":[13,22,37],"is_endless":false,"potions_floor_spawned":[2,3,7,11,14,20,21,31,33,36,47,48],"ascension_level":0}