{"gold_per_floor":[113,133,144,154,2,2,16,16,16,36,36,36,64,75,75,177,177,191,28,40,53,53,53,72,85,85,100,110,120,120,20,20,115,115,133,0,12,12,32,32,32,32,32,51,71,71,71,90,90,90],"floor_reached":51,"playtime":2242,"items_purged":["Strike_R","Strike_R"],"score":682,"play_id":"09549a55-37d9-4e74-b45c-424998c33baa","local_time":"20181003203301","is_ascension_mode":false,"campfire_choices":[{"data":"Bash","floor":6.0,"key":"SMITH"},{"data":"Bludgeon","floor":8.0,"key":"SMITH"},{"data":"Iron Wave","floor":11.0,"key":"SMITH"},{"floor":15.0,"key":"DIG"},{"data":"Whirlwind","floor":23,"key":"SMITH"},{"floor":30,"key":"REST"},{"data":"True Grit","floor":32,"key":"SMITH"},{"data":"Barricade","floor":40,"key":"SMITH"},{"data":"Metallicize","floor":42,"key":"SMITH"},{"floor":46,"key":"DIG"},{"data":"Armaments","floor":49,"key":"SMITH"}],"neow_cost":"NONE","seed_source_timestamp":270045353673341,"circlet_count":0,"master_deck":["Strike_R","Strike_R","Strike_R","Defend_R","Defend_R","Defend_R","Defend_R","Bash+1","Twin Strike","Iron Wave+1","Ghostly Armor","Shrug It Off","Bludgeon+1","Warcry","Evolve+1","Whirlwind+1","Offering","Body Slam+1","Flash of Steel","Battle Trance","Shrug It Off","Finesse","Warcry+1","Disarm+1","True Grit+1","Shockwave+1","Barricade+1","Rampage+1","Metallicize+1","Deep Breath","Dual Wield+1","Clumsy","Juggernaut","Clothesline+1","Armaments+1"],"special_seed":0,"relics":["Burning Blood","NeowsBlessing","Bronze Scales","Matryoshka","Shovel","Shuriken","Velvet Choker","Potion Belt","Molten Egg 2","Cursed Key","Red Mask","Ancient Tea Set","Paper Frog","Dodecahedron"],"potions_floor_usage":[27,33,48,50,50,50,50],"damage_taken":[{"damage":0.0,"enemies":"Small Slimes","floor":1.0,"turns":1.0},{"damage":0.0,"enemies":"Jaw Worm","floor":2.0,"turns":1.0},{"damage":0.0,"enemies":"Cultist","floor":3.0,"turns":1.0},{"damage":0.0,"enemies":"Blue Slaver","floor":4.0,"turns":5.0},{"damage":0.0,"enemies":"Looter","floor":7.0,"turns":4.0},{"damage":5.0,"enemies":"Large Slime","floor":10.0,"turns":5.0},{"damage":12.0,"enemies":"3 Sentries","floor":13.0,"turns":8.0},{"damage":7.0,"enemies":"3 Louse","floor":14.0,"turns":4.0},{"damage":25.0,"enemies":"Slime Boss","floor":16.0,"turns":5.0},{"damage":10.0,"enemies":"2 Thieves","floor":18.0,"turns":4.0},{"damage":20.0,"enemies":"Shell Parasite","floor":20.0,"turns":3.0},{"damage":15.0,"enemies":"Centurion and Healer","floor":21.0,"turns":4.0},{"damage":10,"enemies":"3 Cultists","floor":24,"turns":3},{"damage":18,"enemies":"Snake Plant","floor":25,"turns":3},{"damage":6,"enemies":"Cultist and Chosen","floor":27,"turns":5},{"damage":6,"enemies":"3 Cultists","floor":28,"turns":5},{"damage":9,"enemies":"Snecko","floor":29,"turns":3},{"damage":49,"enemies":"Collector","floor":33,"turns":7},{"damage":0,"enemies":"3 Shapes","floor":35,"turns":4},{"damage":2,"enemies":"Orb Walker","floor":37,"turns":2},{"damage":9,"enemies":"Transient","floor":39,"turns":5},{"damage":9,"enemies":"4 Shapes","floor":44,"turns":6},{"damage":2,"enemies":"Reptomancer","floor":45,"turns":6},{"damage":10,"enemies":"Spire Growth","floor":48,"turns":5},{"damage":59,"enemies":"Donu and Deca","floor":50,"turns":8}],"seed_played":"2494963397115456650","potions_obtained":[{"floor":1.0,"key":"SkillPotion"},{"floor":3.0,"key":"SneckoOil"},{"floor":4.0,"key":"SpeedPotion"},{"floor":10.0,"key":"Energy Potion"},{"floor":18.0,"key":"Ancient Potion"},{"floor":25,"key":"Energy Potion"},{"floor":27,"key":"Block Potion"},{"floor":28,"key":"GamblersBrew"},{"floor":33,"key":"Ancient Potion"},{"floor":37,"key":"PowerPotion"},{"floor":48,"key":"LiquidBronze"}],"is_trial":false,"path_per_floor":["M","M","M","M","$","R","M","R","T","M","R","?","E","M","R","B",null,"M","$","M","M","?","R","M","M","T","M","M","M","R","$","R","B",null,"M","?","M","?","M","R","?","R","T","M","M","R","?","M","R","B"],"character_chosen":"IRONCLAD","items_purchased":["Bronze Scales","Flash of Steel"],"campfire_rested":1,"item_purchase_floors":[5,19],"current_hp_per_floor":[80,80,80,80,80,80,80,80,80,80,80,80,74,73,73,54,80,76,76,62,53,53,53,49,37,37,37,37,34,58,58,58,15,80,80,80,80,80,77,77,77,77,77,74,78,78,78,74,74,21],"gold":90,"neow_bonus":"THREE_ENEMY_KILL","is_prod":false,"is_daily":false,"chose_seed":false,"campfire_upgraded":8,"win_rate":1,"timestamp":1538566381,"path_taken":["M","M","M","M","$","R","M","R","T","M","R","?","E","M","R","BOSS","M","$","M","M","?","R","M","M","T","M","M","M","R","$","R","BOSS","M","?","M","?","M","R","?","R","T","M","M","R","?","M","R","BOSS"],"build_version":"2018-09-27","purchased_purges":2,"victory":true,"max_hp_per_floor":[80,80,80,80,80,80,80,80,80,80,80,80,80,80,80,80,80,80,80,80,80,80,80,80,80,80,80,80,80,80,80,80,80,80,80,80,80,80,80,80,80,80,80,80,80,80,80,80,80,80],"card_choices":[{"not_picked":["Dropkick","Spot Weakness"],"picked":"Twin Strike","floor":1.0},{"not_picked":["Warcry","Corruption"],"picked":"Iron Wave","floor":2.0},{"not_picked":["Clash","Anger"],"picked":"Ghostly Armor","floor":3.0},{"not_picked":["Ghostly Armor","Bloodletting"],"picked":"Shrug It Off","floor":4.0},{"not_picked":["Pommel Strike","Body Slam"],"picked":"Bludgeon","floor":7.0},{"not_picked":["Second Wind","Cleave"],"picked":"Warcry","floor":10.0},{"not_picked":["Carnage","Seeing Red"],"picked":"Evolve","floor":13.0},{"not_picked":["Rupture","Body Slam"],"picked":"Whirlwind","floor":14.0},{"not_picked":["Exhume","Limit Break"],"picked":"Offering","floor":16.0},{"not_picked":["Cleave","Shockwave+1"],"picked":"Body Slam+1","floor":18.0},{"not_picked":["Havoc","Wild Strike+1"],"picked":"Battle Trance","floor":20.0},{"not_picked":["Heavy Blade","Sever Soul+1","Fire Breathing+1"],"picked":"SKIP","floor":21.0},{"not_picked":["Pommel Strike","Sword Boomerang+1"],"picked":"Warcry+1","floor":24},{"not_picked":["Anger","Pommel Strike"],"picked":"Disarm+1","floor":25},{"not_picked":["Sever Soul+1","Armaments"],"picked":"True Grit","floor":27},{"not_picked":["Ghostly Armor","Headbutt+1"],"picked":"Shockwave+1","floor":28},{"not_picked":["Corruption","Exhume","Sever Soul+1"],"picked":"SKIP","floor":29},{"not_picked":["Feed+1","Offering"],"picked":"Barricade","floor":33},{"not_picked":["Twin Strike+1","Rage"],"picked":"Rampage+1","floor":35},{"not_picked":["Disarm","Pommel Strike+1"],"picked":"Metallicize","floor":37},{"not_picked":["Impatience","Bandage Up"],"picked":"Deep Breath","floor":38},{"not_picked":["Sword Boomerang+1","Ghostly Armor+1"],"picked":"Dual Wield","floor":39},{"not_picked":["Infernal Blade","Bloodletting"],"picked":"Juggernaut","floor":44},{"not_picked":["Wild Strike+1","Bloodletting+1"],"picked":"Clothesline+1","floor":45},{"not_picked":["Sword Boomerang+1","Cleave+1"],"picked":"Armaments","floor":48}],"player_experience":110962,"relics_obtained":[{"floor":9.0,"key":"Matryoshka"},{"floor":13.0,"key":"Shovel"},{"floor":15.0,"key":"Shuriken"},{"floor":26,"key":"Potion Belt"},{"floor":26,"key":"Molten Egg 2"},{"floor":43,"key":"Ancient Tea Set"},{"floor":43,"key":"Paper Frog"},{"floor":46,"key":"Dodecahedron"}],"event_choices":[{"event_name":"The Cleric","player_choice":"Leave","floor":12.0,"damage_taken":0.0},{"event_name":"Match and Keep!","player_choice":"2 cards matched","floor":22,"damage_taken":0},{"event_name":"Tomb of Lord Red Mask","player_choice":"Paid","floor":36,"damage_taken":0},{"event_name":"SensoryStone","player_choice":"Memory 1","floor":38,"damage_taken":0},{"event_name":"Upgrade Shrine","player_choice":"Upgraded","floor":41,"damage_taken":0},{"event_name":"Accursed Blacksmith","player_choice":"Forge","floor":47,"damage_taken":0}],"is_beta":false,"boss_relics":[{"not_picked":["Black Blood","Orrery"],"picked":"Velvet Choker"},{"not_picked":["Eternal Feather","White Beast Statue"],"picked":"Cursed Key"}],"items_purged_floors":[19,31],"is_endless":false,"potions_floor_spawned":[1,3,4,10,18,25,27,28,33,37,48],"ascension_level":0}