{"gold_per_floor":[117,217,235,254,274,305,305,480,480,513,513,588,608,634,634,736,736,755,766,781,338,352,352,352,451,474,474,474,507,507,523,523,624,624,641,477,496,175,188,221,221,236,236,236,65,94,104,104,104,104],"floor_reached":51,"playtime":6937,"items_purged":["Doubt","Defend_B","Defend_B","Defend_B+1"],"score":831,"play_id":"674be5af-11f8-4c31-b3f0-3e9009743d8d","local_time":"20190902012406","is_ascension_mode":true,"campfire_choices":[{"data":"Darkness","floor":7.0,"key":"SMITH"},{"data":"Hologram","floor":11.0,"key":"SMITH"},{"data":"Dualcast","floor":15.0,"key":"SMITH"},{"data":"Defragment","floor":23.0,"key":"SMITH"},{"data":"Defragment","floor":32.0,"key":"SMITH"},{"data":"Seek","floor":41.0,"key":"SMITH"},{"data":"Defragment","floor":44.0,"key":"SMITH"},{"floor":49.0,"key":"REST"}],"neow_cost":"NONE","seed_source_timestamp":0,"circlet_count":0,"master_deck":["Zap","Dualcast+1","Echo Form","Darkness+1","Go for the Eyes","Hologram+1","Coolheaded","Leap","Glacier","Rebound","Capacitor","Biased Cognition","Defragment+1","Thinking Ahead+1","Cold Snap+1","Defragment+1","Bite","Bite","Bite","Bite","Bite","Loop+1","Defragment+1","Echo Form","Seek+1","Defragment+1","Chill+1","Darkness+1","Multi-Cast"],"special_seed":0,"relics":["Cracked Core","Anchor","Matryoshka","Pocketwatch","Juzu Bracelet","Inserter","Membership Card","Art of War","Lantern","Omamori","Shovel","Nilry\u0027s Codex","Philosopher\u0027s Stone","War Paint","Bottled Lightning","TheAbacus","Boot","Gremlin Horn","Ancient Tea Set","DollysMirror","Darkstone Periapt"],"potions_floor_usage":[50,50],"damage_taken":[{"damage":11.0,"enemies":"Jaw Worm","floor":1.0,"turns":3.0},{"damage":6.0,"enemies":"Cultist","floor":3.0,"turns":3.0},{"damage":0.0,"enemies":"2 Louse","floor":4.0,"turns":2.0},{"damage":9.0,"enemies":"Blue Slaver","floor":5.0,"turns":4.0},{"damage":22.0,"enemies":"3 Sentries","floor":6.0,"turns":7.0},{"damage":8.0,"enemies":"Lagavulin","floor":10.0,"turns":6.0},{"damage":1.0,"enemies":"Looter","floor":13.0,"turns":3.0},{"damage":2.0,"enemies":"Gremlin Nob","floor":14.0,"turns":3.0},{"damage":4.0,"enemies":"Hexaghost","floor":16.0,"turns":9.0},{"damage":5.0,"enemies":"Shell Parasite","floor":18.0,"turns":5.0},{"damage":6.0,"enemies":"Chosen","floor":19.0,"turns":6.0},{"damage":13.0,"enemies":"3 Cultists","floor":20.0,"turns":5.0},{"damage":14.0,"enemies":"Shelled Parasite and Fungi","floor":22.0,"turns":7.0},{"damage":25.0,"enemies":"Gremlin Leader","floor":29.0,"turns":11.0},{"damage":1.0,"enemies":"Cultist and Chosen","floor":31.0,"turns":4.0},{"damage":16.0,"enemies":"Collector","floor":33.0,"turns":14.0},{"damage":5.0,"enemies":"Orb Walker","floor":35.0,"turns":6.0},{"damage":2.0,"enemies":"3 Shapes","floor":37.0,"turns":6.0},{"damage":5.0,"enemies":"Spire Growth","floor":39.0,"turns":6.0},{"damage":5.0,"enemies":"Giant Head","floor":40.0,"turns":9.0},{"damage":19.0,"enemies":"Transient","floor":42.0,"turns":5.0},{"damage":5.0,"enemies":"Nemesis","floor":46.0,"turns":5.0},{"damage":10.0,"enemies":"3 Darklings","floor":47.0,"turns":5.0},{"damage":11,"enemies":"Awakened One","floor":50,"turns":12}],"seed_played":"-1347710274585951352","potions_obtained":[{"floor":1.0,"key":"Weak Potion"},{"floor":3.0,"key":"PowerPotion"},{"floor":6.0,"key":"Fruit Juice"},{"floor":18.0,"key":"AttackPotion"},{"floor":19.0,"key":"Poison Potion"},{"floor":20.0,"key":"AttackPotion"},{"floor":40.0,"key":"Explosive Potion"},{"floor":42.0,"key":"Regen Potion"},{"floor":47.0,"key":"Swift Potion"}],"is_trial":false,"path_per_floor":["M","?","M","M","M","E","R","?","T","E","R","?","M","E","R","B",null,"M","M","M","$","M","R","?","?","T","?","?","E","?","M","R","B",null,"M","$","M","$","M","E","R","M","T","R","$","E","M","?","R","B",null],"character_chosen":"DEFECT","items_purchased":["Membership Card","Art of War","Thinking Ahead","Seek","War Paint","Bottled Lightning","TheAbacus","Chill","DollysMirror"],"campfire_rested":1,"item_purchase_floors":[21,21,21,36,36,38,38,38,45],"current_hp_per_floor":[64,64,58,58,49,32,32,32,32,24,24,13,12,10,10,6,80,75,69,56,56,42,42,42,42,42,42,42,37,21,28,28,26,56,55,55,56,56,55,56,56,39,39,39,39,38,32,32,48,56],"gold":104,"neow_bonus":"ONE_RANDOM_RARE_CARD","is_prod":false,"is_daily":false,"chose_seed":false,"campfire_upgraded":7,"win_rate":0,"timestamp":1567355046,"path_taken":["M","?","?","M","M","E","R","?","T","E","R","?","M","E","R","BOSS","M","M","M","$","M","R","?","?","T","?","?","E","?","M","R","BOSS","M","$","M","$","M","E","R","M","T","R","$","E","M","?","R","BOSS"],"build_version":"2019-07-17","purchased_purges":4,"victory":true,"max_hp_per_floor":[75,75,75,75,75,80,80,80,80,80,80,80,80,80,80,80,80,80,80,80,80,80,80,80,80,80,56,56,56,56,56,56,56,56,56,56,56,56,56,56,56,56,56,56,56,56,56,56,56,56],"card_choices":[{"not_picked":["Scrape","Storm"],"picked":"Darkness","floor":1.0},{"not_picked":["Heatsinks","Consume"],"picked":"Go for the Eyes","floor":3.0},{"not_picked":["Chill","Go for the Eyes"],"picked":"Hologram","floor":4.0},{"not_picked":["Reprogram","Turbo"],"picked":"Coolheaded","floor":5.0},{"not_picked":["Rainbow","Steam"],"picked":"Leap","floor":6.0},{"not_picked":["Streamline","Chill"],"picked":"Glacier","floor":10.0},{"not_picked":["Gash","Sweeping Beam"],"picked":"Rebound","floor":13.0},{"not_picked":["Gash","Streamline"],"picked":"Capacitor","floor":14.0},{"not_picked":["Creative AI","All For One"],"picked":"Biased Cognition","floor":16.0},{"not_picked":["Ball Lightning+1","Steam Power+1","Rip and Tear"],"picked":"SKIP","floor":18.0},{"not_picked":["Go for the Eyes+1","Steam","Stack+1"],"picked":"SKIP","floor":19.0},{"not_picked":["Redo+1","Compile Driver"],"picked":"Defragment","floor":20.0},{"not_picked":["Sweeping Beam","Rebound"],"picked":"Cold Snap+1","floor":22.0},{"not_picked":["Reprogram","Fission"],"picked":"Loop+1","floor":29.0},{"not_picked":["Cold Snap","Steam+1"],"picked":"Defragment","floor":31.0},{"not_picked":["Machine Learning","Reboot"],"picked":"Echo Form","floor":33.0},{"not_picked":["Static Discharge+1","Cold Snap+1","Stack"],"picked":"SKIP","floor":35.0},{"not_picked":["Sweeping Beam+1","Turbo"],"picked":"Defragment+1","floor":37.0},{"not_picked":["Rebound+1","Loop+1","Capacitor+1"],"picked":"SKIP","floor":39.0},{"not_picked":["Fusion","Steam+1","Steam Power"],"picked":"SKIP","floor":40.0},{"not_picked":["Coolheaded","Gash","Sweeping Beam"],"picked":"SKIP","floor":42.0},{"not_picked":["Steam+1","Aggregate+1"],"picked":"Multi-Cast","floor":46.0},{"not_picked":["Hologram+1","Compile Driver+1","Chaos+1"],"picked":"SKIP","floor":47.0}],"player_experience":128174,"relics_obtained":[{"floor":6.0,"key":"Anchor"},{"floor":9.0,"key":"Matryoshka"},{"floor":10.0,"key":"Pocketwatch"},{"floor":14.0,"key":"Juzu Bracelet"},{"floor":26.0,"key":"Lantern"},{"floor":26.0,"key":"Omamori"},{"floor":29.0,"key":"Shovel"},{"floor":30.0,"key":"Nilry\u0027s Codex"},{"floor":40.0,"key":"Boot"},{"floor":43.0,"key":"Gremlin Horn"},{"floor":43.0,"key":"Ancient Tea Set"},{"floor":46.0,"key":"Darkstone Periapt"}],"event_choices":[{"damage_healed":0.0,"max_hp_gain":0.0,"max_hp_loss":0.0,"gold_gain":100.0,"event_name":"Wheel of Change","player_choice":"Gold","floor":2.0,"gold_loss":0.0,"damage_taken":0.0},{"damage_healed":0.0,"max_hp_gain":0.0,"max_hp_loss":0.0,"gold_gain":175.0,"event_name":"Liars Game","player_choice":"AGREE","floor":8.0,"gold_loss":0.0,"damage_taken":0.0,"cards_obtained":["Doubt"]},{"damage_healed":0.0,"max_hp_gain":0.0,"max_hp_loss":0.0,"gold_gain":75.0,"event_name":"World of Goop","player_choice":"Gather Gold","floor":12.0,"gold_loss":0.0,"damage_taken":11.0},{"damage_healed":0.0,"max_hp_gain":0.0,"max_hp_loss":0.0,"gold_gain":0.0,"event_name":"The Library","player_choice":"Read","floor":24.0,"gold_loss":0.0,"damage_taken":0.0,"cards_obtained":["Defragment"]},{"damage_healed":0.0,"max_hp_gain":0.0,"max_hp_loss":0.0,"gold_gain":99.0,"event_name":"Nest","player_choice":"Stole From Cult","floor":25.0,"gold_loss":0.0,"damage_taken":0.0},{"damage_healed":0.0,"max_hp_gain":0.0,"max_hp_loss":24.0,"gold_gain":0.0,"event_name":"Vampires","player_choice":"Became a vampire","floor":27.0,"gold_loss":0.0,"damage_taken":0.0,"cards_obtained":["Bite","Bite","Bite","Bite","Bite"]},{"cards_removed":["Defend_B"],"damage_healed":0.0,"max_hp_gain":0.0,"max_hp_loss":0.0,"gold_gain":0.0,"event_name":"Bonfire Elementals","player_choice":"Offered Basic","floor":28.0,"gold_loss":0.0,"damage_taken":0.0},{"damage_healed":0.0,"max_hp_gain":0.0,"max_hp_loss":0.0,"gold_gain":0.0,"event_name":"Cursed Tome","player_choice":"Obtained Book","floor":30.0,"gold_loss":0.0,"damage_taken":16.0},{"damage_healed":0.0,"max_hp_gain":0.0,"max_hp_loss":0.0,"gold_gain":0.0,"event_name":"Upgrade Shrine","player_choice":"Upgraded","floor":48.0,"gold_loss":0.0,"damage_taken":0.0,"cards_upgraded":["Chill"]}],"is_beta":false,"boss_relics":[{"not_picked":["Pandora\u0027s Box","Busted Crown"],"picked":"Inserter"},{"not_picked":["White Beast Statue","Velvet Choker"],"picked":"Philosopher\u0027s Stone"}],"items_purged_floors":[21,36,38,45],"is_endless":false,"potions_floor_spawned":[1,3,6,18,19,20,40,42,47],"ascension_level":1}