{"gold_per_floor":[111,129,4,4,25,25,60,72,137,170,196,233,245,280,292,429,441,466,493,505,442,58,58,96,96,96,116,135,135,10,24,24,149,149,167,77,101,51,65,65,100,100,100,113,128,152,152,3,3,3],"floor_reached":51,"playtime":3070,"items_purged":["Strike_B","Defend_B","Genetic Algorithm"],"score":706,"play_id":"c57d0337-95c9-4074-845b-4390ec414d9e","local_time":"20181007205947","is_ascension_mode":false,"campfire_choices":[{"data":"Streamline","floor":6,"key":"SMITH"},{"data":"Self Repair","floor":8,"key":"SMITH"},{"data":"Defragment","floor":15,"key":"SMITH"},{"data":"Beam Cell","floor":23,"key":"SMITH"},{"data":"Stack","floor":25,"key":"SMITH"},{"data":"Loop","floor":29,"key":"SMITH"},{"data":"Hello World","floor":32,"key":"SMITH"},{"data":"Leap","floor":40,"key":"SMITH"},{"floor":47,"key":"REST"},{"floor":49,"key":"REST"}],"neow_cost":"NONE","seed_source_timestamp":616467161901763,"circlet_count":0,"master_deck":["Defend_B","Defend_B","Zap+1","Dualcast","Self Repair+1","Streamline+1","Beam Cell+1","Defragment+1","Hello World+1","Leap+1","All For One","All For One","Leap","Stack+1","FTL","Machine Learning+1","Self Repair","Loop+1","Doom and Gloom+1","Creative AI","Loop+1","Hologram+1","Leap","Stack","Rainbow","Chaos+1"],"relics":["Cracked Core","Golden Idol","MawBank","Tiny Chest","Potion Belt","Snecko Eye","PreservedInsect","Red Mask","Mango","Sozu","Vajra","Du-Vu Doll","Happy Flower"],"potions_floor_usage":[7,24,31,50,50],"damage_taken":[{"damage":0,"enemies":"2 Louse","floor":1,"turns":1},{"damage":5,"enemies":"Small Slimes","floor":2,"turns":3},{"damage":1,"enemies":"Cultist","floor":5,"turns":3},{"damage":6,"enemies":"Gremlin Nob","floor":7,"turns":3},{"damage":9,"enemies":"2 Fungi Beasts","floor":10,"turns":3},{"damage":13,"enemies":"Lots of Slimes","floor":11,"turns":5},{"damage":2,"enemies":"Exordium Wildlife","floor":12,"turns":5},{"damage":10,"enemies":"Exordium Thugs","floor":14,"turns":4},{"damage":32,"enemies":"The Guardian","floor":16,"turns":8},{"damage":10,"enemies":"Chosen","floor":18,"turns":4},{"damage":25,"enemies":"2 Thieves","floor":19,"turns":3},{"damage":29,"enemies":"Masked Bandits","floor":24,"turns":6},{"damage":15,"enemies":"Cultist and Chosen","floor":27,"turns":6},{"damage":11,"enemies":"Snake Plant","floor":28,"turns":4},{"damage":4,"enemies":"3 Cultists","floor":31,"turns":4},{"damage":51,"enemies":"Collector","floor":33,"turns":10},{"damage":5,"enemies":"3 Darklings","floor":35,"turns":6},{"damage":7,"enemies":"3 Shapes","floor":37,"turns":3},{"damage":0,"enemies":"Maw","floor":39,"turns":2},{"damage":14,"enemies":"2 Orb Walkers","floor":41,"turns":4},{"damage":67,"enemies":"Spire Growth","floor":44,"turns":6},{"damage":23,"enemies":"Transient","floor":45,"turns":5},{"damage":15,"enemies":"3 Darklings","floor":46,"turns":2},{"damage":38,"enemies":"Awakened One","floor":50,"turns":10}],"seed_played":"-8758060941455083225","potions_obtained":[{"floor":1,"key":"SpeedPotion"},{"floor":5,"key":"Fire Potion"},{"floor":11,"key":"Explosive Potion"},{"floor":12,"key":"Ancient Potion"},{"floor":16,"key":"Strength Potion"},{"floor":24,"key":"FocusPotion"},{"floor":28,"key":"Regen Potion"}],"is_trial":false,"path_per_floor":["M","M","$","?","M","R","E","R","T","M","M","M","?","M","R","B",null,"M","M","?","?","$","R","?","R","T","M","M","R","$","M","R","B",null,"M","?","M","$","M","R","E","?","T","M","M","M","R","$","R","B"],"character_chosen":"DEFECT","items_purchased":["Beam Cell","PreservedInsect","Machine Learning","Leap","Happy Flower"],"campfire_rested":2,"item_purchase_floors":[3,22,22,38,48],"current_hp_per_floor":[75,75,75,57,63,63,64,64,64,65,62,60,60,60,60,38,75,75,60,60,60,60,60,41,41,55,57,63,63,63,78,78,44,89,89,89,89,89,89,89,82,82,82,32,26,18,44,44,70,32],"gold":3,"neow_bonus":"UPGRADE_CARD","is_prod":false,"is_daily":false,"chose_seed":false,"campfire_upgraded":8,"win_rate":0,"timestamp":1538913587,"path_taken":["M","M","$","?","M","R","E","R","T","?","M","M","?","M","R","BOSS","M","M","?","?","$","R","?","R","T","?","?","R","$","?","R","BOSS","M","?","M","$","M","R","E","?","T","?","?","?","R","$","R","BOSS"],"build_version":"2018-10-04v2","purchased_purges":3,"victory":true,"max_hp_per_floor":[75,75,75,75,75,75,75,75,75,75,75,75,75,75,75,75,75,75,75,75,75,75,75,75,75,89,89,89,89,89,89,89,89,89,89,89,89,89,89,89,89,89,89,89,89,89,89,89,89,89],"card_choices":[{"not_picked":["Chill","Recycle"],"picked":"Self Repair","floor":1},{"not_picked":["Beam Cell","Ball Lightning"],"picked":"Streamline","floor":2},{"not_picked":["Sweeping Beam","Buffer"],"picked":"Defragment","floor":5},{"not_picked":["Force Field","Stack"],"picked":"Hello World","floor":7},{"not_picked":["Barrage","Compile Driver"],"picked":"Gash","floor":10},{"not_picked":["Coolheaded","Redo"],"picked":"Leap","floor":11},{"not_picked":["Scrape","Sweeping Beam","Tempest"],"picked":"SKIP","floor":12},{"not_picked":["Rip and Tear","Aggregate"],"picked":"All For One","floor":14},{"not_picked":["Multi-Cast","Rainbow"],"picked":"All For One","floor":16},{"not_picked":["Barrage","Sweeping Beam"],"picked":"Leap","floor":18},{"not_picked":["Double Energy","Rebound+1"],"picked":"Stack","floor":19},{"not_picked":["Steam+1","Cold Snap"],"picked":"Self Repair","floor":24},{"not_picked":["Lockon","Barrage+1","Sweeping Beam+1"],"picked":"SKIP","floor":27},{"not_picked":["Gash","Go for the Eyes"],"picked":"Loop","floor":28},{"not_picked":["Conserve Battery","Go for the Eyes+1"],"picked":"Doom and Gloom+1","floor":31},{"not_picked":["Multi-Cast","Rainbow"],"picked":"Creative AI","floor":33},{"not_picked":["Go for the Eyes","Chill+1"],"picked":"Loop+1","floor":35},{"not_picked":["Leap+1","Steam"],"picked":"Hologram+1","floor":37},{"not_picked":["Beam Cell","Barrage","Steam"],"picked":"SKIP","floor":39},{"not_picked":["Genetic Algorithm+1","Heatsinks+1"],"picked":"Stack","floor":41},{"not_picked":["Rebound+1","Stack","Go for the Eyes+1"],"picked":"SKIP","floor":44},{"not_picked":["BootSequence","Sweeping Beam+1"],"picked":"Rainbow","floor":45},{"not_picked":["Hologram","Static Discharge"],"picked":"Chaos+1","floor":46}],"player_experience":150680,"relics_obtained":[{"floor":7,"key":"MawBank"},{"floor":9,"key":"Tiny Chest"},{"floor":24,"key":"Red Mask"},{"floor":26,"key":"Mango"},{"floor":41,"key":"Vajra"},{"floor":43,"key":"Du-Vu Doll"}],"event_choices":[{"event_name":"Golden Idol","player_choice":"Take Damage","floor":4,"damage_taken":0},{"event_name":"WeMeetAgain","player_choice":"Potion","floor":13,"damage_taken":0},{"event_name":"Drug Dealer","player_choice":"Became Test Subject","floor":20,"damage_taken":0},{"event_name":"Beggar","player_choice":"Gave Gold","floor":21,"damage_taken":0},{"event_name":"Masked Bandits","player_choice":"Fought Bandits","floor":24,"damage_taken":0},{"event_name":"Designer","player_choice":"Full Service","floor":36,"damage_taken":0},{"event_name":"Purifier","player_choice":"One Purge","floor":42,"damage_taken":0}],"is_beta":false,"boss_relics":[{"not_picked":["Fusion Hammer","Lizard Tail"],"picked":"Snecko Eye"},{"not_picked":["FrozenCore","Pandora\u0027s Box"],"picked":"Sozu"}],"items_purged_floors":[3,22,30],"is_endless":false,"potions_floor_spawned":[1,5,11,12,16,24,28,39,44,46],"ascension_level":0}