{"gold_per_floor":[115,125,145,15,32,32,51,51,51,62,79,99,99,99,99,197,197,213,213,37,53,67,67,80,80,80,80,100,20,20,31,31,128,128,141,60,70,70,83,83,100,100,100,100,111,0,12,25,25,25],"floor_reached":51,"playtime":3317,"items_purged":["Strike_B","Strike_B"],"score":622,"play_id":"7ed79cdc-210a-4592-8302-9d6e8425644d","local_time":"20181015001017","is_ascension_mode":false,"campfire_choices":[{"data":"Zap","floor":6.0,"key":"SMITH"},{"data":"Sunder","floor":8.0,"key":"SMITH"},{"data":"Dualcast","floor":13.0,"key":"SMITH"},{"data":"Consume","floor":15.0,"key":"SMITH"},{"data":"Double Energy","floor":23.0,"key":"SMITH"},{"data":"Scrape","floor":25,"key":"SMITH"},{"data":"Stack","floor":27,"key":"SMITH"},{"floor":32,"key":"REST"},{"data":"Hologram","floor":40,"key":"SMITH"},{"data":"Fusion","floor":42,"key":"SMITH"},{"floor":49,"key":"REST"}],"neow_cost":"NONE","seed_source_timestamp":42219033344737,"circlet_count":0,"master_deck":["Defend_B","Defend_B","Defend_B","Zap+1","Dualcast+1","Double Energy+1","Chill","Conserve Battery","Consume+1","Sunder+1","Sweeping Beam","Conserve Battery","FTL","Steam+1","Scrape+1","Fusion+1","Seek","Leap","Stack+1","Sunder+1","Gash","Beam Cell","Stack+1","Core Surge","Cold Snap","Turbo","Hologram+1","Gash","Madness","Madness","Coolheaded+1","Conserve Battery+1","Rebound+1"],"special_seed":0,"relics":["Cracked Core","The Courier","Busted Crown","Pocketwatch","Kunai","Empty Cage","Bird Faced Urn","Red Mask"],"potions_floor_usage":[24,50,50,50],"damage_taken":[{"damage":0.0,"enemies":"Small Slimes","floor":1.0,"turns":4.0},{"damage":3.0,"enemies":"2 Louse","floor":2.0,"turns":3.0},{"damage":6.0,"enemies":"Jaw Worm","floor":3.0,"turns":3.0},{"damage":0.0,"enemies":"3 Louse","floor":5.0,"turns":2.0},{"damage":0.0,"enemies":"Blue Slaver","floor":7.0,"turns":3.0},{"damage":1.0,"enemies":"Red Slaver","floor":10.0,"turns":2.0},{"damage":0.0,"enemies":"Lots of Slimes","floor":11.0,"turns":4.0},{"damage":1.0,"enemies":"Exordium Thugs","floor":12.0,"turns":3.0},{"damage":30.0,"enemies":"Hexaghost","floor":16.0,"turns":10.0},{"damage":0.0,"enemies":"Chosen","floor":18.0,"turns":3.0},{"damage":7.0,"enemies":"Spheric Guardian","floor":21.0,"turns":4.0},{"damage":4.0,"enemies":"Centurion and Healer","floor":22.0,"turns":11.0},{"damage":9,"enemies":"Snake Plant","floor":24,"turns":8},{"damage":0,"enemies":"3 Cultists","floor":28,"turns":4},{"damage":0,"enemies":"Centurion and Healer","floor":31,"turns":5},{"damage":14,"enemies":"Collector","floor":33,"turns":12},{"damage":12,"enemies":"3 Shapes","floor":35,"turns":4},{"damage":0,"enemies":"Orb Walker","floor":37,"turns":3},{"damage":0,"enemies":"4 Shapes","floor":39,"turns":7},{"damage":3,"enemies":"Sphere and 2 Shapes","floor":41,"turns":7},{"damage":16,"enemies":"3 Darklings","floor":45,"turns":12},{"damage":0,"enemies":"4 Shapes","floor":47,"turns":7},{"damage":15,"enemies":"Maw","floor":48,"turns":9},{"damage":8,"enemies":"Awakened One","floor":50,"turns":20}],"seed_played":"-2071021532662976856","potions_obtained":[{"floor":1.0,"key":"Regen Potion"},{"floor":10.0,"key":"Swift Potion"},{"floor":11.0,"key":"Fruit Juice"},{"floor":18.0,"key":"GamblersBrew"},{"floor":21.0,"key":"Fire Potion"},{"floor":22.0,"key":"Dexterity Potion"},{"floor":33,"key":"Dexterity Potion"}],"is_trial":false,"path_per_floor":["M","M","M","$","M","R","M","R","T","M","M","M","R","?","R","B",null,"M","?","$","M","M","R","M","R","T","R","M","$","?","M","R","B",null,"M","$","M","?","M","R","M","R","T","?","M","?","M","M","R","B"],"character_chosen":"DEFECT","items_purchased":["Sunder","Sweeping Beam","Leap","Stack","Dexterity Potion","Turbo","Hologram"],"campfire_rested":2,"item_purchase_floors":[4,4,20,20,20,36,36],"current_hp_per_floor":[75,72,71,71,71,71,71,71,71,70,70,69,69,54,54,29,80,80,65,65,58,54,54,45,45,45,45,45,45,45,45,70,56,85,73,73,73,73,73,73,70,70,70,59,43,43,43,28,53,45],"gold":25,"neow_bonus":"TRANSFORM_CARD","is_prod":false,"is_daily":false,"chose_seed":false,"campfire_upgraded":9,"win_rate":0,"timestamp":1539529817,"path_taken":["M","M","M","$","M","R","M","R","T","M","M","M","R","?","R","BOSS","M","?","$","M","M","R","M","R","T","R","M","$","?","?","R","BOSS","M","$","M","?","M","R","M","R","T","?","M","?","M","?","R","BOSS"],"build_version":"2018-10-11","purchased_purges":2,"victory":true,"max_hp_per_floor":[75,75,75,75,75,75,75,75,75,75,75,75,75,75,75,80,80,80,85,85,85,85,85,85,85,85,85,85,85,85,85,85,85,85,85,85,85,85,85,85,85,85,85,85,85,85,85,85,85,85],"card_choices":[{"not_picked":["Blizzard","Go for the Eyes"],"picked":"Chill","floor":1.0},{"not_picked":["Compile Driver","Coolheaded"],"picked":"Conserve Battery","floor":2.0},{"not_picked":["Hologram","Barrage"],"picked":"Consume","floor":3.0},{"not_picked":["Turbo","Go for the Eyes"],"picked":"Conserve Battery","floor":5.0},{"not_picked":["White Noise","Redo"],"picked":"FTL","floor":7.0},{"not_picked":["Stack","Barrage"],"picked":"Steam","floor":10.0},{"not_picked":["Steam Power","Sunder"],"picked":"Scrape","floor":11.0},{"not_picked":["Glacier","Skim"],"picked":"Fusion","floor":12.0},{"not_picked":["Rainbow","Reboot"],"picked":"Seek","floor":16.0},{"not_picked":[],"picked":"Hello World","floor":18.0},{"not_picked":["Melter"],"picked":"SKIP","floor":21.0},{"not_picked":[],"picked":"Sunder+1","floor":22.0},{"not_picked":[],"picked":"Gash","floor":24},{"not_picked":[],"picked":"Beam Cell","floor":28},{"not_picked":[],"picked":"Stack+1","floor":31},{"not_picked":[],"picked":"Core Surge","floor":33},{"not_picked":[],"picked":"Cold Snap","floor":35},{"not_picked":[],"picked":"Gash","floor":37},{"not_picked":["Barrage+1"],"picked":"SKIP","floor":39},{"not_picked":["Double Energy"],"picked":"SKIP","floor":41},{"not_picked":[],"picked":"Coolheaded+1","floor":45},{"not_picked":[],"picked":"Conserve Battery+1","floor":47},{"not_picked":[],"picked":"Rebound+1","floor":48}],"player_experience":241499,"relics_obtained":[{"floor":9.0,"key":"The Courier"},{"floor":26,"key":"Pocketwatch"},{"floor":43,"key":"Bird Faced Urn"}],"event_choices":[{"event_name":"Shining Light","player_choice":"Entered Light","floor":14.0,"damage_taken":0.0},{"event_name":"Forgotten Altar","player_choice":"Shed Blood","floor":19.0,"damage_taken":0.0},{"event_name":"WeMeetAgain","player_choice":"Card","floor":30,"damage_taken":0},{"event_name":"The Lab","player_choice":"Got Potions","floor":38,"damage_taken":0},{"event_name":"Winding Halls","player_choice":"Embrace Madness","floor":44,"damage_taken":0},{"event_name":"Tomb of Lord Red Mask","player_choice":"Paid","floor":46,"damage_taken":0}],"is_beta":false,"boss_relics":[{"not_picked":["Astrolabe","Fusion Hammer"],"picked":"Busted Crown"},{"not_picked":["Runic Dome","Sozu"],"picked":"Empty Cage"}],"items_purged_floors":[20,29],"is_endless":false,"potions_floor_spawned":[1,10,11,18,21,22,33,37,48],"ascension_level":0}