{"gold_per_floor":[116,134,99,110,110,141,160,160,160,180,180,192,23,40,40,140,140,126,126,137,137,137,147,174,174,248,248,248,347,347,367,367,465,515,527,537,537,73,22,22,36,36],"floor_reached":42,"playtime":3407,"items_purged":[],"score":418,"play_id":"f97c4641-6c89-4d9e-827a-e55591a1bfa0","local_time":"20190629164646","is_ascension_mode":false,"campfire_choices":[{"floor":8,"key":"REST"},{"data":"Sweeping Beam","floor":11,"key":"SMITH"},{"data":"Streamline","floor":15,"key":"SMITH"},{"floor":27,"key":"REST"},{"data":"Decay","floor":30,"key":"PURGE"},{"floor":32,"key":"REST"},{"data":"Auto Shields","floor":40,"key":"SMITH"}],"neow_cost":"PERCENT_DAMAGE","seed_source_timestamp":164710900742718,"circlet_count":0,"master_deck":["Strike_B","Strike_B","Strike_B","Strike_B","Defend_B+1","Defend_B","Defend_B","Defend_B","Zap","Dualcast","Streamline+1","Leap","Conserve Battery","Auto Shields+1","Streamline+1","Sweeping Beam+1","Glacier","Beam Cell","All For One","Sweeping Beam+1","Amplify","Sweeping Beam","Electrodynamics","Steam","Steam","Leap+1","All For One","Leap+1","Cold Snap+1","Conserve Battery+1","Finesse+1","Chrysalis+1","Self Repair+1","Stack+1"],"relics":["Thread and Needle","Juzu Bracelet","Strawberry","Velvet Choker","Nloth\u0027s Gift","MutagenicStrength","Frozen Egg 2","Toxic Egg 2","Peace Pipe","Tiny House","Sling","Oddly Smooth Stone"],"potions_floor_usage":[33,33,33,41],"damage_taken":[{"damage":0,"enemies":"Jaw Worm","floor":1,"turns":3},{"damage":0,"enemies":"Small Slimes","floor":2,"turns":3},{"damage":0,"enemies":"2 Louse","floor":4,"turns":3},{"damage":6,"enemies":"Lagavulin","floor":6,"turns":7},{"damage":0,"enemies":"Red Slaver","floor":7,"turns":3},{"damage":0,"enemies":"Blue Slaver","floor":10,"turns":3},{"damage":0,"enemies":"3 Louse","floor":12,"turns":4},{"damage":0,"enemies":"Looter","floor":14,"turns":2},{"damage":50,"enemies":"The Guardian","floor":16,"turns":12},{"damage":7,"enemies":"2 Thieves","floor":18,"turns":4},{"damage":4,"enemies":"3 Byrds","floor":20,"turns":6},{"damage":4,"enemies":"Snecko","floor":23,"turns":4},{"damage":39,"enemies":"Slavers","floor":24,"turns":6},{"damage":9,"enemies":"Shelled Parasite and Fungi","floor":31,"turns":5},{"damage":51,"enemies":"Automaton","floor":33,"turns":13},{"damage":22,"enemies":"Orb Walker","floor":35,"turns":4},{"damage":0,"enemies":"3 Shapes","floor":36,"turns":5},{"damage":34,"enemies":"Jaw Worm Horde","floor":41,"turns":6},{"damage":50,"enemies":"Spire Growth","floor":42,"turns":4}],"seed_played":"-8148984190957138194","potions_obtained":[{"floor":2,"key":"SkillPotion"},{"floor":6,"key":"FocusPotion"},{"floor":7,"key":"Ancient Potion"},{"floor":34,"key":"Strength Potion"},{"floor":35,"key":"GamblersBrew"}],"is_trial":false,"path_per_floor":["M","M","?","M","?","E","M","R","T","M","R","M","$","M","R","B",null,"M","?","M","?","?","M","E","?","T","R","T","?","R","M","R","B",null,"M","M","?","$","?","R","M","M"],"character_chosen":"DEFECT","items_purchased":["Beam Cell","All For One","Sling","Chrysalis+1","Self Repair+1"],"campfire_rested":3,"item_purchase_floors":[13,13,38,38,38],"current_hp_per_floor":[54,54,72,72,57,51,51,73,80,80,80,80,80,80,80,30,82,75,75,71,71,71,67,28,28,28,52,52,52,52,43,67,16,87,65,65,65,65,65,65,31,0],"gold":36,"neow_bonus":"ONE_RARE_RELIC","is_prod":false,"is_daily":false,"chose_seed":false,"campfire_upgraded":3,"win_rate":0.0,"timestamp":1561844806,"path_taken":["M","M","?","M","?","E","M","R","T","M","R","M","$","M","R","BOSS","M","?","M","?","?","M","E","?","T","R","?","?","R","M","R","BOSS","M","M","?","$","?","R","M","M"],"build_version":"2019-01-23","purchased_purges":0,"victory":false,"max_hp_per_floor":[75,75,75,75,75,75,75,75,82,82,82,82,82,82,82,82,82,82,82,82,82,82,82,82,82,82,82,82,82,82,82,82,82,87,87,87,87,87,87,87,87,87],"card_choices":[{"not_picked":["Steam","Beam Cell"],"picked":"Streamline","floor":1},{"not_picked":["Ball Lightning","Compile Driver"],"picked":"Leap","floor":2},{"not_picked":["Barrage","Steam Power"],"picked":"Conserve Battery","floor":4},{"not_picked":["Barrage","Loop"],"picked":"Auto Shields","floor":6},{"not_picked":["Hologram","Ball Lightning"],"picked":"Streamline","floor":7},{"not_picked":["Ball Lightning","Hologram"],"picked":"Sweeping Beam","floor":10},{"not_picked":["Reboot","Leap"],"picked":"Glacier","floor":12},{"not_picked":["Hologram","Coolheaded"],"picked":"Sweeping Beam","floor":14},{"not_picked":["Fission","Machine Learning"],"picked":"Amplify","floor":16},{"not_picked":["BootSequence","Cold Snap"],"picked":"Sweeping Beam","floor":18},{"not_picked":["Redo","Sweeping Beam"],"picked":"Electrodynamics","floor":20},{"not_picked":["Leap","Cold Snap+1"],"picked":"Steam","floor":23},{"not_picked":["Thunder Strike","Machine Learning"],"picked":"Steam","floor":24},{"not_picked":["Barrage","Sweeping Beam"],"picked":"Leap+1","floor":31},{"not_picked":["Reboot+1","Thunder Strike"],"picked":"All For One","floor":33},{"not_picked":["Beam Cell","Ball Lightning+1"],"picked":"Leap+1","floor":34},{"not_picked":["Loop+1","Hologram+1"],"picked":"Cold Snap+1","floor":35},{"not_picked":["Heatsinks+1","FTL"],"picked":"Conserve Battery+1","floor":36},{"not_picked":["Violence+1","Sadistic Nature+1"],"picked":"Finesse+1","floor":37},{"not_picked":["Cold Snap","Leap+1"],"picked":"Stack+1","floor":41}],"player_experience":15739,"relics_obtained":[{"floor":6,"key":"Juzu Bracelet"},{"floor":9,"key":"Strawberry"},{"floor":24,"key":"Frozen Egg 2"},{"floor":26,"key":"Toxic Egg 2"},{"floor":28,"key":"Peace Pipe"}],"event_choices":[{"damage_healed":18,"gold_gain":0,"player_choice":"Healed","damage_taken":0,"max_hp_gain":0,"max_hp_loss":0,"event_name":"The Cleric","floor":3,"gold_loss":35},{"damage_healed":0,"gold_gain":0,"player_choice":"Entered Light","damage_taken":15,"max_hp_gain":0,"max_hp_loss":0,"event_name":"Shining Light","floor":5,"gold_loss":0,"cards_upgraded":["Defend_B","Streamline"]},{"damage_healed":0,"gold_gain":0,"player_choice":"Traded Relic","damage_taken":0,"relics_obtained":["Nloth\u0027s Gift"],"max_hp_gain":0,"max_hp_loss":0,"event_name":"N\u0027loth","floor":19,"relics_lost":["Cracked Core"],"gold_loss":0},{"damage_healed":0,"gold_gain":0,"player_choice":"Inject Mutagens","damage_taken":0,"relics_obtained":["MutagenicStrength"],"max_hp_gain":0,"max_hp_loss":0,"event_name":"Drug Dealer","floor":21,"gold_loss":0},{"damage_healed":0,"gold_gain":0,"player_choice":"Smashed Altar","damage_taken":0,"max_hp_gain":0,"max_hp_loss":0,"event_name":"Forgotten Altar","floor":22,"gold_loss":0,"cards_obtained":["Decay"]},{"damage_healed":0,"gold_gain":0,"player_choice":"Ignored","damage_taken":0,"max_hp_gain":0,"max_hp_loss":0,"event_name":"Vampires","floor":25,"gold_loss":0},{"damage_healed":0,"gold_gain":99,"player_choice":"Stole From Cult","damage_taken":0,"max_hp_gain":0,"max_hp_loss":0,"event_name":"Nest","floor":29,"gold_loss":0},{"damage_healed":0,"gold_gain":0,"player_choice":"Memory 1","damage_taken":0,"max_hp_gain":0,"max_hp_loss":0,"event_name":"SensoryStone","floor":37,"gold_loss":0},{"damage_healed":0,"gold_gain":0,"player_choice":"Paid Gold","damage_taken":0,"relics_obtained":["Oddly Smooth Stone"],"max_hp_gain":0,"max_hp_loss":0,"event_name":"WeMeetAgain","floor":39,"gold_loss":51}],"is_beta":false,"boss_relics":[{"not_picked":["Astrolabe","FrozenCore"],"picked":"Velvet Choker"},{"not_picked":["Busted Crown","Orrery"],"picked":"Tiny House"}],"items_purged_floors":[],"is_endless":false,"potions_floor_spawned":[2,6,7,14,18,24,35],"killed_by":"Spire Growth","ascension_level":0}