{"gold_per_floor":[109,109,127,127,145,145,179,179,204,2,16,16,33,48,48,153,153,172,247,247,277,288,288,299,299,299,299,315,159,171,26,26,131,131,150,164,64,164,177,177,205,205,230,250,265,280,21,32,32,32],"floor_reached":51,"playtime":2343,"items_purged":["Writhe","Defend_R"],"score":706,"play_id":"9427bb67-29a9-4b51-b475-d83b11ce0f2d","local_time":"20181026004140","is_ascension_mode":false,"campfire_choices":[{"data":"Bash","floor":6.0,"key":"SMITH"},{"data":"True Grit","floor":8.0,"key":"SMITH"},{"data":"Infernal Blade","floor":12.0,"key":"SMITH"},{"data":"Double Tap","floor":15.0,"key":"SMITH"},{"data":"Disarm","floor":23,"key":"SMITH"},{"data":"Clash","floor":27,"key":"SMITH"},{"data":"Inflame","floor":32,"key":"SMITH"},{"data":"Flex","floor":40,"key":"SMITH"},{"data":"Armaments","floor":42,"key":"SMITH"},{"data":"Bludgeon","floor":49,"key":"SMITH"}],"neow_cost":"NONE","seed_source_timestamp":777440363313490,"circlet_count":0,"master_deck":["Defend_R","Defend_R","Defend_R","Bash+1","Clash+1","Infernal Blade+1","Carnage","Disarm+1","True Grit+1","Thunderclap","Double Tap+1","Impervious","Bite","Bite","Bite","Bite","Bite","Clash","Inflame+1","Flex+1","Clash","Shrug It Off","Flex","Bludgeon+1","Pommel Strike+1","True Grit+1","Armaments+1"],"special_seed":0,"relics":["Burning Blood","PreservedInsect","OrangePellets","Busted Crown","Tiny Chest","Darkstone Periapt","Bottled Lightning","Coffee Dripper","Orichalcum","Anchor","Pen Nib"],"potions_floor_usage":[45,50,50,50],"damage_taken":[{"damage":5.0,"enemies":"Small Slimes","floor":1.0,"turns":2.0},{"damage":6.0,"enemies":"Jaw Worm","floor":3.0,"turns":4.0},{"damage":0.0,"enemies":"2 Louse","floor":5.0,"turns":2.0},{"damage":27.0,"enemies":"3 Sentries","floor":7.0,"turns":6.0},{"damage":8.0,"enemies":"Exordium Thugs","floor":11.0,"turns":4.0},{"damage":16.0,"enemies":"Large Slime","floor":13.0,"turns":2.0},{"damage":0.0,"enemies":"2 Fungi Beasts","floor":14.0,"turns":3.0},{"damage":32.0,"enemies":"Slime Boss","floor":16.0,"turns":10.0},{"damage":5.0,"enemies":"2 Thieves","floor":18.0,"turns":4.0},{"damage":3,"enemies":"Shell Parasite","floor":22,"turns":4},{"damage":15,"enemies":"Chosen and Byrds","floor":24,"turns":6},{"damage":3,"enemies":"Centurion and Healer","floor":28,"turns":6},{"damage":0,"enemies":"Snecko","floor":30,"turns":3},{"damage":83,"enemies":"Champ","floor":33,"turns":14},{"damage":2,"enemies":"Orb Walker","floor":35,"turns":2},{"damage":4,"enemies":"3 Darklings","floor":36,"turns":6},{"damage":10,"enemies":"4 Shapes","floor":39,"turns":4},{"damage":11,"enemies":"Reptomancer","floor":41,"turns":6},{"damage":24,"enemies":"Writhing Mass","floor":44,"turns":6},{"damage":0,"enemies":"Jaw Worm Horde","floor":45,"turns":3},{"damage":6,"enemies":"Sphere and 2 Shapes","floor":46,"turns":5},{"damage":22,"enemies":"4 Shapes","floor":48,"turns":7},{"damage":70,"enemies":"Time Eater","floor":50,"turns":12}],"seed_played":"5053629560164863703","potions_obtained":[{"floor":1.0,"key":"AttackPotion"},{"floor":3.0,"key":"EssenceOfSteel"},{"floor":5.0,"key":"Regen Potion"},{"floor":16.0,"key":"SmokeBomb"},{"floor":30,"key":"Explosive Potion"},{"floor":36,"key":"SteroidPotion"}],"is_trial":false,"path_per_floor":["M","?","M","?","M","R","E","R","T","$","M","R","M","M","R","B",null,"M","?","?","?","M","R","M","T","T","R","M","$","M","$","R","B",null,"M","M","$","?","M","R","E","R","T","M","M","M","$","M","R","B"],"character_chosen":"IRONCLAD","items_purchased":["OrangePellets","Inflame","Flex","Clash","Shrug It Off","Flex","Pen Nib","Strength Potion","PowerPotion"],"campfire_rested":0,"item_purchase_floors":[10,29,29,31,31,31,47,47,47],"current_hp_per_floor":[80,80,80,85,85,85,64,64,64,64,64,64,56,64,64,40,85,85,77,77,77,85,85,85,85,85,85,85,85,85,85,85,28,85,85,85,85,85,85,85,85,85,85,75,85,85,85,69,69,17],"gold":32,"neow_bonus":"THREE_CARDS","is_prod":false,"is_daily":false,"chose_seed":false,"campfire_upgraded":10,"win_rate":0,"timestamp":1540482100,"path_taken":["M","?","M","?","M","R","E","R","T","$","M","R","M","M","R","BOSS","M","?","?","?","M","R","M","?","T","R","?","$","M","?","R","BOSS","M","M","$","?","M","R","E","R","T","M","M","M","$","M","R","BOSS"],"build_version":"2018-10-18","purchased_purges":2,"victory":true,"max_hp_per_floor":[80,80,80,85,85,85,85,85,85,85,85,85,85,85,85,85,85,85,85,85,85,85,85,85,85,85,85,85,85,85,85,85,85,85,85,85,85,85,85,85,85,85,85,85,85,85,85,85,85,85],"card_choices":[{"not_picked":["Searing Blow","Warcry"],"picked":"Clash","floor":0.0},{"not_picked":["Second Wind","Power Through"],"picked":"Infernal Blade","floor":1.0},{"not_picked":["Blood for Blood","Entrench"],"picked":"Carnage","floor":3.0},{"not_picked":["Perfected Strike","Iron Wave"],"picked":"Disarm","floor":5.0},{"not_picked":["Anger","Warcry"],"picked":"True Grit","floor":7.0},{"not_picked":["Sword Boomerang","Seeing Red"],"picked":"Thunderclap","floor":11.0},{"not_picked":["Anger","Shrug It Off"],"picked":"Double Tap","floor":13.0},{"not_picked":["Ghostly Armor","Heavy Blade","Flame Barrier"],"picked":"SKIP","floor":14.0},{"not_picked":["Reaper","Berserk"],"picked":"Impervious","floor":16.0},{"not_picked":["Wild Strike"],"picked":"SKIP","floor":18.0},{"not_picked":["Sentinel"],"picked":"SKIP","floor":22},{"not_picked":[],"picked":"Clash","floor":24},{"not_picked":["Heavy Blade"],"picked":"SKIP","floor":28},{"not_picked":["Sever Soul"],"picked":"SKIP","floor":30},{"not_picked":[],"picked":"Bludgeon","floor":33},{"not_picked":[],"picked":"Pommel Strike+1","floor":35},{"not_picked":["Second Wind"],"picked":"SKIP","floor":36},{"not_picked":[],"picked":"True Grit+1","floor":39},{"not_picked":[],"picked":"Armaments","floor":41},{"not_picked":["Havoc+1"],"picked":"SKIP","floor":44},{"not_picked":["Headbutt+1"],"picked":"SKIP","floor":45},{"not_picked":["Heavy Blade+1"],"picked":"SKIP","floor":46},{"not_picked":["Anger"],"picked":"SKIP","floor":48}],"player_experience":333491,"relics_obtained":[{"floor":7.0,"key":"PreservedInsect"},{"floor":9.0,"key":"Blood Vial"},{"floor":25,"key":"Darkstone Periapt"},{"floor":26,"key":"Bottled Lightning"},{"floor":41,"key":"Orichalcum"},{"floor":43,"key":"Anchor"}],"event_choices":[{"damage_healed":0.0,"max_hp_gain":0.0,"max_hp_loss":0.0,"gold_gain":0.0,"event_name":"Liars Game","player_choice":"Ignored","floor":2.0,"gold_loss":0.0,"damage_taken":0.0},{"damage_healed":0.0,"max_hp_gain":5.0,"max_hp_loss":0.0,"gold_gain":0.0,"event_name":"Big Fish","player_choice":"Donut","floor":4.0,"gold_loss":0.0,"damage_taken":0.0},{"damage_healed":0,"gold_gain":75,"player_choice":"Touch","damage_taken":8,"max_hp_gain":0,"max_hp_loss":0,"event_name":"FaceTrader","floor":19,"gold_loss":0},{"damage_healed":0,"gold_gain":0,"player_choice":"Became a vampire (Vial)","damage_taken":0,"max_hp_gain":0,"max_hp_loss":0,"event_name":"Vampires","floor":20,"relics_lost":["Blood Vial"],"gold_loss":0,"cards_obtained":["Bite","Bite","Bite","Bite","Bite"]},{"damage_healed":0,"gold_gain":0,"player_choice":"Opened","damage_taken":0,"relics_obtained":["Tiny Chest"],"max_hp_gain":0,"max_hp_loss":0,"event_name":"The Mausoleum","floor":21,"gold_loss":0,"cards_obtained":["Writhe"]},{"damage_healed":0,"gold_gain":100,"player_choice":"Pray","damage_taken":0,"max_hp_gain":0,"max_hp_loss":0,"event_name":"Golden Shrine","floor":38,"gold_loss":0}],"is_beta":false,"boss_relics":[{"not_picked":["Mark of Pain","Cursed Key"],"picked":"Busted Crown"},{"not_picked":["Empty Cage","Black Star"],"picked":"Coffee Dripper"}],"items_purged_floors":[29,37],"is_endless":false,"potions_floor_spawned":[1,3,5,16,28,30,35,36,41,44,48],"ascension_level":0}