{"gold_per_floor":[114,38,53,53,68,68,45,45,120,135,310,325,340,355,355,455,455,470,485,584,619,0,0,15,50,50,65,80,42,42,77,77,77],"floor_reached":33,"playtime":2730,"items_purged":[],"score":245,"play_id":"adba0ab0-18f9-4437-8689-735d6d607903","local_time":"20190831120322","daily_mods":["Cursed Run","Colorless Cards","Night Terrors"],"is_ascension_mode":false,"campfire_choices":[{"data":"Rebound","floor":6,"key":"SMITH"},{"floor":15,"key":"REST"},{"floor":23,"key":"REST"},{"floor":30,"key":"REST"},{"floor":32,"key":"REST"}],"neow_cost":"","seed_source_timestamp":0,"circlet_count":0,"master_deck":["Strike_B","Strike_B","Strike_B","Strike_B","Defend_B","Defend_B","Defend_B","Defend_B","Zap","Dualcast","Redo","Rebound+1","Conserve Battery","Streamline+1","Coolheaded","Coolheaded","Doubt","Fusion","Doubt","Rip and Tear","Blizzard","Ball Lightning","Shame","HandOfGreed","Stack","Conserve Battery","Gash","Rebound","Cold Snap+1","Regret","Redo+1","Beam Cell+1","Loop","Conserve Battery+1"],"special_seed":18139,"relics":["Cursed Key","Darkstone Periapt","Du-Vu Doll","Shuriken","Inserter","Dodecahedron"],"potions_floor_usage":[16,16,19,21],"damage_taken":[{"damage":6,"enemies":"Jaw Worm","floor":1,"turns":4},{"damage":2,"enemies":"Small Slimes","floor":3,"turns":4},{"damage":0,"enemies":"2 Louse","floor":5,"turns":2},{"damage":26,"enemies":"Exordium Thugs","floor":10,"turns":5},{"damage":8,"enemies":"Lots of Slimes","floor":12,"turns":7},{"damage":15,"enemies":"Blue Slaver","floor":13,"turns":3},{"damage":10,"enemies":"Exordium Wildlife","floor":14,"turns":4},{"damage":45,"enemies":"Hexaghost","floor":16,"turns":8},{"damage":56,"enemies":"2 Thieves","floor":18,"turns":4},{"damage":6,"enemies":"Chosen","floor":19,"turns":4},{"damage":27,"enemies":"Snecko","floor":21,"turns":6},{"damage":41,"enemies":"Sentry and Sphere","floor":24,"turns":6},{"damage":33,"enemies":"3 Cultists","floor":25,"turns":6},{"damage":8,"enemies":"Snecko","floor":27,"turns":5},{"damage":7,"enemies":"Centurion and Healer","floor":28,"turns":6},{"damage":45,"enemies":"Snake Plant","floor":31,"turns":5},{"damage":88,"enemies":"Champ","floor":33,"turns":9}],"seed_played":"3072379426112913106","potions_obtained":[{"floor":3,"key":"Poison Potion"},{"floor":5,"key":"FearPotion"},{"floor":13,"key":"Regen Potion"},{"floor":16,"key":"Fire Potion"},{"floor":24,"key":"SteroidPotion"},{"floor":27,"key":"PowerPotion"},{"floor":31,"key":"Regen Potion"}],"is_trial":false,"path_per_floor":["M","$","M","?","M","R","$","?","T","M","?","M","M","M","R","B",null,"M","M","?","M","?","R","M","M","T","M","M","$","R","M","R","B"],"character_chosen":"DEFECT","items_purchased":["Rebound","Conserve Battery","Coolheaded","Loop"],"campfire_rested":4,"item_purchase_floors":[2,2,7,29],"current_hp_per_floor":[69,69,67,67,67,67,67,72,78,52,58,50,35,25,87,57,93,37,31,31,4,4,88,47,14,20,12,5,5,89,44,84,0],"gold":77,"neow_bonus":"","is_prod":false,"is_daily":true,"chose_seed":false,"campfire_upgraded":1,"win_rate":0.0,"timestamp":1567271002,"path_taken":["M","$","M","?","M","R","$","?","T","M","?","M","M","M","R","BOSS","M","M","?","M","?","R","M","?","T","M","M","?","R","M","R","BOSS"],"build_version":"2019-07-17","purchased_purges":0,"victory":false,"max_hp_per_floor":[75,75,75,75,75,75,75,80,86,86,92,92,92,92,87,93,93,93,93,93,93,93,88,88,88,94,94,94,94,89,89,84,84],"card_choices":[{"not_picked":["Self Repair","Storm"],"picked":"Redo","floor":1},{"not_picked":["Beam Cell","Stack"],"picked":"Streamline","floor":3},{"not_picked":["Steam","Gash"],"picked":"Coolheaded","floor":5},{"not_picked":["Hologram","Secret Weapon"],"picked":"Fusion","floor":10},{"not_picked":["PanicButton","Leap"],"picked":"Rip and Tear","floor":12},{"not_picked":["Compile Driver","Skim"],"picked":"Blizzard","floor":13},{"not_picked":["Turbo","Chaos"],"picked":"Ball Lightning","floor":14},{"not_picked":["Reboot","Creative AI"],"picked":"HandOfGreed","floor":16},{"not_picked":["Steam","Gash"],"picked":"Stack","floor":18},{"not_picked":["Redo","Flash of Steel"],"picked":"Conserve Battery","floor":19},{"not_picked":["Coolheaded+1","HandOfGreed"],"picked":"Gash","floor":21},{"not_picked":["Stack","Coolheaded"],"picked":"Rebound","floor":24},{"not_picked":["Conserve Battery","Fusion+1"],"picked":"Cold Snap+1","floor":25},{"not_picked":["Steam Power","Heatsinks"],"picked":"Redo+1","floor":27},{"not_picked":["Defragment","Deep Breath"],"picked":"Beam Cell+1","floor":28},{"not_picked":["Buffer","Compile Driver"],"picked":"Conserve Battery+1","floor":31}],"player_experience":27467,"relics_obtained":[{"floor":9,"key":"Shuriken"},{"floor":26,"key":"Dodecahedron"}],"event_choices":[{"damage_healed":0,"gold_gain":0,"player_choice":"Grow","damage_taken":0,"max_hp_gain":0,"max_hp_loss":0,"event_name":"Living Wall","floor":4,"gold_loss":0,"cards_upgraded":["Streamline"]},{"damage_healed":0,"gold_gain":0,"player_choice":"Donut","damage_taken":0,"max_hp_gain":5,"max_hp_loss":0,"event_name":"Big Fish","floor":8,"gold_loss":0},{"damage_healed":0,"gold_gain":175,"player_choice":"AGREE","damage_taken":0,"max_hp_gain":0,"max_hp_loss":0,"event_name":"Liars Game","floor":11,"gold_loss":0,"cards_obtained":["Doubt"]},{"damage_healed":0,"gold_gain":99,"player_choice":"Stole From Cult","damage_taken":0,"max_hp_gain":0,"max_hp_loss":0,"event_name":"Nest","floor":20,"gold_loss":0},{"damage_healed":0,"gold_gain":0,"player_choice":"Paid Fearfully","damage_taken":0,"max_hp_gain":0,"max_hp_loss":0,"event_name":"Masked Bandits","floor":22,"gold_loss":619}],"is_beta":false,"boss_relics":[{"not_picked":["White Beast Statue","Lizard Tail"],"picked":"Inserter"}],"items_purged_floors":[],"is_endless":false,"potions_floor_spawned":[3,5,13,16,24,27,31],"killed_by":"Champ","ascension_level":0}