{"gold_per_floor":[118,118,118,135,154,179,192,44,93,109,119,137,137,154,154,255,255,255,155,95,95,95,95,95,95,95,95,95,95,95,95,95,95,95,95,23,23,23,23,23,23,23,23,23,23,23,23,23,23,23],"floor_reached":51,"playtime":3106,"items_purged":["Strike_R","Strike_R"],"score":727,"play_id":"3b96808e-94f8-4833-bcae-515cac6b118b","local_time":"20180927004808","is_ascension_mode":false,"campfire_choices":[{"data":"True Grit","floor":13.0,"key":"SMITH"},{"data":"Disarm","floor":15.0,"key":"SMITH"},{"data":"Barricade","floor":27.0,"key":"SMITH"},{"data":"Metallicize","floor":32.0,"key":"SMITH"},{"data":"True Grit","floor":40.0,"key":"SMITH"},{"floor":47.0,"key":"REST"},{"floor":49.0,"key":"REST"}],"neow_cost":"NONE","seed_source_timestamp":447058207476461,"circlet_count":0,"master_deck":["Strike_R+1","Strike_R+1","Strike_R+1","Defend_R+1","Defend_R+1","Defend_R+1","Defend_R+1","Bash+1","Sword Boomerang","Disarm+1","Flame Barrier","True Grit+1","Disarm+1","Metallicize+1","Shrug It Off","Body Slam","Barricade+1","True Grit+1","Body Slam","Armaments+1","Metallicize","Shrug It Off+1","Battle Trance","Juggernaut+1","Warcry+1","True Grit","Madness","Madness","Dual Wield+1"],"special_seed":0,"relics":["Burning Blood","NeowsBlessing","Bottled Lightning","Potion Belt","Ectoplasm","War Paint","Omamori","Frozen Egg 2","Mark of Pain","CultistMask","Orichalcum"],"potions_floor_usage":[],"damage_taken":[{"damage":0.0,"enemies":"Small Slimes","floor":1.0,"turns":1.0},{"damage":0.0,"enemies":"Cultist","floor":4.0,"turns":1.0},{"damage":0.0,"enemies":"2 Louse","floor":5.0,"turns":1.0},{"damage":19.0,"enemies":"Lagavulin","floor":6.0,"turns":5.0},{"damage":0.0,"enemies":"Blue Slaver","floor":7.0,"turns":5.0},{"damage":11.0,"enemies":"Lots of Slimes","floor":10.0,"turns":6.0},{"damage":25.0,"enemies":"Gremlin Gang","floor":11.0,"turns":7.0},{"damage":0.0,"enemies":"Blue Slaver","floor":12.0,"turns":5.0},{"damage":0.0,"enemies":"Large Slime","floor":14.0,"turns":22.0},{"damage":0.0,"enemies":"The Guardian","floor":16.0,"turns":15.0},{"damage":10.0,"enemies":"Shell Parasite","floor":18.0,"turns":7.0},{"damage":3.0,"enemies":"2 Thieves","floor":20.0,"turns":4.0},{"damage":13.0,"enemies":"Cultist and Chosen","floor":21.0,"turns":10.0},{"damage":14.0,"enemies":"Centurion and Healer","floor":22.0,"turns":9.0},{"damage":1.0,"enemies":"Book of Stabbing","floor":23.0,"turns":9.0},{"damage":13.0,"enemies":"Sentry and Sphere","floor":25.0,"turns":9.0},{"damage":0.0,"enemies":"Snake Plant","floor":29.0,"turns":6.0},{"damage":7.0,"enemies":"Snecko","floor":31.0,"turns":7.0},{"damage":17.0,"enemies":"Automaton","floor":33.0,"turns":10.0},{"damage":15.0,"enemies":"3 Darklings","floor":35.0,"turns":7.0},{"damage":0.0,"enemies":"Orb Walker","floor":37.0,"turns":4.0},{"damage":0.0,"enemies":"Reptomancer","floor":39.0,"turns":1.0},{"damage":22.0,"enemies":"Spire Growth","floor":44.0,"turns":7.0},{"damage":21.0,"enemies":"Sphere and 2 Shapes","floor":45.0,"turns":8.0},{"damage":20.0,"enemies":"Transient","floor":48.0,"turns":5.0},{"damage":74,"enemies":"Donu and Deca","floor":50,"turns":14}],"seed_played":"-2601277680158528540","potions_obtained":[{"floor":1.0,"key":"AttackPotion"},{"floor":5.0,"key":"Poison Potion"},{"floor":10.0,"key":"SpeedPotion"},{"floor":12.0,"key":"Strength Potion"},{"floor":14.0,"key":"Energy Potion"},{"floor":18.0,"key":"Ancient Potion"},{"floor":20.0,"key":"SmokeBomb"},{"floor":23.0,"key":"Fire Potion"},{"floor":31.0,"key":"FairyPotion"},{"floor":44.0,"key":"AttackPotion"}],"is_trial":false,"path_per_floor":["M","?","?","M","M","E","M","$","T","M","M","M","R","M","R","B",null,"M","$","M","M","M","E","?","M","T","R","?","M","T","M","R","B",null,"M","$","M","?","M","R","?","?","T","M","M","$","R","M","R","B"],"character_chosen":"IRONCLAD","items_purchased":["Metallicize","True Grit","Block Potion"],"campfire_rested":2,"item_purchase_floors":[8,36,36],"current_hp_per_floor":[80,80,64,70,76,63,69,69,69,64,45,51,51,57,57,63,80,76,76,79,72,64,69,69,62,62,62,62,68,68,67,67,56,80,71,71,77,77,80,80,80,70,70,54,42,42,66,52,76,8],"gold":23,"neow_bonus":"THREE_ENEMY_KILL","is_prod":false,"is_daily":false,"chose_seed":false,"campfire_upgraded":5,"win_rate":1,"timestamp":1537976888,"path_taken":["M","?","?","M","?","E","M","$","T","M","M","M","R","M","R","BOSS","M","$","M","M","M","E","?","M","T","R","?","M","?","M","R","BOSS","M","$","M","?","M","R","?","?","T","M","M","?","R","M","R","BOSS"],"build_version":"2018-09-20","purchased_purges":2,"victory":true,"max_hp_per_floor":[80,80,80,80,80,80,80,80,80,80,80,80,80,80,80,80,80,80,80,80,80,80,80,80,80,80,80,80,80,80,80,80,80,80,80,80,80,80,80,80,80,80,80,80,83,83,83,83,83,83],"card_choices":[{"not_picked":["Perfected Strike","Blood for Blood"],"picked":"Sword Boomerang","floor":1.0},{"not_picked":["Body Slam","Rage"],"picked":"Disarm","floor":4.0},{"not_picked":["Intimidate","Headbutt"],"picked":"Flame Barrier","floor":5.0},{"not_picked":["Searing Blow","Headbutt"],"picked":"True Grit","floor":6.0},{"not_picked":["Cleave","Perfected Strike"],"picked":"Disarm","floor":7.0},{"not_picked":["Pummel","Clothesline"],"picked":"Shrug It Off","floor":10.0},{"not_picked":["Anger","Blood for Blood","Combust"],"picked":"SKIP","floor":11.0},{"not_picked":["Sword Boomerang","Sever Soul","Iron Wave"],"picked":"SKIP","floor":12.0},{"not_picked":["Corruption","Carnage"],"picked":"Body Slam","floor":14.0},{"not_picked":["Reaper","Fiend Fire"],"picked":"Barricade","floor":16.0},{"not_picked":["Pommel Strike","Rage","Clothesline"],"picked":"SKIP","floor":18.0},{"not_picked":["Feel No Pain+1","Warcry"],"picked":"True Grit","floor":20.0},{"not_picked":["Perfected Strike","Reckless Charge"],"picked":"Body Slam","floor":21.0},{"not_picked":["Pommel Strike","Flex"],"picked":"Armaments","floor":22.0},{"not_picked":["Flame Barrier","Shrug It Off"],"picked":"Metallicize","floor":23.0},{"not_picked":["True Grit","Iron Wave","Cleave+1"],"picked":"SKIP","floor":25.0},{"not_picked":["Flex","Whirlwind"],"picked":"Shrug It Off+1","floor":29.0},{"not_picked":["Seeing Red","Clothesline+1"],"picked":"Battle Trance","floor":31.0},{"not_picked":["Berserk+1","Limit Break"],"picked":"Juggernaut+1","floor":33.0},{"not_picked":["Corruption+1","Spot Weakness+1"],"picked":"Warcry+1","floor":35.0},{"not_picked":["Carnage","Clothesline","Heavy Blade"],"picked":"SKIP","floor":37.0},{"not_picked":["Thunderclap+1","Spot Weakness","Sword Boomerang"],"picked":"SKIP","floor":44.0},{"not_picked":["Thunderclap","Seeing Red","Body Slam"],"picked":"SKIP","floor":45.0},{"not_picked":["Headbutt+1","Inflame+1"],"picked":"Dual Wield+1","floor":48.0}],"player_experience":70622,"relics_obtained":[{"floor":6.0,"key":"Bottled Lightning"},{"floor":9.0,"key":"Potion Belt"},{"floor":23.0,"key":"War Paint"},{"floor":26.0,"key":"Omamori"},{"floor":30.0,"key":"Frozen Egg 2"},{"floor":43.0,"key":"Orichalcum"}],"event_choices":[{"event_name":"Upgrade Shrine","player_choice":"Upgraded","floor":2.0,"damage_taken":0.0},{"event_name":"Shining Light","player_choice":"Entered Light","floor":3.0,"damage_taken":0.0},{"event_name":"Back to Basics","player_choice":"Simplicity","floor":24.0,"damage_taken":0.0},{"event_name":"Accursed Blacksmith","player_choice":"Forge","floor":28.0,"damage_taken":0.0},{"event_name":"SecretPortal","player_choice":"Rejected Portal.","floor":38.0,"damage_taken":0.0},{"event_name":"FaceTrader","player_choice":"Trade","floor":41.0,"damage_taken":0.0},{"event_name":"Winding Halls","player_choice":"Embrace Madness","floor":42.0,"damage_taken":0.0}],"is_beta":false,"boss_relics":[{"not_picked":["Tiny House","Runic Pyramid"],"picked":"Ectoplasm"},{"not_picked":["Philosopher\u0027s Stone","Astrolabe"],"picked":"Mark of Pain"}],"items_purged_floors":[8,19],"is_endless":false,"potions_floor_spawned":[1,5,10,12,14,18,20,23,31,39,44],"ascension_level":0}