{"gold_per_floor":[366,381,392,403,403,403,179,179,179,179,220,220,296,41,41,164,164,185,208,208,307,104,127,165,165,165,165,190,16,37,52,52,176,176,199,220,70,91,106,106,147,147,171,187,200,500,519,535,535,535],"floor_reached":50,"playtime":2483,"items_purged":["Regret","Strike_B","Strike_B","Strike_B"],"score":521,"play_id":"efc6d860-984d-49fa-a18a-784a4ca34fd6","local_time":"20190901124123","is_ascension_mode":false,"campfire_choices":[{"data":"Zap","floor":6,"key":"SMITH"},{"data":"Dualcast","floor":8,"key":"SMITH"},{"floor":12,"key":"REST"},{"floor":15,"key":"REST"},{"floor":25,"key":"REST"},{"data":"Darkness","floor":27,"key":"SMITH"},{"data":"Defragment","floor":32,"key":"SMITH"},{"data":"Echo Form","floor":40,"key":"SMITH"},{"data":"Leap","floor":42,"key":"SMITH"},{"floor":49,"key":"REST"}],"neow_cost":"CURSE","seed_source_timestamp":1601638664211446,"circlet_count":0,"master_deck":["Strike_B+1","Defend_B","Defend_B","Defend_B","Defend_B","Zap+1","Dualcast+1","Darkness+1","Genetic Algorithm","Leap+1","Sweeping Beam+1","BootSequence+1","Echo Form+1","Reboot+1","Doom and Gloom+1","Steam+1","Steam+1","Hologram+1","Defragment+1","Seek+1","Electrodynamics","Parasite"],"relics":["Cracked Core","Golden Idol","Oddly Smooth Stone","Toxic Egg 2","Mercury Hourglass","Potion Belt","Strawberry","Velvet Choker","Whetstone","Bronze Scales","Pen Nib","Orrery","Ancient Tea Set","Centennial Puzzle"],"potions_floor_usage":[13,24,33,45,50,50,50,50,50],"damage_taken":[{"damage":7,"enemies":"2 Louse","floor":1,"turns":2},{"damage":8,"enemies":"Jaw Worm","floor":2,"turns":4},{"damage":4,"enemies":"Small Slimes","floor":3,"turns":4},{"damage":3,"enemies":"2 Fungi Beasts","floor":4,"turns":4},{"damage":7,"enemies":"Lagavulin","floor":11,"turns":6},{"damage":36,"enemies":"Gremlin Nob","floor":13,"turns":5},{"damage":24,"enemies":"Hexaghost","floor":16,"turns":10},{"damage":0,"enemies":"3 Byrds","floor":18,"turns":3},{"damage":10,"enemies":"Spheric Guardian","floor":19,"turns":4},{"damage":14,"enemies":"Centurion and Healer","floor":23,"turns":4},{"damage":22,"enemies":"Gremlin Leader","floor":24,"turns":6},{"damage":0,"enemies":"3 Cultists","floor":28,"turns":3},{"damage":3,"enemies":"Cultist and Chosen","floor":30,"turns":5},{"damage":10,"enemies":"Sentry and Sphere","floor":31,"turns":5},{"damage":22,"enemies":"Automaton","floor":33,"turns":7},{"damage":16,"enemies":"3 Darklings","floor":35,"turns":3},{"damage":0,"enemies":"3 Shapes","floor":36,"turns":3},{"damage":13,"enemies":"Sphere and 2 Shapes","floor":38,"turns":4},{"damage":2,"enemies":"3 Darklings","floor":39,"turns":4},{"damage":8,"enemies":"Giant Head","floor":41,"turns":8},{"damage":10,"enemies":"Writhing Mass","floor":44,"turns":5},{"damage":11,"enemies":"Transient","floor":45,"turns":5},{"damage":0,"enemies":"3 Darklings","floor":47,"turns":4},{"damage":6,"enemies":"4 Shapes","floor":48,"turns":3},{"damage":40,"enemies":"Time Eater","floor":50,"turns":7}],"seed_played":"7932288274482496925","potions_obtained":[{"floor":2,"key":"Fire Potion"},{"floor":3,"key":"FocusPotion"},{"floor":11,"key":"Explosive Potion"},{"floor":19,"key":"SpeedPotion"},{"floor":23,"key":"PowerPotion"},{"floor":30,"key":"Strength Potion"},{"floor":44,"key":"Block Potion"},{"floor":45,"key":"Dexterity Potion"},{"floor":47,"key":"Ancient Potion"}],"is_trial":false,"path_per_floor":["M","M","M","M","?","R","$","R","T","?","E","R","?","$","R","B",null,"M","M","?","?","$","M","E","R","T","R","M","$","M","M","R","B",null,"M","M","$","M","M","R","E","R","T","M","M","?","M","M","R","B"],"character_chosen":"DEFECT","items_purchased":["Oddly Smooth Stone","Strawberry","Steam+1","Whetstone","Hologram+1"],"campfire_rested":4,"item_purchase_floors":[7,14,22,22,29],"current_hp_per_floor":[68,60,56,53,35,35,35,35,35,35,28,50,14,21,45,21,82,82,72,72,72,72,58,36,60,60,60,60,60,57,47,47,25,82,66,66,66,53,51,51,43,43,43,33,22,22,22,16,40,0],"gold":535,"neow_bonus":"TWO_FIFTY_GOLD","is_prod":false,"is_daily":false,"chose_seed":false,"campfire_upgraded":6,"win_rate":0,"timestamp":1567334483,"path_taken":["M","M","M","M","?","R","$","R","T","?","E","R","?","$","R","BOSS","M","M","?","?","$","M","E","R","T","R","M","?","M","M","R","BOSS","M","M","$","M","M","R","E","R","T","M","M","?","?","M","R","BOSS"],"build_version":"2019-07-17","purchased_purges":4,"victory":false,"max_hp_per_floor":[75,75,75,75,75,75,75,75,75,75,75,75,75,82,82,82,82,82,82,82,82,82,82,82,82,82,82,82,82,82,82,82,82,82,82,82,82,82,82,82,82,82,82,82,82,82,82,82,82,82],"card_choices":[{"not_picked":["Steam Power","Scrape"],"picked":"Darkness","floor":1},{"not_picked":["Conserve Battery","Rebound"],"picked":"Genetic Algorithm","floor":2},{"not_picked":["Gash","Redo"],"picked":"Leap","floor":3},{"not_picked":["Barrage","Compile Driver"],"picked":"Sweeping Beam","floor":4},{"not_picked":["Turbo+1","Tempest+1"],"picked":"BootSequence+1","floor":11},{"not_picked":["Steam+1","Turbo+1"],"picked":"Echo Form","floor":13},{"not_picked":["Amplify+1","Hyperbeam"],"picked":"Reboot+1","floor":16},{"not_picked":["Beam Cell+1","Aggregate+1"],"picked":"Doom and Gloom+1","floor":18},{"not_picked":["Undo+1","Loop","Heatsinks+1"],"picked":"SKIP","floor":19},{"not_picked":["Conserve Battery+1","Compile Driver","Redo+1"],"picked":"SKIP","floor":23},{"not_picked":["Turbo+1","Ball Lightning+1","Hello World"],"picked":"SKIP","floor":24},{"not_picked":["Turbo+1","Glacier+1"],"picked":"Steam+1","floor":28},{"not_picked":["Sweeping Beam","Turbo+1"],"picked":"Defragment","floor":30},{"not_picked":["Amplify+1","Melter+1","Compile Driver"],"picked":"SKIP","floor":31},{"not_picked":["Meteor Strike","Hyperbeam"],"picked":"Seek+1","floor":33},{"not_picked":["Steam+1","Hologram+1"],"picked":"Electrodynamics","floor":34},{"not_picked":["Redo+1","Rebound+1","Go for the Eyes"],"picked":"SKIP","floor":35},{"not_picked":["Creative AI","Conserve Battery+1","Ball Lightning+1"],"picked":"SKIP","floor":36},{"not_picked":["Ball Lightning+1","Hologram+1","Skim+1"],"picked":"SKIP","floor":38},{"not_picked":["Ball Lightning","Doom and Gloom","Coolheaded+1"],"picked":"SKIP","floor":39},{"not_picked":["Hello World+1","Ball Lightning+1","Go for the Eyes+1"],"picked":"SKIP","floor":41},{"not_picked":["Go for the Eyes+1","Beam Cell","Streamline+1"],"picked":"SKIP","floor":44},{"not_picked":["Cold Snap+1","Recycle+1","Sweeping Beam"],"picked":"SKIP","floor":45},{"not_picked":["Auto Shields+1","Hologram+1","Steam+1"],"picked":"SKIP","floor":47},{"not_picked":["Skim+1","Undo+1","Steam+1"],"picked":"SKIP","floor":48}],"player_experience":120948,"relics_obtained":[{"floor":9,"key":"Toxic Egg 2"},{"floor":11,"key":"Mercury Hourglass"},{"floor":13,"key":"Potion Belt"},{"floor":24,"key":"Bronze Scales"},{"floor":26,"key":"Pen Nib"},{"floor":41,"key":"Ancient Tea Set"},{"floor":43,"key":"Centennial Puzzle"}],"event_choices":[{"damage_healed":0,"gold_gain":0,"player_choice":"Take Damage","damage_taken":18,"relics_obtained":["Golden Idol"],"max_hp_gain":0,"max_hp_loss":0,"event_name":"Golden Idol","floor":5,"gold_loss":0},{"damage_healed":0,"gold_gain":0,"player_choice":"Ignored","damage_taken":0,"max_hp_gain":0,"max_hp_loss":0,"event_name":"Shining Light","floor":10,"gold_loss":0},{"damage_healed":0,"gold_gain":0,"player_choice":"Searched \u00271\u0027 times","damage_taken":0,"max_hp_gain":0,"max_hp_loss":0,"event_name":"Dead Adventurer","floor":13,"gold_loss":0},{"damage_healed":0,"gold_gain":0,"player_choice":"Ignored","damage_taken":0,"max_hp_gain":0,"max_hp_loss":0,"event_name":"Vampires","floor":20,"gold_loss":0},{"damage_healed":0,"gold_gain":99,"player_choice":"Stole From Cult","damage_taken":0,"max_hp_gain":0,"max_hp_loss":0,"event_name":"Nest","floor":21,"gold_loss":0},{"damage_healed":0,"gold_gain":300,"player_choice":"Gold","damage_taken":0,"max_hp_gain":0,"max_hp_loss":0,"event_name":"Wheel of Change","floor":46,"gold_loss":0}],"is_beta":false,"boss_relics":[{"not_picked":["Calling Bell","Cursed Key"],"picked":"Velvet Choker"},{"not_picked":["Runic Dome","Runic Pyramid"],"picked":"Orrery"}],"items_purged_floors":[7,14,29,37],"is_endless":false,"potions_floor_spawned":[2,3,11,19,23,30,31,38,44,45,47],"killed_by":"Time Eater","ascension_level":0}