{"gold_per_floor":[12,31,31,47,47,47,61,104,104,104,104,123,147,165,165,293,356,380,223,241,60,60,60],"floor_reached":23,"playtime":1434,"items_purged":["Strike_R"],"score":193,"play_id":"48c0bf75-a619-432e-896e-703e1c8419e0","local_time":"20190831170543","is_ascension_mode":false,"campfire_choices":[{"data":"Flex","floor":6,"key":"SMITH"},{"floor":10,"key":"REST"},{"data":"Armaments","floor":15,"key":"SMITH"}],"neow_cost":"NO_GOLD","seed_source_timestamp":617873360205798,"circlet_count":0,"master_deck":["Strike_R","Strike_R","Strike_R","Strike_R+1","Defend_R","Defend_R","Defend_R","Defend_R","Bash","Hemokinesis+1","Flex+1","Perfected Strike","Headbutt","Clash","Armaments+1","Pommel Strike","Pommel Strike","Impervious","Anger","Armaments","Immolate","Flex","Rupture","Flex","Searing Blow"],"relics":["Burning Blood","Torii","Golden Idol","Bag of Marbles","Ornamental Fan","Tiny House"],"potions_floor_usage":[4,16,16],"damage_taken":[{"damage":2,"enemies":"Small Slimes","floor":1,"turns":6},{"damage":8,"enemies":"Jaw Worm","floor":2,"turns":4},{"damage":1,"enemies":"Cultist","floor":4,"turns":3},{"damage":6,"enemies":"Exordium Thugs","floor":7,"turns":4},{"damage":18,"enemies":"Gremlin Nob","floor":8,"turns":4},{"damage":5,"enemies":"Large Slime","floor":12,"turns":5},{"damage":2,"enemies":"3 Louse","floor":13,"turns":2},{"damage":4,"enemies":"Gremlin Gang","floor":14,"turns":3},{"damage":58,"enemies":"Hexaghost","floor":16,"turns":10},{"damage":18,"enemies":"Spheric Guardian","floor":18,"turns":4},{"damage":10,"enemies":"3 Byrds","floor":20,"turns":3},{"damage":84,"enemies":"Gremlin Leader","floor":23,"turns":5}],"seed_played":"-2160279294787696379","potions_obtained":[{"floor":1,"key":"LiquidBronze"},{"floor":2,"key":"Fruit Juice"},{"floor":7,"key":"Dexterity Potion"},{"floor":16,"key":"Block Potion"},{"floor":17,"key":"EssenceOfSteel"},{"floor":20,"key":"LiquidBronze"}],"is_trial":false,"path_per_floor":["M","M","?","M","?","R","M","E","T","R","$","M","M","M","R","B",null,"M","$","M","$","?","E"],"character_chosen":"IRONCLAD","items_purchased":["Immolate","Rupture","Flex","Searing Blow"],"campfire_rested":1,"item_purchase_floors":[19,21,21,21],"current_hp_per_floor":[80,78,58,68,68,68,68,56,56,81,81,82,85,85,85,33,90,78,78,74,74,74,0],"gold":60,"neow_bonus":"ONE_RARE_RELIC","is_prod":false,"is_daily":false,"chose_seed":false,"campfire_upgraded":2,"win_rate":0.0,"timestamp":1567289143,"path_taken":["M","M","?","M","?","R","M","E","T","R","?","?","M","M","R","BOSS","M","?","M","$","?","E"],"build_version":"2019-07-17","purchased_purges":1,"victory":false,"max_hp_per_floor":[80,80,80,85,85,85,85,85,85,85,85,85,85,85,85,85,90,90,90,90,90,90,90],"card_choices":[{"not_picked":["Infernal Blade","Rage"],"picked":"Hemokinesis","floor":1},{"not_picked":["Infernal Blade","Warcry"],"picked":"Flex","floor":2},{"not_picked":["Flame Barrier","Evolve"],"picked":"Perfected Strike","floor":4},{"not_picked":["Thunderclap","True Grit"],"picked":"Headbutt","floor":7},{"not_picked":["Dual Wield","True Grit"],"picked":"Clash","floor":8},{"not_picked":["Twin Strike","Headbutt"],"picked":"Armaments","floor":12},{"not_picked":["Bloodletting","Armaments"],"picked":"Pommel Strike","floor":13},{"not_picked":["Rupture","Perfected Strike"],"picked":"Pommel Strike","floor":14},{"not_picked":["Immolate","Brutality"],"picked":"Impervious","floor":16},{"not_picked":["True Grit","Sword Boomerang"],"picked":"Anger","floor":17},{"not_picked":["Bloodletting","Twin Strike+1"],"picked":"Armaments","floor":18},{"not_picked":["Body Slam","Blood for Blood"],"picked":"Flex","floor":20}],"player_experience":44920,"relics_obtained":[{"floor":8,"key":"Bag of Marbles"},{"floor":9,"key":"Ornamental Fan"}],"event_choices":[{"damage_healed":0,"gold_gain":0,"player_choice":"Take Damage","damage_taken":20,"relics_obtained":["Golden Idol"],"max_hp_gain":0,"max_hp_loss":0,"event_name":"Golden Idol","floor":3,"gold_loss":0},{"damage_healed":0,"gold_gain":0,"player_choice":"Grow","damage_taken":0,"max_hp_gain":0,"max_hp_loss":0,"event_name":"Living Wall","floor":5,"gold_loss":0,"cards_upgraded":["Hemokinesis"]},{"damage_healed":0,"gold_gain":0,"player_choice":"Ignored","damage_taken":0,"max_hp_gain":0,"max_hp_loss":0,"event_name":"Ghosts","floor":22,"gold_loss":0}],"is_beta":false,"boss_relics":[{"not_picked":["Cursed Key","Snecko Eye"],"picked":"Tiny House"}],"items_purged_floors":[19],"is_endless":false,"potions_floor_spawned":[1,2,7,16,20],"killed_by":"Gremlin Leader","ascension_level":0}