{"gold_per_floor":[113,188,188,208,228,228,262,262,262,300,300,315,84,54,54,173,173,191,63,77,77],"floor_reached":21,"playtime":1630,"items_purged":["Strike_R"],"score":187,"play_id":"e83f69b1-21ec-4768-956c-64bc99bfe181","local_time":"20190831132136","is_ascension_mode":false,"campfire_choices":[{"data":"Rampage","floor":6,"key":"SMITH"},{"floor":15,"key":"REST"}],"neow_cost":"NONE","seed_source_timestamp":604224323808788,"circlet_count":0,"master_deck":["Strike_R","Strike_R","Strike_R","Strike_R","Defend_R","Defend_R","Defend_R","Defend_R","Bash","Headbutt","Rampage+1","Perfected Strike","Rupture","Injury","Rampage","Headbutt","Demon Form","Heavy Blade+1","Inflame","Armaments","Flex+1"],"relics":["Burning Blood","Meat on the Bone","FossilizedHelix","Golden Idol","Oddly Smooth Stone","Bronze Scales","Potion Belt","Eternal Feather"],"potions_floor_usage":[16,16],"damage_taken":[{"damage":1,"enemies":"Jaw Worm","floor":1,"turns":5},{"damage":1,"enemies":"Cultist","floor":4,"turns":3},{"damage":7,"enemies":"2 Louse","floor":5,"turns":4},{"damage":51,"enemies":"Gremlin Nob","floor":7,"turns":5},{"damage":33,"enemies":"3 Sentries","floor":10,"turns":11},{"damage":0,"enemies":"Large Slime","floor":12,"turns":5},{"damage":21,"enemies":"Slime Boss","floor":16,"turns":8},{"damage":8,"enemies":"Chosen","floor":18,"turns":5},{"damage":42,"enemies":"Spheric Guardian","floor":20,"turns":6},{"damage":66,"enemies":"Chosen and Byrds","floor":21,"turns":6}],"seed_played":"9165513951687362428","potions_obtained":[{"floor":4,"key":"GamblersBrew"},{"floor":10,"key":"PowerPotion"},{"floor":11,"key":"Fire Potion"},{"floor":14,"key":"Fruit Juice"},{"floor":14,"key":"LiquidBronze"},{"floor":16,"key":"Explosive Potion"}],"is_trial":false,"path_per_floor":["M","?","T","M","M","R","E","?","T","E","?","M","$","?","R","B",null,"M","$","M","M"],"character_chosen":"IRONCLAD","items_purchased":["Potion Belt","Inflame","Armaments"],"campfire_rested":1,"item_purchase_floors":[13,19,19],"current_hp_per_floor":[88,77,77,82,81,81,48,48,48,33,33,51,51,51,77,67,93,91,91,55,0],"gold":77,"neow_bonus":"TEN_PERCENT_HP_BONUS","is_prod":false,"is_daily":false,"chose_seed":false,"campfire_upgraded":1,"win_rate":0.0,"timestamp":1567275696,"path_taken":["M","?","?","M","?","R","E","?","T","E","?","?","$","?","R","BOSS","M","?","M","M"],"build_version":"2019-07-17","purchased_purges":1,"victory":false,"max_hp_per_floor":[88,88,88,88,88,88,88,88,88,88,88,88,88,88,88,93,93,93,93,93,93],"card_choices":[{"not_picked":["Flex","Heavy Blade"],"picked":"Headbutt","floor":1},{"not_picked":["Rage","Reckless Charge"],"picked":"Rampage","floor":4},{"not_picked":["True Grit","Sever Soul"],"picked":"Perfected Strike","floor":5},{"not_picked":["Infernal Blade","Brutality"],"picked":"Rupture","floor":7},{"not_picked":["Feel No Pain","Sword Boomerang"],"picked":"Rampage","floor":10},{"not_picked":["Battle Trance","True Grit"],"picked":"Headbutt","floor":12},{"not_picked":["Double Tap","Dark Embrace"],"picked":"Demon Form","floor":16},{"not_picked":["Clash","Wild Strike"],"picked":"Heavy Blade+1","floor":18},{"not_picked":["True Grit","Wild Strike+1"],"picked":"Flex+1","floor":20}],"player_experience":32961,"relics_obtained":[{"floor":3,"key":"Meat on the Bone"},{"floor":7,"key":"FossilizedHelix"},{"floor":9,"key":"Oddly Smooth Stone"},{"floor":10,"key":"Bronze Scales"}],"event_choices":[{"damage_healed":0,"gold_gain":75,"player_choice":"Gather Gold","damage_taken":11,"max_hp_gain":0,"max_hp_loss":0,"event_name":"World of Goop","floor":2,"gold_loss":0},{"damage_healed":0,"gold_gain":0,"player_choice":"Take Wound","damage_taken":0,"relics_obtained":["Golden Idol"],"max_hp_gain":0,"max_hp_loss":0,"event_name":"Golden Idol","floor":8,"gold_loss":0,"cards_obtained":["Injury"]},{"damage_healed":0,"gold_gain":0,"player_choice":"Got Potions","damage_taken":0,"max_hp_gain":0,"max_hp_loss":0,"event_name":"Lab","floor":11,"gold_loss":0},{"damage_healed":0,"gold_gain":0,"player_choice":"Bought 2 Potions","damage_taken":0,"max_hp_gain":0,"max_hp_loss":0,"event_name":"The Woman in Blue","floor":14,"gold_loss":0}],"is_beta":false,"boss_relics":[{"not_picked":["Fusion Hammer","Runic Pyramid"],"picked":"Eternal Feather"}],"items_purged_floors":[13],"is_endless":false,"potions_floor_spawned":[4,10,16],"killed_by":"Chosen and Byrds","ascension_level":0}