{"gold_per_floor":[109,184,184,359,91,91,102,102,128,153,153,173,203,203,203,308,308,318,109,109,62,73,172,192,205,205,205,221,221,233,243,243,343,343,355,365,73,73],"floor_reached":38,"playtime":2493,"items_purged":["Defend_R"],"score":399,"play_id":"fe143e32-9703-4a8b-a053-dd5b8269c54c","local_time":"20190831164041","is_ascension_mode":false,"campfire_choices":[{"data":"Hemokinesis","floor":6,"key":"SMITH"},{"data":"Iron Wave","floor":8,"key":"SMITH"},{"data":"Offering","floor":11,"key":"SMITH"},{"data":"Spot Weakness","floor":15,"key":"SMITH"},{"floor":27,"key":"REST"},{"floor":29,"key":"REST"},{"floor":32,"key":"REST"}],"neow_cost":"NONE","seed_source_timestamp":615310912779782,"circlet_count":0,"master_deck":["Strike_R","Defend_R","Defend_R","Defend_R","Bash","Iron Wave","Doubt","Hemokinesis+1","Iron Wave+1","Offering+1","Spot Weakness+1","Second Wind","Limit Break","Clash+1","Shrug It Off","Reaper","Writhe","Pommel Strike","Armaments","Shrug It Off+1","Heavy Blade","Anger+1","Reaper","Feel No Pain+1","Armaments+1","Dropkick+1","Armaments+1","Metallicize"],"relics":["Burning Blood","NeowsBlessing","Centennial Puzzle","OrangePellets","Lantern","Blood Vial","Busted Crown","Happy Flower","Paper Frog","Astrolabe","Toxic Egg 2"],"potions_floor_usage":[25,25],"damage_taken":[{"damage":0,"enemies":"Cultist","floor":1,"turns":1},{"damage":0,"enemies":"Jaw Worm","floor":7,"turns":1},{"damage":2,"enemies":"Lagavulin","floor":10,"turns":1},{"damage":3,"enemies":"2 Louse","floor":12,"turns":3},{"damage":59,"enemies":"Slime Boss","floor":16,"turns":15},{"damage":31,"enemies":"2 Thieves","floor":18,"turns":3},{"damage":20,"enemies":"Shell Parasite","floor":22,"turns":4},{"damage":57,"enemies":"Sentry and Sphere","floor":24,"turns":8},{"damage":27,"enemies":"Snake Plant","floor":25,"turns":3},{"damage":23,"enemies":"Centurion and Healer","floor":28,"turns":8},{"damage":22,"enemies":"3 Cultists","floor":30,"turns":5},{"damage":40,"enemies":"Snake Plant","floor":31,"turns":4},{"damage":88,"enemies":"Automaton","floor":33,"turns":7},{"damage":21,"enemies":"3 Shapes","floor":35,"turns":4},{"damage":11,"enemies":"Orb Walker","floor":36,"turns":4},{"damage":81,"enemies":"2 Orb Walkers","floor":38,"turns":4}],"seed_played":"-6358064255111217390","potions_obtained":[{"floor":1,"key":"FearPotion"},{"floor":10,"key":"BloodPotion"},{"floor":12,"key":"FairyPotion"},{"floor":30,"key":"Dexterity Potion"},{"floor":31,"key":"Strength Potion"},{"floor":36,"key":"SpeedPotion"}],"is_trial":false,"path_per_floor":["M","?","T","?","$","R","M","R","T","E","R","M","?","?","R","B",null,"M","$","?","$","M","?","M","M","T","R","M","R","M","M","R","B",null,"M","M","$","?"],"character_chosen":"IRONCLAD","items_purchased":["OrangePellets","Hemokinesis","Shrug It Off","Reaper","Pommel Strike","Metallicize","Toxic Egg 2"],"campfire_rested":3,"item_purchase_floors":[5,5,19,19,21,37,37],"current_hp_per_floor":[80,69,69,69,69,69,75,75,75,79,79,80,80,80,80,27,80,55,55,55,55,43,43,12,25,25,49,42,66,64,36,60,15,80,77,80,80,0],"gold":73,"neow_bonus":"THREE_ENEMY_KILL","is_prod":false,"is_daily":false,"chose_seed":false,"campfire_upgraded":4,"win_rate":0.0,"timestamp":1567287641,"path_taken":["M","?","?","?","$","R","M","R","T","E","R","M","?","?","R","BOSS","M","$","?","$","M","?","M","M","T","R","M","R","M","M","R","BOSS","M","M","$","?"],"build_version":"2019-07-17","purchased_purges":1,"victory":false,"max_hp_per_floor":[80,80,80,80,80,80,80,80,80,80,80,80,80,80,80,80,80,80,80,80,80,80,80,80,80,80,80,80,80,80,80,80,80,80,80,80,80,80],"card_choices":[{"not_picked":["Uppercut","Wild Strike"],"picked":"Iron Wave","floor":1},{"not_picked":["Perfected Strike","Evolve"],"picked":"Iron Wave","floor":7},{"not_picked":["Combust","Reckless Charge"],"picked":"Offering","floor":10},{"not_picked":["Warcry","Perfected Strike"],"picked":"Spot Weakness","floor":12},{"not_picked":["Brutality","Double Tap"],"picked":"Limit Break","floor":16},{"not_picked":[],"picked":"Clash+1","floor":18},{"not_picked":["Clothesline+1"],"picked":"SKIP","floor":22},{"not_picked":[],"picked":"Armaments","floor":24},{"not_picked":[],"picked":"Shrug It Off+1","floor":25},{"not_picked":["Anger"],"picked":"SKIP","floor":28},{"not_picked":[],"picked":"Heavy Blade","floor":30},{"not_picked":[],"picked":"Anger+1","floor":31},{"not_picked":[],"picked":"Reaper","floor":33},{"not_picked":[],"picked":"Armaments+1","floor":35},{"not_picked":["Burning Pact"],"picked":"SKIP","floor":36}],"player_experience":42427,"relics_obtained":[{"floor":3,"key":"Centennial Puzzle"},{"floor":9,"key":"Lantern"},{"floor":10,"key":"Blood Vial"},{"floor":26,"key":"Paper Frog"}],"event_choices":[{"damage_healed":0,"gold_gain":75,"player_choice":"Gather Gold","damage_taken":11,"max_hp_gain":0,"max_hp_loss":0,"event_name":"World of Goop","floor":2,"gold_loss":0},{"damage_healed":0,"gold_gain":175,"player_choice":"AGREE","damage_taken":0,"max_hp_gain":0,"max_hp_loss":0,"event_name":"Liars Game","floor":4,"gold_loss":0,"cards_obtained":["Doubt"]},{"damage_healed":0,"gold_gain":30,"player_choice":"Searched \u00272\u0027 times","damage_taken":0,"max_hp_gain":0,"max_hp_loss":0,"event_name":"Dead Adventurer","floor":13,"gold_loss":0},{"damage_healed":0,"gold_gain":0,"cards_transformed":["Strike_R"],"player_choice":"Change","damage_taken":0,"max_hp_gain":0,"max_hp_loss":0,"event_name":"Living Wall","floor":14,"gold_loss":0,"cards_obtained":["Second Wind"]},{"damage_healed":0,"gold_gain":0,"player_choice":"Opened","damage_taken":0,"relics_obtained":["Happy Flower"],"max_hp_gain":0,"max_hp_loss":0,"event_name":"The Mausoleum","floor":20,"gold_loss":0,"cards_obtained":["Writhe"]},{"damage_healed":0,"gold_gain":99,"player_choice":"Stole From Cult","damage_taken":0,"max_hp_gain":0,"max_hp_loss":0,"event_name":"Nest","floor":23,"gold_loss":0},{"damage_healed":0,"gold_gain":0,"player_choice":"Fight","damage_taken":0,"max_hp_gain":0,"max_hp_loss":0,"event_name":"Mysterious Sphere","floor":38,"gold_loss":0}],"is_beta":false,"boss_relics":[{"not_picked":["Empty Cage","Fusion Hammer"],"picked":"Busted Crown"},{"not_picked":["Mark of Pain","Runic Cube"],"picked":"Astrolabe"}],"items_purged_floors":[19],"is_endless":false,"potions_floor_spawned":[1,10,12,16,28,30,31,36],"killed_by":"2 Orb Walkers","ascension_level":0}