{"gold_per_floor":[115,126,126,139,156,156,187,204,204,204,221,239,272,272,272,396,396,420,420,420,443,467,467,481,481,481,500,523,523,541,562,562,683,683,704,1037,474,474,485,485,497,497,497,522,542,130,155,0,0,0],"floor_reached":51,"playtime":2654,"items_purged":["Writhe","Strike_B"],"score":848,"play_id":"9476140e-d36a-4609-8821-3f1e55f8340f","local_time":"20181006131754","is_ascension_mode":false,"campfire_choices":[{"data":"Zap","floor":6.0,"key":"SMITH"},{"data":"Streamline","floor":10.0,"key":"SMITH"},{"floor":15.0,"key":"REST"},{"data":"Defragment","floor":23.0,"key":"SMITH"},{"data":"Go for the Eyes","floor":25.0,"key":"SMITH"},{"floor":32.0,"key":"REST"},{"data":"Biased Cognition","floor":40.0,"key":"SMITH"},{"data":"Hologram","floor":42.0,"key":"SMITH"},{"floor":49,"key":"REST"}],"neow_cost":"NONE","seed_source_timestamp":502539862037387,"circlet_count":0,"master_deck":["Strike_B","Strike_B","Strike_B","Defend_B","Defend_B","Defend_B","Defend_B","Zap+1","Dualcast","FTL","Gash","Coolheaded","Ball Lightning","Streamline+1","Hologram","Coolheaded","Defragment+1","Electrodynamics","Go for the Eyes+1","Cold Snap+1","Turbo","Lockon+1","Gash+1","Loop+1","Blizzard+1","Glacier+1","Biased Cognition+1","Leap+1","Chill","Gash+1","FTL+1","Leap","Hologram+1","Regret","Conserve Battery+1","Compile Driver+1","BootSequence"],"special_seed":0,"relics":["Cracked Core","Dodecahedron","Emotion Chip","Bottled Tornado","Cursed Key","Molten Egg 2","White Beast Statue","Toy Ornithopter","Pear","Incense Burner","FossilizedHelix","Centennial Puzzle","Red Mask"],"potions_floor_usage":[44,50,50,50],"damage_taken":[{"damage":6.0,"enemies":"Jaw Worm","floor":1.0,"turns":4.0},{"damage":2.0,"enemies":"Small Slimes","floor":2.0,"turns":2.0},{"damage":0.0,"enemies":"2 Louse","floor":4.0,"turns":2.0},{"damage":5.0,"enemies":"Looter","floor":5.0,"turns":4.0},{"damage":23.0,"enemies":"Gremlin Nob","floor":7.0,"turns":4.0},{"damage":5.0,"enemies":"2 Fungi Beasts","floor":8.0,"turns":3.0},{"damage":6.0,"enemies":"Exordium Wildlife","floor":11.0,"turns":3.0},{"damage":7.0,"enemies":"Exordium Thugs","floor":12.0,"turns":3.0},{"damage":7.0,"enemies":"3 Sentries","floor":13.0,"turns":5.0},{"damage":26.0,"enemies":"Hexaghost","floor":16.0,"turns":10.0},{"damage":6.0,"enemies":"Shell Parasite","floor":18.0,"turns":4.0},{"damage":7.0,"enemies":"Spheric Guardian","floor":21.0,"turns":3.0},{"damage":17.0,"enemies":"Centurion and Healer","floor":22.0,"turns":5.0},{"damage":5.0,"enemies":"Cultist and Chosen","floor":24.0,"turns":5.0},{"damage":7.0,"enemies":"Shelled Parasite and Fungi","floor":27.0,"turns":5.0},{"damage":2.0,"enemies":"Snake Plant","floor":28.0,"turns":5.0},{"damage":3.0,"enemies":"Snecko","floor":30.0,"turns":5.0},{"damage":3.0,"enemies":"Sentry and Sphere","floor":31.0,"turns":4.0},{"damage":27.0,"enemies":"Automaton","floor":33.0,"turns":10.0},{"damage":0.0,"enemies":"3 Shapes","floor":35.0,"turns":5.0},{"damage":0.0,"enemies":"Orb Walker","floor":39.0,"turns":4.0},{"damage":5.0,"enemies":"4 Shapes","floor":41.0,"turns":2.0},{"damage":7,"enemies":"Giant Head","floor":44,"turns":10},{"damage":22,"enemies":"Reptomancer","floor":45,"turns":3},{"damage":30,"enemies":"Nemesis","floor":47,"turns":11},{"damage":7,"enemies":"Awakened One","floor":50,"turns":23}],"seed_played":"4153636384009776497","potions_obtained":[{"floor":1.0,"key":"SmokeBomb"},{"floor":5.0,"key":"PowerPotion"},{"floor":11.0,"key":"Block Potion"},{"floor":12.0,"key":"SneckoOil"},{"floor":21.0,"key":"Weak Potion"},{"floor":41.0,"key":"FocusPotion"},{"floor":44,"key":"LiquidBronze"},{"floor":47,"key":"Dexterity Potion"}],"is_trial":false,"path_per_floor":["M","M","?","M","M","R","E","M","T","R","M","M","E","?","R","B",null,"M","?","T","M","M","R","M","R","T","M","M","?","M","M","R","B",null,"M","?","$","?","M","R","M","R","T","E","M","$","E","?","R","B"],"character_chosen":"DEFECT","items_purchased":["PowerPotion","Chill","Toy Ornithopter","LiquidBronze","Gash+1","FTL+1","FossilizedHelix","Compile Driver+1"],"campfire_rested":3,"item_purchase_floors":[37,37,37,37,37,37,46,46],"current_hp_per_floor":[76,74,79,79,74,74,51,46,46,46,40,33,26,5,31,5,87,81,81,81,74,57,57,52,52,52,45,43,43,40,37,63,36,87,87,87,87,83,83,83,78,78,88,86,64,64,34,34,61,69],"gold":0,"neow_bonus":"TEN_PERCENT_HP_BONUS","is_prod":false,"is_daily":false,"chose_seed":false,"campfire_upgraded":6,"win_rate":1,"timestamp":1538799474,"path_taken":["M","M","?","M","M","R","E","M","T","R","M","M","E","?","R","BOSS","M","?","?","M","?","R","M","R","T","M","M","?","?","M","R","BOSS","M","?","$","?","M","R","M","R","T","E","?","$","E","?","R","BOSS"],"build_version":"2018-10-04","purchased_purges":2,"victory":true,"max_hp_per_floor":[82,82,87,87,87,87,87,87,87,87,87,87,87,87,87,87,87,87,87,87,87,87,87,87,87,87,87,87,87,87,87,87,87,87,87,87,87,83,83,83,83,83,93,93,93,93,93,93,93,93],"card_choices":[{"not_picked":["Beam Cell","Go for the Eyes"],"picked":"FTL","floor":1.0},{"not_picked":["Stack","Redo"],"picked":"Gash","floor":2.0},{"not_picked":["Steam","Redo"],"picked":"Coolheaded","floor":4.0},{"not_picked":["Compile Driver","Sweeping Beam"],"picked":"Ball Lightning","floor":5.0},{"not_picked":["FTL","White Noise"],"picked":"Streamline","floor":7.0},{"not_picked":["Blizzard","Loop"],"picked":"Hologram","floor":8.0},{"not_picked":["Gash","Genetic Algorithm"],"picked":"Coolheaded","floor":11.0},{"not_picked":["Double Energy","Reinforced Body"],"picked":"Defragment","floor":12.0},{"not_picked":["Double Energy","Streamline","Ball Lightning"],"picked":"SKIP","floor":13.0},{"not_picked":["Machine Learning","Echo Form"],"picked":"Electrodynamics","floor":16.0},{"not_picked":["Streamline+1","Force Field"],"picked":"Go for the Eyes","floor":18.0},{"not_picked":["Sweeping Beam+1","Compile Driver+1"],"picked":"Cold Snap+1","floor":21.0},{"not_picked":["Lockon+1","Rip and Tear+1"],"picked":"Turbo","floor":22.0},{"not_picked":["Rip and Tear+1","Ball Lightning+1"],"picked":"Lockon+1","floor":24.0},{"not_picked":["Recycle+1","Go for the Eyes+1"],"picked":"Gash+1","floor":27.0},{"not_picked":["Rebound+1","Cold Snap+1"],"picked":"Loop+1","floor":28.0},{"not_picked":["Reprogram","Cold Snap+1"],"picked":"Blizzard+1","floor":30.0},{"not_picked":["Streamline+1","Reprogram"],"picked":"Glacier+1","floor":31.0},{"not_picked":["Reboot","Meteor Strike+1"],"picked":"Biased Cognition","floor":33.0},{"not_picked":["Hologram+1","Lockon+1"],"picked":"Leap+1","floor":35.0},{"not_picked":["Ball Lightning+1","Melter+1"],"picked":"Leap","floor":39.0},{"not_picked":["Darkness","Rip and Tear+1"],"picked":"Hologram","floor":41.0},{"not_picked":["Barrage+1","Darkness+1","Sunder+1"],"picked":"SKIP","floor":44},{"not_picked":["Sunder+1","Compile Driver+1"],"picked":"Conserve Battery+1","floor":45},{"not_picked":["Storm+1","Consume+1"],"picked":"BootSequence","floor":47}],"player_experience":124959,"relics_obtained":[{"floor":7.0,"key":"Dodecahedron"},{"floor":9.0,"key":"Emotion Chip"},{"floor":13.0,"key":"Bottled Tornado"},{"floor":20.0,"key":"Molten Egg 2"},{"floor":43.0,"key":"Pear"},{"floor":44,"key":"Incense Burner"},{"floor":47,"key":"Centennial Puzzle"}],"event_choices":[{"event_name":"Big Fish","player_choice":"Donut","floor":3.0,"damage_taken":0.0},{"event_name":"Golden Idol","player_choice":"Take Damage","floor":14.0,"damage_taken":0.0},{"event_name":"Ghosts","player_choice":"Ignored","floor":19.0,"damage_taken":0.0},{"event_name":"The Mausoleum","player_choice":"No","floor":29.0,"damage_taken":0.0},{"event_name":"The Moai Head","player_choice":"Gave Idol","floor":36.0,"damage_taken":0.0},{"event_name":"Winding Halls","player_choice":"Max HP","floor":38.0,"damage_taken":0.0},{"event_name":"Tomb of Lord Red Mask","player_choice":"Paid","floor":48,"damage_taken":0}],"is_beta":false,"boss_relics":[{"not_picked":["Philosopher\u0027s Stone","Calling Bell"],"picked":"Cursed Key"},{"not_picked":["Snecko Eye","Lizard Tail"],"picked":"White Beast Statue"}],"items_purged_floors":[37,46],"is_endless":false,"potions_floor_spawned":[1,5,11,12,21,22,28,30,35,39,41,44,45,47],"ascension_level":0}