{"gold_per_floor":[109,109,127,127,127,127,140,140,164,178,225,11,11,23,23,23],"floor_reached":16,"playtime":1283,"items_purged":[],"score":90,"play_id":"0a69c02c-708c-4fde-b041-2deadf4ad805","local_time":"20190629191337","is_ascension_mode":false,"campfire_choices":[{"data":"Searing Blow","floor":6,"key":"SMITH"},{"data":"Uppercut","floor":8,"key":"SMITH"},{"data":"HandOfGreed","floor":13,"key":"SMITH"},{"floor":15,"key":"REST"}],"neow_cost":"NONE","seed_source_timestamp":175649755277670,"circlet_count":0,"master_deck":["Strike_R","Strike_R","Strike_R","Strike_R","Strike_R","Defend_R","Defend_R","Defend_R","Bash","Searing Blow+1","Demon Form","Rage","Dual Wield","Uppercut+1","Uppercut","HandOfGreed+1","Thunderclap","Anger"],"relics":["Burning Blood","Bronze Scales","Centennial Puzzle"],"potions_floor_usage":[16,16,16],"damage_taken":[{"damage":8,"enemies":"Jaw Worm","floor":1,"turns":4},{"damage":8,"enemies":"Cultist","floor":3,"turns":5},{"damage":17,"enemies":"Small Slimes","floor":7,"turns":3},{"damage":5,"enemies":"Blue Slaver","floor":10,"turns":3},{"damage":10,"enemies":"Red Slaver","floor":14,"turns":2},{"damage":90,"enemies":"The Guardian","floor":16,"turns":10}],"seed_played":"4671705884433204516","potions_obtained":[{"floor":0,"key":"BloodPotion"},{"floor":0,"key":"Dexterity Potion"},{"floor":0,"key":"Ancient Potion"}],"is_trial":false,"path_per_floor":["M","?","M","?","?","R","M","R","T","M","T","$","R","M","R","B"],"character_chosen":"IRONCLAD","items_purchased":["HandOfGreed","Thunderclap"],"campfire_rested":1,"item_purchase_floors":[12,12],"current_hp_per_floor":[78,78,76,76,76,76,65,65,65,66,66,66,66,62,80,0],"gold":23,"neow_bonus":"THREE_SMALL_POTIONS","is_prod":false,"is_daily":false,"chose_seed":false,"campfire_upgraded":3,"win_rate":0.0,"timestamp":1561853617,"path_taken":["M","?","?","?","?","R","?","R","T","M","?","$","R","M","R","BOSS"],"build_version":"2019-01-23","purchased_purges":0,"victory":false,"max_hp_per_floor":[80,80,80,80,80,80,80,80,80,80,80,80,80,80,80,80],"card_choices":[{"not_picked":["Sword Boomerang","Shrug It Off"],"picked":"Searing Blow","floor":1},{"not_picked":["Disarm","Thunderclap"],"picked":"Rage","floor":3},{"not_picked":["Dark Embrace","Reckless Charge"],"picked":"Uppercut","floor":7},{"not_picked":["Pummel","Heavy Blade"],"picked":"Uppercut","floor":10},{"not_picked":["Flex","Combust"],"picked":"Anger","floor":14}],"player_experience":20597,"relics_obtained":[{"floor":9,"key":"Bronze Scales"},{"floor":11,"key":"Centennial Puzzle"}],"event_choices":[{"damage_healed":0,"gold_gain":0,"player_choice":"1 cards matched","damage_taken":0,"max_hp_gain":0,"max_hp_loss":0,"event_name":"Match and Keep!","floor":2,"gold_loss":0,"cards_obtained":["Demon Form"]},{"damage_healed":0,"gold_gain":0,"player_choice":"Ignored","damage_taken":0,"max_hp_gain":0,"max_hp_loss":0,"event_name":"Liars Game","floor":4,"gold_loss":0},{"damage_healed":0,"gold_gain":0,"cards_transformed":["Defend_R"],"player_choice":"Transformed","damage_taken":0,"max_hp_gain":0,"max_hp_loss":0,"event_name":"Transmorgrifier","floor":5,"gold_loss":0,"cards_obtained":["Dual Wield"]}],"is_beta":false,"boss_relics":[],"items_purged_floors":[],"is_endless":false,"potions_floor_spawned":[1,7],"killed_by":"The Guardian","ascension_level":0}