{"gold_per_floor":[111,124,144,15,28,28,53,70,96,107,107,126,126,156,156,253,253,263,281,281,293,307,334,334,109,109,126,126,1,1,18,18,114,114,131,144,144,161,161,161,186,186,186,43,43,62,62,92,92,92],"floor_reached":51,"playtime":2996,"items_purged":["Strike_B","Strike_B","Shame"],"score":814,"play_id":"b5ccdcf4-d1c5-407a-a244-a4acc199decb","local_time":"20181003010100","is_ascension_mode":false,"campfire_choices":[{"data":"Zap","floor":6.0,"key":"SMITH"},{"data":"Self Repair","floor":11.0,"key":"SMITH"},{"data":"Consume","floor":13.0,"key":"SMITH"},{"data":"Lockon","floor":15.0,"key":"SMITH"},{"data":"Loop","floor":24.0,"key":"SMITH"},{"data":"Stack","floor":28.0,"key":"SMITH"},{"data":"Go for the Eyes","floor":32,"key":"SMITH"},{"data":"Leap","floor":40,"key":"SMITH"},{"data":"Leap","floor":42,"key":"SMITH"},{"floor":49,"key":"REST"}],"neow_cost":"NONE","seed_source_timestamp":198948860718672,"circlet_count":0,"master_deck":["Defend_B+1","Defend_B","Defend_B","Zap+1","Dualcast","Conserve Battery","Self Repair+1","Go for the Eyes+1","Leap+1","Stack+1","Lockon+1","Consume+1","Hologram","Chill+1","Compile Driver","Multi-Cast","Loop+1","Go for the Eyes","Reinforced Body","Doom and Gloom","Core Surge","Coolheaded","Hello World","Stack","Reinforced Body+1","Creative AI","Cold Snap+1","Cold Snap+1","Self Repair+1","Leap+1","BootSequence+1","Leap+1","Discovery","Chill","Clumsy","Leap+1"],"special_seed":0,"relics":["Cracked Core","Ice Cream","Strawberry","War Paint","Cursed Key","Lantern","Gremlin Horn","Astrolabe","Symbiotic Virus","Molten Egg 2","DataDisk","GremlinMask","Pocketwatch"],"potions_floor_usage":[50,50,50],"damage_taken":[{"damage":8.0,"enemies":"Jaw Worm","floor":1.0,"turns":4.0},{"damage":0.0,"enemies":"Small Slimes","floor":2.0,"turns":2.0},{"damage":0.0,"enemies":"Cultist","floor":3.0,"turns":4.0},{"damage":0.0,"enemies":"3 Louse","floor":5.0,"turns":2.0},{"damage":25.0,"enemies":"Gremlin Nob","floor":7.0,"turns":4.0},{"damage":4.0,"enemies":"Exordium Wildlife","floor":8.0,"turns":4.0},{"damage":10.0,"enemies":"Looter","floor":10.0,"turns":3.0},{"damage":2.0,"enemies":"Lots of Slimes","floor":12.0,"turns":2.0},{"damage":15.0,"enemies":"Lagavulin","floor":14.0,"turns":6.0},{"damage":0.0,"enemies":"The Guardian","floor":16.0,"turns":10.0},{"damage":0.0,"enemies":"2 Thieves","floor":18.0,"turns":3.0},{"damage":0.0,"enemies":"3 Byrds","floor":19.0,"turns":2.0},{"damage":9.0,"enemies":"Snake Plant","floor":21.0,"turns":4.0},{"damage":6.0,"enemies":"Centurion and Healer","floor":22.0,"turns":7.0},{"damage":9.0,"enemies":"Book of Stabbing","floor":23.0,"turns":7.0},{"damage":11.0,"enemies":"Shelled Parasite and Fungi","floor":27.0,"turns":5.0},{"damage":18,"enemies":"Chosen and Byrds","floor":31,"turns":5},{"damage":20,"enemies":"Collector","floor":33,"turns":9},{"damage":0,"enemies":"3 Shapes","floor":35,"turns":4},{"damage":0,"enemies":"3 Darklings","floor":36,"turns":5},{"damage":5,"enemies":"4 Shapes","floor":38,"turns":7},{"damage":18,"enemies":"Nemesis","floor":41,"turns":13},{"damage":34,"enemies":"Sphere and 2 Shapes","floor":46,"turns":8},{"damage":15,"enemies":"2 Orb Walkers","floor":48,"turns":6},{"damage":2,"enemies":"Time Eater","floor":50,"turns":17}],"seed_played":"-6541311484811895845","potions_obtained":[{"floor":3.0,"key":"LiquidBronze"},{"floor":5.0,"key":"Dexterity Potion"},{"floor":10.0,"key":"FocusPotion"}],"is_trial":false,"path_per_floor":["M","M","M","$","M","R","E","M","T","M","R","M","R","E","R","B",null,"M","M","?","M","M","E","R","$","T","M","R","$","?","M","R","B",null,"M","M","$","M","?","R","E","R","T","$","?","M","?","E","R","B"],"character_chosen":"DEFECT","items_purchased":["Leap","Coolheaded","Hello World","DataDisk"],"campfire_rested":1,"item_purchase_floors":[4,25,25,44],"current_hp_per_floor":[67,67,74,74,75,75,50,46,53,50,50,48,48,43,43,53,82,82,82,66,67,71,62,62,62,62,61,61,61,61,53,53,43,87,87,87,87,87,87,87,87,87,87,87,87,73,73,58,84,87],"gold":92,"neow_bonus":"ONE_RANDOM_RARE_CARD","is_prod":false,"is_daily":false,"chose_seed":false,"campfire_upgraded":9,"win_rate":1,"timestamp":1538496060,"path_taken":["M","M","M","$","M","R","E","M","T","M","R","M","R","E","R","BOSS","M","M","?","M","M","E","R","$","T","?","R","$","?","?","R","BOSS","M","M","$","M","?","R","E","R","T","$","?","M","?","E","R","BOSS"],"build_version":"2018-09-27","purchased_purges":3,"victory":true,"max_hp_per_floor":[75,75,75,75,75,75,75,75,82,82,82,82,82,82,82,82,82,82,82,87,87,87,87,87,87,87,87,87,87,87,87,87,87,87,87,87,87,87,87,87,87,87,87,87,87,87,87,87,87,87],"card_choices":[{"not_picked":["Ball Lightning","Turbo"],"picked":"Conserve Battery","floor":1.0},{"not_picked":["Beam Cell","Hologram"],"picked":"Self Repair","floor":2.0},{"not_picked":["Compile Driver","Sweeping Beam"],"picked":"Go for the Eyes","floor":3.0},{"not_picked":["Rip and Tear","Beam Cell"],"picked":"Stack","floor":5.0},{"not_picked":["Ball Lightning","All For One"],"picked":"Lockon","floor":7.0},{"not_picked":["Melter","Leap"],"picked":"Consume","floor":8.0},{"not_picked":["Steam Power","Turbo"],"picked":"Hologram","floor":10.0},{"not_picked":["Go for the Eyes","Turbo"],"picked":"Chill","floor":12.0},{"not_picked":["Amplify","Fusion"],"picked":"Compile Driver","floor":14.0},{"not_picked":["Amplify","Electrodynamics"],"picked":"Multi-Cast","floor":16.0},{"not_picked":["Leap","Heatsinks"],"picked":"Loop","floor":18.0},{"not_picked":["Conserve Battery","Barrage"],"picked":"Go for the Eyes","floor":19.0},{"not_picked":["Compile Driver","Conserve Battery"],"picked":"Reinforced Body","floor":21.0},{"not_picked":["Compile Driver","Ball Lightning+1"],"picked":"Doom and Gloom","floor":22.0},{"not_picked":["Conserve Battery","Steam+1"],"picked":"Core Surge","floor":23.0},{"not_picked":["Static Discharge","Skim"],"picked":"Stack","floor":27.0},{"not_picked":["Reprogram","Go for the Eyes"],"picked":"Reinforced Body+1","floor":31},{"not_picked":["Machine Learning","Seek"],"picked":"Creative AI","floor":33},{"not_picked":["Sweeping Beam","Genetic Algorithm"],"picked":"Leap","floor":35},{"not_picked":["Sunder","Conserve Battery"],"picked":"BootSequence+1","floor":36},{"not_picked":["Compile Driver+1","Chill"],"picked":"Leap+1","floor":38},{"not_picked":["Panache","Dramatic Entrance"],"picked":"Discovery","floor":39},{"not_picked":["Ball Lightning","Multi-Cast"],"picked":"Chill","floor":41},{"not_picked":["Stack","Redo+1"],"picked":"Leap+1","floor":46},{"not_picked":["Streamline+1","Redo","Double Energy"],"picked":"SKIP","floor":48}],"player_experience":107966,"relics_obtained":[{"floor":7.0,"key":"Ice Cream"},{"floor":9.0,"key":"Strawberry"},{"floor":14.0,"key":"War Paint"},{"floor":23.0,"key":"Lantern"},{"floor":26.0,"key":"Gremlin Horn"},{"floor":41,"key":"Symbiotic Virus"},{"floor":43,"key":"Molten Egg 2"},{"floor":48,"key":"Pocketwatch"}],"event_choices":[{"event_name":"Forgotten Altar","player_choice":"Shed Blood","floor":20.0,"damage_taken":0.0},{"event_name":"Cursed Tome","player_choice":"Ignored","floor":30,"damage_taken":0},{"event_name":"SensoryStone","player_choice":"Memory 1","floor":39,"damage_taken":0},{"event_name":"FaceTrader","player_choice":"Trade","floor":45,"damage_taken":0},{"event_name":"Falling","player_choice":"Removed Power","floor":47,"damage_taken":0}],"is_beta":false,"boss_relics":[{"not_picked":["Philosopher\u0027s Stone","Runic Dome"],"picked":"Cursed Key"},{"not_picked":["Fusion Hammer","White Beast Statue"],"picked":"Astrolabe"}],"items_purged_floors":[4,25,29],"is_endless":false,"potions_floor_spawned":[3,5,10,16,19,21,23,33,35,38,41,46],"ascension_level":0}