{"gold_per_floor":[211,226,42,61,78,78,93,93,93,93,110,127,127,140,140,237,237,249,277,8,8,8],"floor_reached":22,"playtime":1072,"items_purged":["Strike_G"],"score":178,"play_id":"81cd6001-e08f-4f52-8301-850e5080bac4","local_time":"20190828201405","is_ascension_mode":false,"campfire_choices":[{"data":"Neutralize","floor":6,"key":"SMITH"},{"data":"Backstab","floor":8,"key":"SMITH"},{"data":"Strike_G","floor":10,"key":"PURGE"},{"data":"Strike_G","floor":13,"key":"PURGE"},{"data":"Bane","floor":15,"key":"SMITH"}],"neow_cost":"NONE","seed_source_timestamp":1284607090068719,"circlet_count":0,"master_deck":["Strike_G","Strike_G","Defend_G","Defend_G","Defend_G","Defend_G","Defend_G","Survivor","Neutralize+1","Catalyst","Backstab+1","Catalyst","Slice","PiercingWail","Heel Hook","Crippling Poison","Cloak And Dagger","Bane+1","Bullet Time","Deflect+1","Well Laid Plans","Cloak And Dagger"],"relics":["Ring of the Snake","Snake Skull","Peace Pipe","White Beast Statue","Red Mask","Dream Catcher"],"potions_floor_usage":[19,22,22],"damage_taken":[{"damage":0,"enemies":"2 Louse","floor":1,"turns":4},{"damage":0,"enemies":"Small Slimes","floor":2,"turns":4},{"damage":0,"enemies":"Jaw Worm","floor":4,"turns":5},{"damage":0,"enemies":"2 Fungi Beasts","floor":5,"turns":4},{"damage":9,"enemies":"Blue Slaver","floor":7,"turns":5},{"damage":2,"enemies":"Large Slime","floor":11,"turns":5},{"damage":0,"enemies":"Red Slaver","floor":12,"turns":4},{"damage":0,"enemies":"3 Louse","floor":14,"turns":3},{"damage":27,"enemies":"The Guardian","floor":16,"turns":8},{"damage":30,"enemies":"Spheric Guardian","floor":18,"turns":8},{"damage":36,"enemies":"Masked Bandits","floor":19,"turns":6},{"damage":6,"enemies":"Chosen","floor":22,"turns":5}],"seed_played":"-2306154686360505927","potions_obtained":[{"floor":4,"key":"Swift Potion"},{"floor":7,"key":"Strength Potion"},{"floor":11,"key":"AttackPotion"},{"floor":16,"key":"Poison Potion"},{"floor":19,"key":"PowerPotion"}],"is_trial":false,"path_per_floor":["M","M","$","M","M","R","M","R","T","R","M","M","R","M","R","B",null,"M","?","$","?","M"],"character_chosen":"THE_SILENT","items_purchased":["Snake Skull","Catalyst","Cloak And Dagger","Dream Catcher"],"campfire_rested":0,"item_purchase_floors":[3,3,20,20],"current_hp_per_floor":[70,70,70,70,70,70,61,61,61,61,59,59,59,59,59,32,70,40,4,4,4,0],"gold":8,"neow_bonus":"HUNDRED_GOLD","is_prod":false,"is_daily":false,"chose_seed":false,"campfire_upgraded":3,"win_rate":0,"timestamp":1567016045,"path_taken":["M","M","$","M","M","R","M","R","T","R","M","M","R","M","R","BOSS","M","?","$","?","M"],"build_version":"2019-07-17","purchased_purges":1,"victory":false,"max_hp_per_floor":[70,70,70,70,70,70,70,70,70,70,70,70,70,70,70,70,70,70,70,70,70,70],"card_choices":[{"not_picked":["Flying Knee","Underhanded Strike"],"picked":"Catalyst","floor":1},{"not_picked":["Eviscerate","Dagger Throw"],"picked":"Backstab","floor":2},{"not_picked":["Eviscerate","Terror"],"picked":"Slice","floor":4},{"not_picked":["Crippling Poison","Expertise"],"picked":"PiercingWail","floor":5},{"not_picked":["Footwork","Dagger Spray"],"picked":"Heel Hook","floor":7},{"not_picked":["Dagger Throw","Skewer"],"picked":"Crippling Poison","floor":11},{"not_picked":["Choke","Predator"],"picked":"Cloak And Dagger","floor":12},{"not_picked":["Quick Slash","Terror"],"picked":"Bane","floor":14},{"not_picked":["Wraith Form v2","Malaise"],"picked":"Bullet Time","floor":16},{"not_picked":["Heel Hook","Predator"],"picked":"Deflect+1","floor":18},{"not_picked":["Dagger Throw+1","Slice"],"picked":"Well Laid Plans","floor":19}],"player_experience":63024,"relics_obtained":[{"floor":9,"key":"Peace Pipe"},{"floor":19,"key":"Red Mask"}],"event_choices":[{"damage_healed":0,"gold_gain":0,"player_choice":"Fought Bandits","damage_taken":0,"max_hp_gain":0,"max_hp_loss":0,"event_name":"Masked Bandits","floor":19,"gold_loss":0}],"is_beta":false,"boss_relics":[{"not_picked":["HoveringKite","Fusion Hammer"],"picked":"White Beast Statue"}],"items_purged_floors":[20],"is_endless":false,"potions_floor_spawned":[4,7,11,12,16,18,19],"killed_by":"Chosen","ascension_level":0}