{"gold_per_floor":[119,134,134,70,87,87,118,118,118,138,152,167,181,33,33,133,133,153,153,171,151,62,62],"floor_reached":23,"playtime":1821,"items_purged":[],"score":193,"play_id":"483aa3ab-9f0c-4201-9cf7-0fe4150a49c4","local_time":"20190628192952","is_ascension_mode":false,"campfire_choices":[{"data":"Anger","floor":6,"key":"SMITH"},{"data":"Bash","floor":8,"key":"SMITH"},{"data":"Cleave","floor":15,"key":"SMITH"}],"neow_cost":"","seed_source_timestamp":89656220275139,"circlet_count":0,"master_deck":["Strike_R","Strike_R","Strike_R","Strike_R","Strike_R","Defend_R","Defend_R","Defend_R","Defend_R","Bash+1","Sword Boomerang","Pommel Strike","Anger+1","Dropkick","Iron Wave","Cleave+1","Anger","Twin Strike","Inflame","Flash of Steel","Barricade","Fire Breathing","Pommel Strike+1","Ghostly Armor","Headbutt"],"relics":["Burning Blood","Gremlin Horn","Magic Flower","Anchor","White Beast Statue","Nilry\u0027s Codex"],"potions_floor_usage":[16,16,20,23,23],"damage_taken":[{"damage":5,"enemies":"Jaw Worm","floor":1,"turns":5},{"damage":7,"enemies":"2 Louse","floor":2,"turns":3},{"damage":3,"enemies":"Cultist","floor":5,"turns":5},{"damage":27,"enemies":"Gremlin Nob","floor":7,"turns":5},{"damage":3,"enemies":"2 Fungi Beasts","floor":10,"turns":4},{"damage":4,"enemies":"Gremlin Gang","floor":11,"turns":4},{"damage":7,"enemies":"Blue Slaver","floor":12,"turns":3},{"damage":3,"enemies":"Red Slaver","floor":13,"turns":3},{"damage":55,"enemies":"The Guardian","floor":16,"turns":7},{"damage":28,"enemies":"3 Byrds","floor":18,"turns":4},{"damage":24,"enemies":"Spheric Guardian","floor":20,"turns":5},{"damage":38,"enemies":"Slavers","floor":23,"turns":3}],"seed_played":"-5384216358895349306","potions_obtained":[{"floor":2,"key":"SkillPotion"},{"floor":5,"key":"SkillPotion"},{"floor":7,"key":"FearPotion"},{"floor":18,"key":"SpeedPotion"},{"floor":20,"key":"PowerPotion"},{"floor":21,"key":"Fire Potion"}],"is_trial":false,"path_per_floor":["M","M","?","?","M","R","E","R","T","M","M","M","M","$","R","B",null,"M","?","M","?","$","E"],"character_chosen":"IRONCLAD","items_purchased":["Inflame","Flash of Steel","Ghostly Armor","Headbutt"],"campfire_rested":0,"item_purchase_floors":[14,14,22,22],"current_hp_per_floor":[80,79,79,79,80,80,59,59,59,65,70,72,78,78,78,32,80,61,45,30,30,30,0],"gold":62,"neow_bonus":"","is_prod":false,"is_daily":false,"chose_seed":false,"campfire_upgraded":3,"win_rate":0.0,"timestamp":1561768192,"path_taken":["M","M","?","?","M","R","E","R","T","M","M","M","M","$","R","BOSS","M","?","M","?","$","E"],"build_version":"2019-01-23","purchased_purges":0,"victory":false,"max_hp_per_floor":[80,80,80,80,80,80,80,80,80,80,80,80,80,80,80,80,80,80,80,80,80,80,80],"card_choices":[{"not_picked":["Seeing Red","Entrench"],"picked":"Sword Boomerang","floor":1},{"not_picked":["Iron Wave","Ghostly Armor"],"picked":"Pommel Strike","floor":2},{"not_picked":["Clothesline","Headbutt"],"picked":"Anger","floor":5},{"not_picked":["Power Through","Hemokinesis"],"picked":"Dropkick","floor":7},{"not_picked":["Shockwave","Headbutt"],"picked":"Iron Wave","floor":10},{"not_picked":["Combust","Ghostly Armor"],"picked":"Cleave","floor":11},{"not_picked":["Iron Wave","True Grit"],"picked":"Anger","floor":12},{"not_picked":["Seeing Red","Clothesline"],"picked":"Twin Strike","floor":13},{"not_picked":["Berserk","Feed"],"picked":"Barricade","floor":16},{"not_picked":["Metallicize","Body Slam"],"picked":"Fire Breathing","floor":18},{"not_picked":["Whirlwind","Feel No Pain"],"picked":"Pommel Strike+1","floor":20}],"player_experience":0,"relics_obtained":[{"floor":7,"key":"Magic Flower"},{"floor":9,"key":"Anchor"},{"floor":19,"key":"Nilry\u0027s Codex"}],"event_choices":[{"damage_healed":0,"gold_gain":0,"player_choice":"Ignored","damage_taken":0,"max_hp_gain":0,"max_hp_loss":0,"event_name":"Liars Game","floor":3,"gold_loss":0},{"damage_healed":0,"gold_gain":0,"player_choice":"Paid Gold","damage_taken":0,"relics_obtained":["Gremlin Horn"],"max_hp_gain":0,"max_hp_loss":0,"event_name":"WeMeetAgain","floor":4,"gold_loss":64},{"damage_healed":0,"gold_gain":0,"player_choice":"Obtained Book","damage_taken":16,"max_hp_gain":0,"max_hp_loss":0,"event_name":"Cursed Tome","floor":19,"gold_loss":0},{"damage_healed":0,"gold_gain":0,"player_choice":"Bought 1 Potion","damage_taken":0,"max_hp_gain":0,"max_hp_loss":0,"event_name":"The Woman in Blue","floor":21,"gold_loss":0}],"is_beta":false,"boss_relics":[{"not_picked":["Cursed Key","Black Star"],"picked":"White Beast Statue"}],"items_purged_floors":[],"is_endless":false,"potions_floor_spawned":[2,5,7,13,18,20],"killed_by":"Slavers","ascension_level":0}