{"gold_per_floor":[116,128,142,156,171,196,212,226,226,239,272,272,299,312,312,408,408,427,411,427,427,437,437,362,362,410,410,138,157,157,20,20,115,115,132,152,1151,1151,1161,251,251,251,277,296,296,296,19,19,19,19],"floor_reached":51,"playtime":2859,"items_purged":["Defend_B"],"score":771,"play_id":"3a9d64e7-5b23-4c5c-9ebf-90568f573d9b","local_time":"20181017210506","is_ascension_mode":false,"campfire_choices":[{"data":"Capacitor","floor":12.0,"key":"SMITH"},{"data":"Barrage","floor":15.0,"key":"SMITH"},{"data":"Self Repair","floor":23,"key":"SMITH"},{"data":"Capacitor","floor":27,"key":"SMITH"},{"data":"Sweeping Beam","floor":30,"key":"SMITH"},{"data":"Leap","floor":32,"key":"SMITH"},{"floor":41,"key":"REST"},{"floor":45,"key":"REST"},{"floor":49,"key":"REST"}],"neow_cost":"NONE","seed_source_timestamp":72692326643890,"circlet_count":0,"master_deck":["Defend_B","Zap+1","Dualcast","Sweeping Beam+1","Streamline","Ball Lightning","Glacier","Leap+1","Hello World","Capacitor+1","Undo+1","Barrage+1","Self Repair+1","Leap+1","Core Surge","Double Energy+1","Steam+1","Capacitor+1","Steam+1","Storm","Fusion+1","BootSequence+1","Conserve Battery+1","Stack+1","Turbo+1","Glacier+1","Stack+1","Electrodynamics","Loop","Dark Shackles+1","Go for the Eyes+1","Hologram+1","Stack+1","Hologram+1","Darkness+1","Conserve Battery+1","Glacier+1","Madness+1","Madness+1","FTL+1","Defragment","White Noise+1"],"special_seed":0,"relics":["Cracked Core","Toxic Egg 2","The Courier","Omamori","Empty Cage","Oddly Smooth Stone","Cables","Fusion Hammer","Letter Opener","Singing Bowl","Bag of Preparation","Regal Pillow","Lee\u0027s Waffle"],"potions_floor_usage":[22,33,50,50,50],"damage_taken":[{"damage":0.0,"enemies":"Cultist","floor":1.0,"turns":3.0},{"damage":0.0,"enemies":"2 Louse","floor":2.0,"turns":2.0},{"damage":5.0,"enemies":"Small Slimes","floor":3.0,"turns":3.0},{"damage":5.0,"enemies":"Looter","floor":4.0,"turns":2.0},{"damage":5.0,"enemies":"Lots of Slimes","floor":5.0,"turns":3.0},{"damage":0.0,"enemies":"3 Sentries","floor":6.0,"turns":7.0},{"damage":4.0,"enemies":"Exordium Wildlife","floor":7.0,"turns":5.0},{"damage":7.0,"enemies":"Blue Slaver","floor":8.0,"turns":4.0},{"damage":0.0,"enemies":"3 Louse","floor":10.0,"turns":3.0},{"damage":16.0,"enemies":"Lagavulin","floor":11.0,"turns":6.0},{"damage":0.0,"enemies":"3 Sentries","floor":13.0,"turns":7.0},{"damage":0.0,"enemies":"Looter","floor":14.0,"turns":4.0},{"damage":3.0,"enemies":"The Guardian","floor":16.0,"turns":11.0},{"damage":1.0,"enemies":"Chosen","floor":18.0,"turns":6.0},{"damage":13.0,"enemies":"2 Thieves","floor":19.0,"turns":4.0},{"damage":28.0,"enemies":"Snake Plant","floor":20.0,"turns":5.0},{"damage":22,"enemies":"Cultist and Chosen","floor":22,"turns":10},{"damage":2,"enemies":"Sentry and Sphere","floor":29,"turns":6},{"damage":33,"enemies":"Collector","floor":33,"turns":11},{"damage":7,"enemies":"3 Darklings","floor":35,"turns":6},{"damage":0,"enemies":"Orb Walker","floor":36,"turns":4},{"damage":10,"enemies":"Sphere and 2 Shapes","floor":39,"turns":4},{"damage":8,"enemies":"Maw","floor":44,"turns":9},{"damage":17,"enemies":"Donu and Deca","floor":50,"turns":13}],"seed_played":"4539903809823524237","potions_obtained":[{"floor":4.0,"key":"Poison Potion"},{"floor":6.0,"key":"LiquidBronze"},{"floor":7.0,"key":"FearPotion"},{"floor":10.0,"key":"SneckoOil"},{"floor":11.0,"key":"SpeedPotion"},{"floor":16.0,"key":"Strength Potion"},{"floor":22,"key":"Swift Potion"}],"is_trial":false,"path_per_floor":["M","M","M","M","M","E","M","M","T","M","E","R","E","M","R","B",null,"M","M","M","?","M","R","?","?","T","R","$","M","R","$","R","B",null,"M","M","?","?","M","$","R","?","T","M","R","?","$","?","R","B"],"character_chosen":"DEFECT","items_purchased":["BootSequence+1","Cables","Conserve Battery+1","Turbo+1","Glacier+1","Stack+1","Letter Opener","Singing Bowl","Hologram+1","Stack+1","Hologram+1","Bag of Preparation","Darkness+1","Conserve Battery+1","Glacier+1","FocusPotion","Defragment","White Noise+1","Lee\u0027s Waffle"],"campfire_rested":3,"item_purchase_floors":[28,28,28,31,31,31,40,40,40,40,40,40,40,40,40,40,47,47,47],"current_hp_per_floor":[75,75,70,65,60,60,56,49,49,49,33,33,40,47,47,51,75,75,69,48,48,33,33,33,33,33,33,33,41,41,41,41,18,75,75,75,75,75,75,75,75,66,66,68,75,75,82,82,82,75],"gold":19,"neow_bonus":"UPGRADE_CARD","is_prod":false,"is_daily":false,"chose_seed":false,"campfire_upgraded":6,"win_rate":0,"timestamp":1539777906,"path_taken":["M","M","M","M","M","E","M","?","T","M","E","R","E","M","R","BOSS","M","M","M","?","?","R","?","?","T","R","$","M","R","$","R","BOSS","M","M","?","?","M","$","R","?","T","?","R","?","$","?","R","BOSS"],"build_version":"2018-10-11","purchased_purges":1,"victory":true,"max_hp_per_floor":[75,75,75,75,75,75,75,75,75,75,75,75,75,75,75,75,75,75,75,75,75,75,75,75,75,75,75,75,75,75,75,75,75,75,75,75,75,75,75,75,75,75,75,75,75,75,82,82,82,82],"card_choices":[{"not_picked":["Coolheaded","Tempest"],"picked":"Sweeping Beam","floor":1.0},{"not_picked":["Rebound","Force Field"],"picked":"Streamline","floor":2.0},{"not_picked":["Barrage","Heatsinks"],"picked":"Ball Lightning","floor":3.0},{"not_picked":["Beam Cell","Auto Shields"],"picked":"Glacier","floor":4.0},{"not_picked":["Steam","Coolheaded"],"picked":"Leap","floor":5.0},{"not_picked":["Rebound","Gash"],"picked":"Hello World","floor":6.0},{"not_picked":["Heatsinks","Compile Driver"],"picked":"Capacitor","floor":7.0},{"not_picked":["Beam Cell","Compile Driver"],"picked":"Undo+1","floor":8.0},{"not_picked":["Force Field+1","Rip and Tear"],"picked":"Barrage","floor":10.0},{"not_picked":["Static Discharge","Barrage"],"picked":"Self Repair","floor":11.0},{"not_picked":["Seek+1","Turbo+1"],"picked":"Leap+1","floor":13.0},{"not_picked":["Lockon","Gash","Force Field+1"],"picked":"SKIP","floor":14.0},{"not_picked":["Fission+1","Hyperbeam"],"picked":"Core Surge","floor":16.0},{"not_picked":["Cold Snap","Coolheaded+1"],"picked":"Double Energy+1","floor":18.0},{"not_picked":["Streamline","Reinforced Body+1"],"picked":"Steam+1","floor":19.0},{"not_picked":["Gash+1","Barrage"],"picked":"Capacitor","floor":20.0},{"not_picked":["Aggregate+1","Static Discharge+1"],"picked":"Steam+1","floor":22},{"not_picked":["Self Repair","Cold Snap"],"picked":"Stack+1","floor":29},{"not_picked":["Multi-Cast+1","Creative AI"],"picked":"Electrodynamics","floor":33},{"not_picked":["Storm+1","Hologram+1"],"picked":"Loop","floor":35},{"not_picked":["Cold Snap","Rip and Tear+1","Sweeping Beam"],"picked":"SKIP","floor":36},{"not_picked":["PanicButton+1","Violence+1"],"picked":"Dark Shackles+1","floor":38},{"not_picked":["Redo+1","Compile Driver"],"picked":"Go for the Eyes+1","floor":39},{"not_picked":["Conserve Battery+1","Storm+1"],"picked":"FTL+1","floor":44}],"player_experience":262994,"relics_obtained":[{"floor":6.0,"key":"Toxic Egg 2"},{"floor":11.0,"key":"The Courier"},{"floor":13.0,"key":"Omamori"},{"floor":26,"key":"Oddly Smooth Stone"},{"floor":43,"key":"Regal Pillow"}],"event_choices":[{"event_name":"Cursed Tome","player_choice":"Ignored","floor":21,"damage_taken":0},{"event_name":"Beggar","player_choice":"Gave Gold","floor":24,"damage_taken":0},{"event_name":"Drug Dealer","player_choice":"Became Test Subject","floor":25,"damage_taken":0},{"event_name":"MindBloom","player_choice":"Gold","floor":37,"damage_taken":0},{"event_name":"SensoryStone","player_choice":"Memory 1","floor":38,"damage_taken":0},{"event_name":"Winding Halls","player_choice":"Embrace Madness","floor":42,"damage_taken":0},{"event_name":"Tomb of Lord Red Mask","player_choice":"Ignored","floor":46,"damage_taken":0},{"event_name":"Bonfire Elementals","player_choice":"BASIC","floor":48,"damage_taken":0}],"is_beta":false,"boss_relics":[{"not_picked":["White Beast Statue","FrozenCore"],"picked":"Empty Cage"},{"not_picked":["Calling Bell","Inserter"],"picked":"Fusion Hammer"}],"items_purged_floors":[40],"is_endless":false,"potions_floor_spawned":[4,6,7,10,11,14,16,20,22,44],"ascension_level":0}