{"gold_per_floor":[144,219,219,264,189,189,234,234,234,234,234,279,82,82,82,382,532,577,577,580,625,93,93,183,183,183,183,228,55,100,145,145,145],"floor_reached":33,"playtime":2887,"items_purged":[],"score":303,"play_id":"bc4d3045-f102-4216-a9a5-7c2abb34cd83","local_time":"20190629231226","daily_mods":["SealedDeck","Flight","Midas"],"is_ascension_mode":false,"campfire_choices":[{"floor":6,"key":"REST"},{"floor":8,"key":"REST"},{"floor":10,"key":"REST"},{"floor":15,"key":"REST"},{"floor":23,"key":"REST"},{"floor":27,"key":"REST"},{"floor":32,"key":"REST"}],"neow_cost":"","seed_source_timestamp":186248210660564,"circlet_count":0,"master_deck":["True Grit","Shockwave+1","Clash","Shrug It Off","Headbutt","Anger","Twin Strike","Bloodletting+1","Heavy Blade","Twin Strike","Pommel Strike","Armaments","Armaments","Clash+1","Anger","Rampage","Impervious+1","Entrench+1","Impervious+1","True Grit+1","Heavy Blade+1","Dropkick","Flex+1","Violence+1","Cleave+1","Searing Blow","Cleave","Perfected Strike","Rampage"],"special_seed":18077,"relics":["Burning Blood","Toxic Egg 2","Tiny House","Red Mask","Lantern","Lee\u0027s Waffle","Ornamental Fan","Mercury Hourglass","Blood Vial"],"potions_floor_usage":[16,28,31,33,33],"damage_taken":[{"damage":5,"enemies":"Small Slimes","floor":1,"turns":2},{"damage":11,"enemies":"Jaw Worm","floor":4,"turns":2},{"damage":3,"enemies":"Cultist","floor":7,"turns":3},{"damage":16,"enemies":"Red Slaver","floor":12,"turns":4},{"damage":72,"enemies":"The Guardian","floor":16,"turns":10},{"damage":5,"enemies":"Chosen","floor":18,"turns":7},{"damage":49,"enemies":"Masked Bandits","floor":20,"turns":8},{"damage":16,"enemies":"Shell Parasite","floor":21,"turns":3},{"damage":88,"enemies":"Slavers","floor":24,"turns":9},{"damage":29,"enemies":"Cultist and Chosen","floor":28,"turns":7},{"damage":2,"enemies":"Chosen and Byrds","floor":30,"turns":4},{"damage":11,"enemies":"Snake Plant","floor":31,"turns":4},{"damage":66,"enemies":"Automaton","floor":33,"turns":8}],"seed_played":"-5545824718059121764","potions_obtained":[{"floor":7,"key":"AttackPotion"},{"floor":11,"key":"LiquidBronze"},{"floor":11,"key":"SneckoOil"},{"floor":17,"key":"BloodPotion"},{"floor":18,"key":"Weak Potion"},{"floor":21,"key":"AttackPotion"},{"floor":28,"key":"Fire Potion"}],"is_trial":false,"path_per_floor":["M","?","?","M","$","R","M","R","T","R","?","M","$","?","R","B",null,"M","?","?","M","$","R","E","?","T","R","M","$","M","M","R","B"],"character_chosen":"IRONCLAD","items_purchased":["Armaments","Clash","Impervious+1","Entrench+1","Violence+1","Lantern","Lee\u0027s Waffle","Cleave","Blood Vial"],"campfire_rested":7,"item_purchase_floors":[5,5,13,13,22,22,22,29,29],"current_hp_per_floor":[80,69,80,75,75,80,80,80,80,80,80,70,70,54,78,12,85,85,69,26,16,97,97,15,15,15,44,30,30,36,33,62,0],"gold":145,"neow_bonus":"","is_prod":false,"is_daily":true,"chose_seed":false,"campfire_upgraded":0,"win_rate":0.0,"timestamp":1561867946,"path_taken":["M","?","?","M","$","R","M","R","T","R","?","?","?","?","R","BOSS","M","?","?","M","?","R","E","?","T","R","M","$","?","M","R","BOSS"],"build_version":"2019-01-23","purchased_purges":0,"victory":false,"max_hp_per_floor":[80,80,80,80,80,80,80,80,80,80,80,80,80,80,80,80,85,85,90,90,90,97,97,97,97,97,97,97,97,97,97,97,97],"card_choices":[{"not_picked":["Hemokinesis","Reckless Charge"],"picked":"Pommel Strike","floor":1},{"not_picked":["Clothesline","Whirlwind"],"picked":"Armaments","floor":4},{"not_picked":["Second Wind","Clash"],"picked":"Anger","floor":7},{"not_picked":["Pommel Strike","Anger"],"picked":"Rampage","floor":12},{"not_picked":["Exhume+1","Brutality"],"picked":"Impervious+1","floor":16},{"not_picked":["Heavy Blade","Iron Wave"],"picked":"True Grit+1","floor":17},{"not_picked":["Entrench+1","Warcry+1"],"picked":"Heavy Blade+1","floor":18},{"not_picked":["Armaments+1","Pummel"],"picked":"Dropkick","floor":20},{"not_picked":["Body Slam","Dual Wield+1"],"picked":"Flex+1","floor":21},{"not_picked":["Blood for Blood+1","Thunderclap"],"picked":"Cleave+1","floor":24},{"not_picked":["Battle Trance+1","Sever Soul"],"picked":"Searing Blow","floor":28},{"not_picked":["Anger","Body Slam"],"picked":"Perfected Strike","floor":30},{"not_picked":["Havoc+1","Second Wind+1"],"picked":"Rampage","floor":31}],"player_experience":23969,"relics_obtained":[{"floor":9,"key":"Toxic Egg 2"},{"floor":20,"key":"Red Mask"},{"floor":24,"key":"Ornamental Fan"},{"floor":26,"key":"Mercury Hourglass"}],"event_choices":[{"damage_healed":0,"gold_gain":75,"player_choice":"Gather Gold","damage_taken":11,"max_hp_gain":0,"max_hp_loss":0,"event_name":"World of Goop","floor":2,"gold_loss":0},{"damage_healed":26,"gold_gain":0,"player_choice":"Banana","damage_taken":0,"max_hp_gain":0,"max_hp_loss":0,"event_name":"Big Fish","floor":3,"gold_loss":0},{"damage_healed":0,"gold_gain":0,"player_choice":"Got Potions","damage_taken":0,"max_hp_gain":0,"max_hp_loss":0,"event_name":"Lab","floor":11,"gold_loss":0},{"damage_healed":0,"gold_gain":0,"player_choice":"Entered Light","damage_taken":16,"max_hp_gain":0,"max_hp_loss":0,"event_name":"Shining Light","floor":14,"gold_loss":0,"cards_upgraded":["Shockwave","Clash"]},{"damage_healed":0,"gold_gain":0,"player_choice":"Shed Blood","damage_taken":21,"max_hp_gain":5,"max_hp_loss":0,"event_name":"Forgotten Altar","floor":19,"gold_loss":0},{"damage_healed":0,"gold_gain":0,"player_choice":"Fought Bandits","damage_taken":0,"max_hp_gain":0,"max_hp_loss":0,"event_name":"Masked Bandits","floor":20,"gold_loss":0},{"damage_healed":0,"gold_gain":0,"player_choice":"Ignored","damage_taken":0,"max_hp_gain":0,"max_hp_loss":0,"event_name":"Ghosts","floor":25,"gold_loss":0}],"is_beta":false,"boss_relics":[{"not_picked":["Astrolabe","Sozu"],"picked":"Tiny House"}],"items_purged_floors":[],"is_endless":false,"potions_floor_spawned":[7,16,18,21,28],"killed_by":"Automaton","ascension_level":0}