{"gold_per_floor":[115,115,125,125,138,9,9,9,9,38,38,38,53,87,87,191,191,201,29,29,29,29,62,62,36,87,99,128,140,165,197,209,318,330,352,379,15,15,33,33,49,49,49,63,73,92,92,92,92,92],"floor_reached":51,"playtime":2678,"items_purged":["Strike_B","Strike_B","Defend_B"],"score":725,"play_id":"a6190714-10db-4bdb-bef8-d0a519e35dba","local_time":"20181012232716","is_ascension_mode":false,"campfire_choices":[{"data":"Zap","floor":7,"key":"SMITH"},{"data":"Self Repair","floor":11,"key":"SMITH"},{"data":"Creative AI","floor":15,"key":"SMITH"},{"data":"Defragment","floor":24,"key":"SMITH"},{"data":"Hologram","floor":27,"key":"SMITH"},{"data":"1","floor":32,"key":"LIFT"},{"data":"2","floor":40,"key":"LIFT"},{"data":"3","floor":42,"key":"LIFT"},{"floor":47,"key":"REST"},{"floor":49,"key":"REST"}],"neow_cost":"NONE","seed_source_timestamp":159957384199537,"circlet_count":0,"master_deck":["Defend_B","Defend_B","Zap+1","Dualcast","Sweeping Beam","Streamline+1","Self Repair+1","Steam","Leap","Stack","Lockon","Creative AI+1","Core Surge","Coolheaded","Glacier","Defragment+1","Hologram+1","FTL+1","Hello World","Machine Learning","Leap+1","Hologram+1","Discovery","Madness","Madness","Go for the Eyes+1","Leap+1","Stack+1","Turbo+1"],"relics":["Cracked Core","StoneCalendar","Girya","Blue Candle","Gambling Chip","Runic Dome","Kunai","Bronze Scales","MawBank","Fusion Hammer","Anchor","Toxic Egg 2","NlothsMask"],"potions_floor_usage":[50,50],"damage_taken":[{"damage":0,"enemies":"2 Louse","floor":1,"turns":2},{"damage":1,"enemies":"Jaw Worm","floor":3,"turns":3},{"damage":0,"enemies":"Small Slimes","floor":5,"turns":2},{"damage":11,"enemies":"Lagavulin","floor":10,"turns":6},{"damage":0,"enemies":"Red Slaver","floor":13,"turns":4},{"damage":22,"enemies":"3 Sentries","floor":14,"turns":5},{"damage":0,"enemies":"Slime Boss","floor":16,"turns":7},{"damage":8,"enemies":"2 Thieves","floor":18,"turns":4},{"damage":18,"enemies":"Gremlin Leader","floor":23,"turns":7},{"damage":7,"enemies":"Shell Parasite","floor":28,"turns":6},{"damage":7,"enemies":"3 Cultists","floor":30,"turns":5},{"damage":0,"enemies":"Centurion and Healer","floor":31,"turns":7},{"damage":79,"enemies":"Champ","floor":33,"turns":10},{"damage":7,"enemies":"3 Shapes","floor":35,"turns":7},{"damage":11,"enemies":"Orb Walker","floor":36,"turns":5},{"damage":0,"enemies":"Maw","floor":39,"turns":8},{"damage":14,"enemies":"3 Darklings","floor":41,"turns":7},{"damage":0,"enemies":"Sphere and 2 Shapes","floor":44,"turns":4},{"damage":0,"enemies":"Reptomancer","floor":45,"turns":5},{"damage":0,"enemies":"Transient","floor":46,"turns":5},{"damage":5,"enemies":"Awakened One","floor":50,"turns":15}],"seed_played":"927010113178320738","potions_obtained":[{"floor":3,"key":"Energy Potion"},{"floor":16,"key":"SpeedPotion"},{"floor":28,"key":"AttackPotion"},{"floor":30,"key":"Block Potion"},{"floor":44,"key":"FocusPotion"},{"floor":46,"key":"Strength Potion"}],"is_trial":false,"path_per_floor":["M","?","M","?","M","$","R","?","T","E","R","T","M","E","R","B",null,"M","$","?","?","?","E","R","$","T","R","M","$","M","M","R","B",null,"M","M","$","?","M","R","M","R","T","M","M","M","R","?","R","B"],"character_chosen":"DEFECT","items_purchased":["Leap","Glacier","Hologram","Discovery","Anchor"],"campfire_rested":2,"item_purchase_floors":[6,19,25,37,37],"current_hp_per_floor":[75,80,79,79,80,80,80,80,80,76,76,76,80,68,68,78,80,80,80,80,80,80,72,72,72,72,72,75,75,78,80,80,11,80,80,79,79,69,79,79,65,65,65,75,80,80,80,80,80,75],"gold":92,"neow_bonus":"TRANSFORM_CARD","is_prod":false,"is_daily":false,"chose_seed":false,"campfire_upgraded":5,"win_rate":0,"timestamp":1539354436,"path_taken":["M","?","M","?","M","$","R","?","T","E","R","?","?","E","R","BOSS","M","$","?","?","?","E","R","$","T","R","M","?","M","M","R","BOSS","M","M","$","?","M","R","M","R","T","M","M","M","R","?","R","BOSS"],"build_version":"2018-10-11","purchased_purges":3,"victory":true,"max_hp_per_floor":[75,80,80,80,80,80,80,80,80,80,80,80,80,80,80,80,80,80,80,80,80,80,80,80,80,80,80,80,80,80,80,80,80,80,80,80,80,80,80,80,80,80,80,80,80,80,80,80,80,80],"card_choices":[{"not_picked":["Loop","Sweeping Beam"],"picked":"Streamline","floor":1},{"not_picked":["Rebound","Lockon"],"picked":"Self Repair","floor":3},{"not_picked":["Turbo","Storm"],"picked":"Steam","floor":5},{"not_picked":["Steam","Sweeping Beam"],"picked":"Stack","floor":10},{"not_picked":["Beam Cell","Hologram"],"picked":"Lockon","floor":13},{"not_picked":["Blizzard","Sweeping Beam"],"picked":"Creative AI","floor":14},{"not_picked":["All For One","Reboot"],"picked":"Core Surge","floor":16},{"not_picked":["Compile Driver","Conserve Battery"],"picked":"Coolheaded","floor":18},{"not_picked":["Consume","Reprogram","Scrape"],"picked":"SKIP","floor":23},{"not_picked":["Turbo","Compile Driver+1"],"picked":"FTL+1","floor":28},{"not_picked":["Darkness","Steam Power+1","Streamline"],"picked":"SKIP","floor":30},{"not_picked":["Tempest+1","Conserve Battery"],"picked":"Hello World","floor":31},{"not_picked":["All For One","Fission"],"picked":"Machine Learning","floor":33},{"not_picked":["Chill+1","Scrape"],"picked":"Leap+1","floor":35},{"not_picked":["Leap","Redo+1"],"picked":"Hologram+1","floor":36},{"not_picked":["Conserve Battery","Coolheaded+1"],"picked":"Go for the Eyes+1","floor":39},{"not_picked":["Consume+1","Redo","Static Discharge"],"picked":"SKIP","floor":41},{"not_picked":["Thunder Strike","Cold Snap"],"picked":"Leap+1","floor":44},{"not_picked":["Steam+1","Redo+1"],"picked":"Stack+1","floor":45},{"not_picked":["Barrage+1","Ball Lightning"],"picked":"Turbo+1","floor":46}],"player_experience":204333,"relics_obtained":[{"floor":9,"key":"StoneCalendar"},{"floor":10,"key":"Girya"},{"floor":12,"key":"Blue Candle"},{"floor":14,"key":"Gambling Chip"},{"floor":23,"key":"Bronze Scales"},{"floor":26,"key":"MawBank"},{"floor":43,"key":"Toxic Egg 2"}],"event_choices":[{"event_name":"Big Fish","player_choice":"Donut","floor":2,"damage_taken":0},{"event_name":"Wheel of Change","player_choice":"Card Removal","floor":4,"damage_taken":0},{"event_name":"Living Wall","player_choice":"Grow","floor":8,"damage_taken":0},{"event_name":"Transmorgrifier","player_choice":"Transform","floor":20,"damage_taken":0},{"event_name":"The Mausoleum","player_choice":"Yes","floor":21,"damage_taken":0},{"event_name":"Beggar","player_choice":"Ignored","floor":22,"damage_taken":0},{"event_name":"Winding Halls","player_choice":"Embrace Madness","floor":38,"damage_taken":0},{"event_name":"FaceTrader","player_choice":"Trade","floor":48,"damage_taken":0}],"is_beta":false,"boss_relics":[{"not_picked":["Coffee Dripper","Eternal Feather"],"picked":"Runic Dome"},{"not_picked":["White Beast Statue","Empty Cage"],"picked":"Fusion Hammer"}],"items_purged_floors":[6,19,37],"is_endless":false,"potions_floor_spawned":[3,16,28,30,36,39,44,46],"ascension_level":0}