{"gold_per_floor":[11,28,38,49,49,77,77,77,129,129,159,175,186,186,186,287,287,307,319,335,52,151,151,51,78,147,165,165,165,195,214,214,313,313,333,351,361,63,63,63,92,105,105,105,130,130,5,5,5,5],"floor_reached":51,"playtime":6910,"items_purged":["Pain","Strike_G","Strike_G"],"score":872,"play_id":"7c13cb3a-a996-4c80-b459-2724cd7e0d36","local_time":"20190728182519","is_ascension_mode":true,"campfire_choices":[{"floor":7.0,"key":"REST"},{"data":"Night Terror","floor":10.0,"key":"SMITH"},{"data":"Catalyst","floor":15.0,"key":"SMITH"},{"data":"Bullet Time","floor":23.0,"key":"SMITH"},{"data":"Bouncing Flask","floor":29.0,"key":"SMITH"},{"floor":32.0,"key":"REST"},{"data":"Footwork","floor":40.0,"key":"SMITH"},{"data":"Blur","floor":49,"key":"SMITH"}],"neow_cost":"NO_GOLD","seed_source_timestamp":0,"circlet_count":0,"master_deck":["Strike_G","Strike_G","Strike_G","Defend_G","Defend_G","Defend_G","Defend_G+1","Defend_G","Survivor+1","Neutralize","Night Terror+1","Backflip","Bouncing Flask+1","Footwork+1","PiercingWail","Expertise","Catalyst+1","Blur+1","Bullet Time+1","Escape Plan+1","Well Laid Plans","Backflip","Dash","Adrenaline+1","Blur+1","Prepared+1","Bullet Time+1","Deadly Poison+1","Deflect+1","Deflect+1","Dodge and Roll+1","Clumsy","Madness+1","Madness+1"],"special_seed":0,"relics":["Ring of the Snake","Shuriken","Bag of Preparation","Anchor","Meat on the Bone","WarpedTongs","Runic Pyramid","OrangePellets","Oddly Smooth Stone","Toxic Egg 2","War Paint","Cursed Key","The Specimen","PreservedInsect","Happy Flower","Frozen Egg 2","SsserpentHead"],"potions_floor_usage":[50],"damage_taken":[{"damage":0.0,"enemies":"2 Louse","floor":1.0,"turns":2.0},{"damage":0.0,"enemies":"Jaw Worm","floor":2.0,"turns":6.0},{"damage":0.0,"enemies":"Cultist","floor":3.0,"turns":4.0},{"damage":5.0,"enemies":"Blue Slaver","floor":4.0,"turns":7.0},{"damage":12.0,"enemies":"Lagavulin","floor":6.0,"turns":8.0},{"damage":36.0,"enemies":"Gremlin Nob","floor":11.0,"turns":5.0},{"damage":4.0,"enemies":"Looter","floor":12.0,"turns":3.0},{"damage":5.0,"enemies":"Large Slime","floor":13.0,"turns":9.0},{"damage":11.0,"enemies":"Hexaghost","floor":16.0,"turns":9.0},{"damage":2.0,"enemies":"Spheric Guardian","floor":18.0,"turns":3.0},{"damage":1.0,"enemies":"3 Byrds","floor":19.0,"turns":6.0},{"damage":2.0,"enemies":"Centurion and Healer","floor":20.0,"turns":6.0},{"damage":3.0,"enemies":"Gremlin Leader","floor":25.0,"turns":4.0},{"damage":0.0,"enemies":"Shelled Parasite and Fungi","floor":27.0,"turns":10.0},{"damage":17.0,"enemies":"Book of Stabbing","floor":30.0,"turns":7.0},{"damage":15.0,"enemies":"3 Cultists","floor":31.0,"turns":5.0},{"damage":15.0,"enemies":"Collector","floor":33.0,"turns":13.0},{"damage":0.0,"enemies":"Orb Walker","floor":35.0,"turns":3.0},{"damage":0.0,"enemies":"3 Shapes","floor":36.0,"turns":4.0},{"damage":0.0,"enemies":"Jaw Worm Horde","floor":37.0,"turns":5.0},{"damage":0.0,"enemies":"Nemesis","floor":41.0,"turns":7.0},{"damage":0.0,"enemies":"4 Shapes","floor":42.0,"turns":5.0},{"damage":0,"enemies":"Giant Head","floor":45,"turns":5},{"damage":0,"enemies":"Awakened One","floor":50,"turns":21}],"seed_played":"7976394579781451903","potions_obtained":[{"floor":2.0,"key":"Dexterity Potion"},{"floor":4.0,"key":"Strength Potion"},{"floor":6.0,"key":"Poison Potion"},{"floor":13.0,"key":"EssenceOfSteel"},{"floor":16.0,"key":"FearPotion"},{"floor":19.0,"key":"FearPotion"},{"floor":27.0,"key":"Ancient Potion"},{"floor":31.0,"key":"FearPotion"},{"floor":33.0,"key":"GamblersBrew"},{"floor":36.0,"key":"Weak Potion"}],"is_trial":false,"path_per_floor":["M","M","M","M","?","E","R","?","T","R","E","M","M","?","R","B",null,"M","M","M","$","?","R","$","E","T","M","?","R","E","M","R","B",null,"M","M","M","$","?","R","E","M","T","?","E","?","$","?","R","B",null],"character_chosen":"THE_SILENT","items_purchased":["OrangePellets","The Specimen"],"campfire_rested":2,"item_purchase_floors":[21,38],"current_hp_per_floor":[70,70,70,65,40,28,49,54,54,54,18,26,33,33,33,34,75,73,72,70,70,70,70,70,67,67,67,67,67,50,47,69,54,75,75,75,75,75,75,75,75,75,75,66,66,66,66,66,66,66],"gold":5,"neow_bonus":"THREE_RARE_CARDS","is_prod":false,"is_daily":false,"chose_seed":false,"campfire_upgraded":6,"win_rate":1,"timestamp":1564363519,"path_taken":["M","M","M","M","?","E","R","?","T","R","E","M","M","?","R","BOSS","M","?","M","$","?","R","$","E","T","M","?","R","E","M","R","BOSS","M","M","M","$","?","R","E","M","T","?","E","?","$","?","R","BOSS"],"build_version":"2019-07-17","purchased_purges":3,"victory":true,"max_hp_per_floor":[70,70,70,70,70,70,70,75,75,75,75,75,75,75,75,75,75,75,75,75,75,75,75,75,75,75,75,75,75,75,75,75,75,75,75,75,75,75,75,75,75,75,75,75,75,75,75,75,75,75],"card_choices":[{"not_picked":["A Thousand Cuts","Phantasmal Killer"],"picked":"Night Terror","floor":0.0},{"not_picked":["Eviscerate","Dodge and Roll"],"picked":"Backflip","floor":1.0},{"not_picked":["Blade Dance","Poisoned Stab"],"picked":"Bouncing Flask","floor":2.0},{"not_picked":["Dodge and Roll","Quick Slash"],"picked":"Footwork","floor":3.0},{"not_picked":["Prepared","Eviscerate"],"picked":"PiercingWail","floor":4.0},{"not_picked":["Outmaneuver","Sucker Punch"],"picked":"Expertise","floor":6.0},{"not_picked":["Endless Agony","Poisoned Stab"],"picked":"Catalyst","floor":11.0},{"not_picked":["Dagger Spray","Reflex"],"picked":"Blur","floor":12.0},{"not_picked":["Reflex","Slice"],"picked":"Acrobatics","floor":13.0},{"not_picked":["Phantasmal Killer","Burst"],"picked":"Bullet Time","floor":16.0},{"not_picked":["Finisher","Outmaneuver"],"picked":"Escape Plan+1","floor":18.0},{"not_picked":["Dagger Throw+1","Underhanded Strike","Slice+1"],"picked":"SKIP","floor":19.0},{"not_picked":["Dagger Throw","PiercingWail+1"],"picked":"Well Laid Plans","floor":20.0},{"not_picked":["Sucker Punch","Slice"],"picked":"Backflip","floor":25.0},{"not_picked":["Finisher","Slice"],"picked":"Dash","floor":27.0},{"not_picked":["Night Terror+1","Quick Slash"],"picked":"Blur+1","floor":30.0},{"not_picked":["Underhanded Strike","All Out Attack+1"],"picked":"Prepared+1","floor":31.0},{"not_picked":["Glass Knife","Phantasmal Killer+1"],"picked":"Bullet Time+1","floor":33.0},{"not_picked":["Tactician+1","Dagger Spray+1"],"picked":"Deadly Poison+1","floor":35.0},{"not_picked":["Sucker Punch+1","Dash","Quick Slash"],"picked":"SKIP","floor":36.0},{"not_picked":["Quick Slash","Slice"],"picked":"Deflect+1","floor":37.0},{"not_picked":["Die Die Die","Bane+1"],"picked":"Deflect+1","floor":41.0},{"not_picked":["Dagger Spray","Bane"],"picked":"Dodge and Roll+1","floor":42.0},{"not_picked":["Heel Hook+1","Night Terror+1","Sucker Punch+1"],"picked":"SKIP","floor":45}],"player_experience":78235,"relics_obtained":[{"floor":6.0,"key":"Bag of Preparation"},{"floor":9.0,"key":"Anchor"},{"floor":11.0,"key":"Meat on the Bone"},{"floor":25.0,"key":"Oddly Smooth Stone"},{"floor":26.0,"key":"Toxic Egg 2"},{"floor":30.0,"key":"War Paint"},{"floor":41.0,"key":"PreservedInsect"},{"floor":43.0,"key":"Happy Flower"},{"floor":45,"key":"Frozen Egg 2"}],"event_choices":[{"damage_healed":0.0,"max_hp_gain":0.0,"max_hp_loss":0.0,"gold_gain":0.0,"event_name":"Scrap Ooze","player_choice":"Success","floor":5.0,"gold_loss":0.0,"damage_taken":25.0,"relics_obtained":["Shuriken"]},{"damage_healed":0.0,"max_hp_gain":5.0,"max_hp_loss":0.0,"gold_gain":0.0,"event_name":"Big Fish","player_choice":"Donut","floor":8.0,"gold_loss":0.0,"damage_taken":0.0},{"damage_healed":0.0,"max_hp_gain":0.0,"max_hp_loss":0.0,"gold_gain":0.0,"event_name":"Accursed Blacksmith","player_choice":"Rummage","floor":14.0,"gold_loss":0.0,"damage_taken":0.0,"relics_obtained":["WarpedTongs"],"cards_obtained":["Pain"]},{"damage_healed":0.0,"max_hp_gain":0.0,"max_hp_loss":0.0,"gold_gain":99.0,"event_name":"Nest","player_choice":"Stole From Cult","floor":22.0,"gold_loss":0.0,"damage_taken":0.0},{"damage_healed":0.0,"max_hp_gain":0.0,"max_hp_loss":0.0,"gold_gain":0.0,"event_name":"The Library","player_choice":"Read","floor":28.0,"gold_loss":0.0,"damage_taken":0.0,"cards_obtained":["Adrenaline"]},{"cards_removed":["Acrobatics"],"damage_healed":0.0,"max_hp_gain":0.0,"max_hp_loss":0.0,"gold_gain":0.0,"event_name":"Falling","player_choice":"Removed Skill","floor":39.0,"gold_loss":0.0,"damage_taken":0.0},{"damage_healed":0.0,"max_hp_gain":0.0,"max_hp_loss":0.0,"gold_gain":0.0,"event_name":"Winding Halls","player_choice":"Embrace Madness","floor":44.0,"gold_loss":0.0,"damage_taken":9.0,"cards_obtained":["Madness","Madness"]},{"damage_healed":0,"gold_gain":0,"player_choice":"Ignored","damage_taken":0,"max_hp_gain":0,"max_hp_loss":0,"event_name":"Tomb of Lord Red Mask","floor":46,"gold_loss":0},{"damage_healed":0,"gold_gain":0,"player_choice":"Trade","damage_taken":0,"relics_obtained":["SsserpentHead"],"max_hp_gain":0,"max_hp_loss":0,"event_name":"FaceTrader","floor":48,"gold_loss":0}],"is_beta":false,"boss_relics":[{"not_picked":["Tiny House","WristBlade"],"picked":"Runic Pyramid"},{"not_picked":["Calling Bell","White Beast Statue"],"picked":"Cursed Key"}],"items_purged_floors":[21,24,47],"is_endless":false,"potions_floor_spawned":[2,4,6,13,16,19,27,31,33,36,42,45],"ascension_level":1}