{"gold_per_floor":[113,131,198,198,54,83,32,52,52,109,109,127,158,158,158,255,255,265,282,47,57,107,107,18,18,43,55,90,102,120,150,150,150],"floor_reached":33,"playtime":2868,"items_purged":[],"score":320,"play_id":"e23e70b4-004f-4309-a2d0-fe5ff5f52aea","local_time":"20190831215044","is_ascension_mode":false,"campfire_choices":[{"floor":11,"key":"REST"},{"floor":15,"key":"REST"},{"data":"Apotheosis","floor":23,"key":"SMITH"},{"data":"Metallicize","floor":25,"key":"SMITH"},{"floor":32,"key":"REST"}],"neow_cost":"NONE","seed_source_timestamp":633539144660204,"circlet_count":0,"master_deck":["Strike_R","Strike_R","Strike_R","Strike_R","Strike_R","Defend_R","Defend_R+1","Defend_R","Defend_R","Bash","Clash","Whirlwind","Offering+1","Armaments","Shrug It Off","Flex","Cleave","Impervious","Clash","Metallicize+1","Apotheosis+1","Inflame","Pommel Strike","Hemokinesis+1","Perfected Strike","Cleave"],"relics":["Burning Blood","NeowsBlessing","Charon\u0027s Ashes","Matryoshka","Pantograph","Nunchaku","Busted Crown","Boot","Juzu Bracelet","Happy Flower","Shuriken"],"potions_floor_usage":[29,31,31,31],"damage_taken":[{"damage":0,"enemies":"Small Slimes","floor":1,"turns":1},{"damage":0,"enemies":"2 Louse","floor":2,"turns":1},{"damage":0,"enemies":"Gremlin Nob","floor":6,"turns":1},{"damage":17,"enemies":"Jaw Worm","floor":8,"turns":3},{"damage":64,"enemies":"Gremlin Nob","floor":10,"turns":6},{"damage":8,"enemies":"Looter","floor":12,"turns":2},{"damage":9,"enemies":"3 Sentries","floor":13,"turns":4},{"damage":56,"enemies":"Slime Boss","floor":16,"turns":10},{"damage":7,"enemies":"Chosen","floor":18,"turns":5},{"damage":6,"enemies":"Spheric Guardian","floor":19,"turns":3},{"damage":30,"enemies":"Centurion and Healer","floor":21,"turns":6},{"damage":22,"enemies":"Snake Plant","floor":27,"turns":4},{"damage":19,"enemies":"Slavers","floor":28,"turns":5},{"damage":23,"enemies":"Sentry and Sphere","floor":29,"turns":5},{"damage":16,"enemies":"Snecko","floor":30,"turns":4},{"damage":18,"enemies":"Book of Stabbing","floor":31,"turns":6},{"damage":83,"enemies":"Collector","floor":33,"turns":5}],"seed_played":"2545532292021607639","potions_obtained":[{"floor":2,"key":"BloodPotion"},{"floor":6,"key":"PowerPotion"},{"floor":12,"key":"Block Potion"},{"floor":16,"key":"GamblersBrew"},{"floor":27,"key":"EssenceOfSteel"},{"floor":30,"key":"Strength Potion"},{"floor":31,"key":"AttackPotion"}],"is_trial":false,"path_per_floor":["M","M","?","?","$","E","$","M","T","?","R","M","E","?","R","B",null,"M","M","$","M","?","R","$","R","T","M","E","M","M","E","R","B"],"character_chosen":"IRONCLAD","items_purchased":["Offering","Shrug It Off","Metallicize","Apotheosis","Inflame","Pommel Strike"],"campfire_rested":3,"item_purchase_floors":[5,7,20,20,24,24],"current_hp_per_floor":[80,80,80,85,85,85,85,74,74,16,41,39,36,19,44,19,85,84,84,84,60,60,60,60,60,60,44,31,35,25,13,38,0],"gold":150,"neow_bonus":"THREE_ENEMY_KILL","is_prod":false,"is_daily":false,"chose_seed":false,"campfire_upgraded":2,"win_rate":0.0,"timestamp":1567306244,"path_taken":["M","M","?","?","?","E","$","M","T","?","R","M","E","?","R","BOSS","M","M","$","M","?","R","?","R","T","M","E","M","M","E","R","BOSS"],"build_version":"2019-07-17","purchased_purges":0,"victory":false,"max_hp_per_floor":[80,80,80,85,85,85,85,85,85,85,85,85,85,85,85,85,85,85,85,85,85,85,85,85,85,85,85,85,85,85,85,85,85],"card_choices":[{"not_picked":["Anger","Rupture"],"picked":"Clash","floor":1},{"not_picked":["Burning Pact","Entrench"],"picked":"Whirlwind","floor":2},{"not_picked":["Twin Strike","Wild Strike"],"picked":"Armaments","floor":6},{"not_picked":["Twin Strike","Thunderclap"],"picked":"Flex","floor":8},{"not_picked":["Dual Wield","Feel No Pain"],"picked":"Cleave","floor":10},{"not_picked":["Rupture","Evolve","True Grit"],"picked":"SKIP","floor":12},{"not_picked":["Blood for Blood","Sword Boomerang","Warcry"],"picked":"SKIP","floor":13},{"not_picked":["Demon Form","Brutality"],"picked":"Impervious","floor":16},{"not_picked":[],"picked":"Clash","floor":18},{"not_picked":["Combust"],"picked":"SKIP","floor":19},{"not_picked":["Clothesline+1"],"picked":"SKIP","floor":21},{"not_picked":[],"picked":"Hemokinesis+1","floor":27},{"not_picked":["Warcry"],"picked":"SKIP","floor":28},{"not_picked":[],"picked":"Perfected Strike","floor":29},{"not_picked":["Twin Strike"],"picked":"SKIP","floor":30},{"not_picked":[],"picked":"Cleave","floor":31}],"player_experience":56702,"relics_obtained":[{"floor":6,"key":"Charon\u0027s Ashes"},{"floor":9,"key":"Matryoshka"},{"floor":10,"key":"Pantograph"},{"floor":13,"key":"Nunchaku"},{"floor":26,"key":"Boot"},{"floor":26,"key":"Juzu Bracelet"},{"floor":28,"key":"Happy Flower"},{"floor":31,"key":"Shuriken"}],"event_choices":[{"damage_healed":0,"gold_gain":67,"player_choice":"Gained Gold","damage_taken":0,"max_hp_gain":0,"max_hp_loss":0,"event_name":"Golden Wing","floor":3,"gold_loss":0},{"damage_healed":0,"gold_gain":0,"player_choice":"Donut","damage_taken":0,"max_hp_gain":5,"max_hp_loss":0,"event_name":"Big Fish","floor":4,"gold_loss":0},{"damage_healed":0,"gold_gain":0,"player_choice":"Searched \u00272\u0027 times","damage_taken":0,"max_hp_gain":0,"max_hp_loss":0,"event_name":"Dead Adventurer","floor":10,"gold_loss":0},{"damage_healed":0,"gold_gain":0,"player_choice":"Entered Light","damage_taken":17,"max_hp_gain":0,"max_hp_loss":0,"event_name":"Shining Light","floor":14,"gold_loss":0,"cards_upgraded":["Offering","Defend_R"]},{"damage_healed":0,"gold_gain":100,"player_choice":"Bet on Murderer","damage_taken":0,"max_hp_gain":0,"max_hp_loss":0,"event_name":"The Joust","floor":22,"gold_loss":50}],"is_beta":false,"boss_relics":[{"not_picked":["Empty Cage","Eternal Feather"],"picked":"Busted Crown"}],"items_purged_floors":[],"is_endless":false,"potions_floor_spawned":[2,6,12,16,27,30,31],"killed_by":"Collector","ascension_level":0}