{"gold_per_floor":[117,23,37,11,21,52,71,71,125,125,137,168,168,188,188,284,284,298,39,73,93,105,105,118,118,118,118,136,146,166,183,183,278,278,293,293,308,41,57,57,72,72,72,103,103,103,203,217,217,217],"floor_reached":51,"playtime":2860,"items_purged":["Injury"],"score":718,"play_id":"6e199287-f553-4fc1-bf9c-4fa00b4be166","local_time":"20181029202824","is_ascension_mode":false,"campfire_choices":[{"data":"Armaments","floor":10.0,"key":"SMITH"},{"data":"Body Slam","floor":13.0,"key":"SMITH"},{"data":"Barricade","floor":15.0,"key":"SMITH"},{"data":"Whirlwind","floor":23.0,"key":"SMITH"},{"data":"True Grit","floor":25.0,"key":"SMITH"},{"data":"True Grit","floor":27.0,"key":"SMITH"},{"data":"Shrug It Off","floor":32.0,"key":"SMITH"},{"data":"Offering","floor":40.0,"key":"SMITH"},{"data":"Disarm","floor":42.0,"key":"SMITH"},{"floor":45,"key":"REST"},{"floor":49,"key":"REST"}],"neow_cost":"NONE","seed_source_timestamp":128512074856632,"circlet_count":0,"master_deck":["Bash","Armaments+1","True Grit+1","Whirlwind+1","Twin Strike","Shrug It Off+1","Thunderclap","True Grit+1","Body Slam+1","Barricade+1","Shrug It Off","Shrug It Off","Disarm+1","Double Tap","Juggernaut","Clash","Carnage","Disarm","Perfected Strike","Pommel Strike","Perfected Strike","Sentinel","Armaments","Infernal Blade","Warcry+1","Madness","Madness","Offering+1","Purity","Shrug It Off+1"],"special_seed":0,"relics":["Burning Blood","NeowsBlessing","Pear","Art of War","War Paint","Cursed Key","Gremlin Horn","Red Mask","Du-Vu Doll","Pandora\u0027s Box","Ancient Tea Set","Girya"],"potions_floor_usage":[50,50,50],"damage_taken":[{"damage":0.0,"enemies":"Cultist","floor":1.0,"turns":1.0},{"damage":0.0,"enemies":"Jaw Worm","floor":3.0,"turns":1.0},{"damage":0.0,"enemies":"Small Slimes","floor":5.0,"turns":2.0},{"damage":40.0,"enemies":"3 Sentries","floor":6.0,"turns":9.0},{"damage":4.0,"enemies":"2 Fungi Beasts","floor":7.0,"turns":4.0},{"damage":12.0,"enemies":"Blue Slaver","floor":11.0,"turns":4.0},{"damage":7.0,"enemies":"Lagavulin","floor":12.0,"turns":8.0},{"damage":0.0,"enemies":"Exordium Wildlife","floor":14.0,"turns":3.0},{"damage":3.0,"enemies":"Hexaghost","floor":16.0,"turns":10.0},{"damage":7.0,"enemies":"3 Byrds","floor":18.0,"turns":5.0},{"damage":0.0,"enemies":"Masked Bandits","floor":20.0,"turns":2.0},{"damage":9.0,"enemies":"2 Thieves","floor":21.0,"turns":5.0},{"damage":25.0,"enemies":"Cultist and Chosen","floor":22.0,"turns":7.0},{"damage":18.0,"enemies":"3 Cultists","floor":24.0,"turns":4.0},{"damage":4.0,"enemies":"Shelled Parasite and Fungi","floor":28.0,"turns":4.0},{"damage":18.0,"enemies":"Snake Plant","floor":29.0,"turns":7.0},{"damage":0.0,"enemies":"3 Cultists","floor":30.0,"turns":4.0},{"damage":0.0,"enemies":"Chosen and Byrds","floor":31.0,"turns":5.0},{"damage":15.0,"enemies":"Champ","floor":33.0,"turns":18.0},{"damage":4.0,"enemies":"Orb Walker","floor":35.0,"turns":3.0},{"damage":0.0,"enemies":"3 Shapes","floor":37.0,"turns":6.0},{"damage":6.0,"enemies":"3 Darklings","floor":39.0,"turns":2.0},{"damage":16.0,"enemies":"4 Shapes","floor":41.0,"turns":6.0},{"damage":60,"enemies":"Nemesis","floor":44,"turns":9},{"damage":12,"enemies":"Mind Bloom Boss Battle","floor":47,"turns":6},{"damage":0,"enemies":"Maw","floor":48,"turns":7},{"damage":14,"enemies":"Awakened One","floor":50,"turns":12}],"seed_played":"1853969695264400759","potions_obtained":[{"floor":3.0,"key":"FearPotion"},{"floor":5.0,"key":"Strength Potion"},{"floor":7.0,"key":"Poison Potion"},{"floor":14.0,"key":"Explosive Potion"},{"floor":21.0,"key":"Poison Potion"},{"floor":28.0,"key":"Explosive Potion"},{"floor":30.0,"key":"SteroidPotion"},{"floor":33.0,"key":"LiquidBronze"},{"floor":47,"key":"PowerPotion"}],"is_trial":false,"path_per_floor":["M","$","M","$","M","E","M","?","T","R","M","E","R","M","R","B",null,"M","$","?","M","M","R","M","R","T","R","M","M","M","M","R","B",null,"M","?","M","$","M","R","M","R","T","E","R","?","?","M","R","B"],"character_chosen":"IRONCLAD","items_purchased":["True Grit","Whirlwind","Shrug It Off","Gremlin Horn","Offering","Dexterity Potion"],"campfire_rested":2,"item_purchase_floors":[2,2,4,19,38,38],"current_hp_per_floor":[80,80,80,80,80,56,58,58,58,58,52,51,51,57,57,60,90,89,89,90,87,68,68,56,56,56,56,58,46,52,58,58,49,90,90,79,85,85,85,85,75,75,75,21,48,48,42,48,75,67],"gold":217,"neow_bonus":"THREE_ENEMY_KILL","is_prod":false,"is_daily":false,"chose_seed":false,"campfire_upgraded":9,"win_rate":0,"timestamp":1540812504,"path_taken":["M","$","?","$","M","E","M","?","T","R","M","E","R","M","R","BOSS","M","$","?","M","M","R","M","R","T","R","M","M","?","M","R","BOSS","M","?","M","$","M","R","M","R","T","E","R","?","?","M","R","BOSS"],"build_version":"2018-10-25v2","purchased_purges":1,"victory":true,"max_hp_per_floor":[80,80,80,80,80,90,90,90,90,90,90,90,90,90,90,90,90,90,90,90,90,90,90,90,90,90,90,90,90,90,90,90,90,90,90,90,90,90,90,90,90,90,90,90,90,90,90,90,90,90],"card_choices":[{"not_picked":["Warcry","Heavy Blade"],"picked":"Armaments","floor":1.0},{"not_picked":["Warcry","Blood for Blood"],"picked":"Twin Strike","floor":3.0},{"not_picked":["Carnage","Clash"],"picked":"Thunderclap","floor":5.0},{"not_picked":["Impervious","Cleave"],"picked":"True Grit","floor":6.0},{"not_picked":["Havoc","Twin Strike","Anger"],"picked":"SKIP","floor":7.0},{"not_picked":["Perfected Strike","Combust","Havoc"],"picked":"SKIP","floor":11.0},{"not_picked":["Anger","Twin Strike"],"picked":"Body Slam","floor":12.0},{"not_picked":["Warcry","Anger"],"picked":"Barricade","floor":14.0},{"not_picked":["Headbutt","Iron Wave","Pummel+1"],"picked":"SKIP","floor":18.0},{"not_picked":["Rupture","Burning Pact","Cleave"],"picked":"SKIP","floor":21.0},{"not_picked":["Clothesline","Intimidate"],"picked":"Shrug It Off","floor":22.0},{"not_picked":["Cleave","Sever Soul"],"picked":"Shrug It Off","floor":24.0},{"not_picked":["Headbutt+1","Havoc"],"picked":"Disarm","floor":28.0},{"not_picked":["Cleave","Clash"],"picked":"Double Tap","floor":29.0},{"not_picked":["Fire Breathing","Flex","Havoc"],"picked":"SKIP","floor":30.0},{"not_picked":["Iron Wave","Seeing Red","Fire Breathing"],"picked":"SKIP","floor":31.0},{"not_picked":["Feed","Reaper"],"picked":"Juggernaut","floor":33.0},{"not_picked":["Thunderclap+1","Bloodletting+1"],"picked":"Warcry+1","floor":35.0},{"not_picked":["Carnage+1","Evolve","Headbutt"],"picked":"SKIP","floor":37.0},{"not_picked":["Dropkick+1","Heavy Blade","Thunderclap"],"picked":"SKIP","floor":39.0},{"not_picked":["Searing Blow","Twin Strike","Iron Wave+1"],"picked":"SKIP","floor":41.0},{"not_picked":["Blood for Blood+1","Twin Strike+1","Headbutt+1"],"picked":"SKIP","floor":44},{"not_picked":["Metamorphosis","Secret Weapon"],"picked":"Purity","floor":46},{"not_picked":["Warcry+1","Armaments"],"picked":"Shrug It Off+1","floor":47},{"not_picked":["Clothesline","Perfected Strike+1","Pommel Strike+1"],"picked":"SKIP","floor":48}],"player_experience":372736,"relics_obtained":[{"floor":6.0,"key":"Pear"},{"floor":9.0,"key":"Art of War"},{"floor":12.0,"key":"War Paint"},{"floor":20.0,"key":"Red Mask"},{"floor":26.0,"key":"Du-Vu Doll"},{"floor":44,"key":"Ancient Tea Set"},{"floor":47,"key":"Girya"}],"event_choices":[{"damage_healed":0.0,"max_hp_gain":0.0,"max_hp_loss":0.0,"gold_gain":0.0,"event_name":"Liars Game","player_choice":"Ignored","floor":8.0,"gold_loss":0.0,"damage_taken":0.0},{"damage_healed":0.0,"max_hp_gain":0.0,"max_hp_loss":0.0,"gold_gain":0.0,"event_name":"Masked Bandits","player_choice":"Fought Bandits","floor":20.0,"gold_loss":0.0,"damage_taken":0.0},{"damage_healed":0.0,"max_hp_gain":0.0,"max_hp_loss":0.0,"gold_gain":0.0,"event_name":"Winding Halls","player_choice":"Embrace Madness","floor":36.0,"gold_loss":0.0,"damage_taken":11.0,"cards_obtained":["Madness","Madness"]},{"damage_healed":0,"gold_gain":0,"player_choice":"Memory 1","damage_taken":0,"max_hp_gain":0,"max_hp_loss":0,"event_name":"SensoryStone","floor":46,"gold_loss":0},{"damage_healed":0,"gold_gain":0,"player_choice":"Fight","damage_taken":0,"max_hp_gain":0,"max_hp_loss":0,"event_name":"MindBloom","floor":47,"gold_loss":0}],"is_beta":false,"boss_relics":[{"not_picked":["Tiny House","Coffee Dripper"],"picked":"Cursed Key"},{"not_picked":["Calling Bell","Black Blood"],"picked":"Pandora\u0027s Box"}],"items_purged_floors":[38],"is_endless":false,"potions_floor_spawned":[3,5,7,14,21,28,30,33,35,44,47,48],"ascension_level":0}