{"gold_per_floor":[111,36,56,74,74,74,102,114,172,84,84,96,96,106,106,211,211,226,244,47,59,59,59,87,87,112,123,123,87,97,113,113,212,212,224,224,224,237,249,278,153,153,177,195,195,45,45,58,58,58],"floor_reached":51,"playtime":1930,"items_purged":["Strike_R","Strike_R","Defend_R+1","Strike_R"],"score":747,"play_id":"dcaaf310-df0b-401a-8ffd-a92e6b3895da","local_time":"20181007183608","is_ascension_mode":false,"campfire_choices":[{"data":"Bash","floor":6,"key":"SMITH"},{"data":"Flex","floor":8,"key":"SMITH"},{"data":"Limit Break","floor":13,"key":"SMITH"},{"data":"Flex","floor":15,"key":"SMITH"},{"data":"Reaper","floor":23,"key":"SMITH"},{"data":"Seeing Red","floor":25,"key":"SMITH"},{"data":"Inflame","floor":32,"key":"SMITH"},{"data":"Metallicize","floor":42,"key":"SMITH"},{"data":"Clash","floor":45,"key":"SMITH"},{"data":"Clash","floor":49,"key":"SMITH"}],"neow_cost":"NONE","seed_source_timestamp":608987110348203,"circlet_count":0,"master_deck":["Bash+1","Limit Break+1","Flex+1","Flex+1","Clash+1","Clash","Metallicize+1","Reaper+1","Seeing Red+1","Clash+1","Infernal Blade+1","Inflame+1","Shrug It Off","Whirlwind+1","Clash","Bandage Up","Flex+1","Warcry"],"relics":["Burning Blood","MawBank","Pen Nib","Empty Cage","Strange Spoon","Potion Belt","Lantern","Runic Pyramid","Magic Flower","Question Card","Happy Flower"],"potions_floor_usage":[30,33,33,40,50,50,50,50],"damage_taken":[{"damage":7,"enemies":"Small Slimes","floor":1,"turns":4},{"damage":12,"enemies":"Cultist","floor":3,"turns":5},{"damage":6,"enemies":"Jaw Worm","floor":4,"turns":4},{"damage":38,"enemies":"Gremlin Nob","floor":7,"turns":4},{"damage":5,"enemies":"Looter","floor":12,"turns":3},{"damage":6,"enemies":"Exordium Wildlife","floor":14,"turns":4},{"damage":7,"enemies":"The Guardian","floor":16,"turns":7},{"damage":10,"enemies":"Chosen","floor":18,"turns":2},{"damage":34,"enemies":"3 Byrds","floor":19,"turns":6},{"damage":7,"enemies":"Cultist and Chosen","floor":21,"turns":5},{"damage":1,"enemies":"Gremlin Leader","floor":24,"turns":4},{"damage":28,"enemies":"Snake Plant","floor":27,"turns":3},{"damage":15,"enemies":"3 Cultists","floor":30,"turns":3},{"damage":17,"enemies":"Centurion and Healer","floor":31,"turns":5},{"damage":28,"enemies":"Automaton","floor":33,"turns":5},{"damage":25,"enemies":"Orb Walker","floor":35,"turns":3},{"damage":0,"enemies":"Mind Bloom Boss Battle","floor":36,"turns":3},{"damage":25,"enemies":"3 Darklings","floor":38,"turns":7},{"damage":34,"enemies":"Reptomancer","floor":39,"turns":4},{"damage":13,"enemies":"Giant Head","floor":40,"turns":4},{"damage":4,"enemies":"Transient","floor":44,"turns":5},{"damage":0,"enemies":"4 Shapes","floor":48,"turns":1},{"damage":34,"enemies":"Time Eater","floor":50,"turns":4}],"seed_played":"7964304577757823949","potions_obtained":[{"floor":4,"key":"Ancient Potion"},{"floor":7,"key":"Swift Potion"},{"floor":16,"key":"Regen Potion"},{"floor":24,"key":"AttackPotion"},{"floor":27,"key":"Swift Potion"},{"floor":28,"key":"Strength Potion"},{"floor":30,"key":"Strength Potion"},{"floor":40,"key":"Energy Potion"},{"floor":48,"key":"Energy Potion"}],"is_trial":false,"path_per_floor":["M","$","M","M","?","R","E","R","T","$","?","M","R","M","R","B",null,"M","M","$","M","?","R","E","R","T","M","?","$","M","M","R","B",null,"M","?","?","M","M","E","$","R","T","M","R","$","?","M","R","B"],"character_chosen":"IRONCLAD","items_purchased":["Strange Spoon","Inflame"],"campfire_rested":0,"item_purchase_floors":[20,29],"current_hp_per_floor":[79,79,73,73,78,78,46,46,46,46,29,30,30,30,30,29,85,81,78,78,77,77,77,82,82,82,60,60,60,78,67,67,45,85,66,72,72,85,60,85,85,85,85,85,85,85,85,85,85,85],"gold":58,"neow_bonus":"TRANSFORM_CARD","is_prod":false,"is_daily":false,"chose_seed":false,"campfire_upgraded":10,"win_rate":0,"timestamp":1538904968,"path_taken":["M","$","M","M","?","R","E","R","T","?","?","M","R","M","R","BOSS","M","M","$","M","?","R","E","R","T","M","?","$","?","M","R","BOSS","M","?","?","M","M","E","$","R","T","M","R","$","?","?","R","BOSS"],"build_version":"2018-10-04v2","purchased_purges":4,"victory":true,"max_hp_per_floor":[80,80,80,80,85,85,85,85,85,85,85,85,85,85,85,85,85,85,85,85,85,85,85,85,85,85,85,85,85,85,85,85,85,85,85,85,85,85,85,85,85,85,85,85,85,85,85,85,85,85],"card_choices":[{"not_picked":["Headbutt","Heavy Blade"],"picked":"Flex","floor":1},{"not_picked":["Armaments","Combust"],"picked":"Flex","floor":3},{"not_picked":["Rage","Perfected Strike"],"picked":"Clash","floor":4},{"not_picked":["Dark Embrace","Cleave","Perfected Strike"],"picked":"SKIP","floor":7},{"not_picked":["Warcry","Thunderclap"],"picked":"Clash","floor":12},{"not_picked":["Infernal Blade","Armaments"],"picked":"Metallicize","floor":14},{"not_picked":["Exhume","Feed"],"picked":"Reaper","floor":16},{"not_picked":["Sword Boomerang","Iron Wave+1"],"picked":"Seeing Red","floor":18},{"not_picked":["Evolve","Entrench"],"picked":"Clash","floor":19},{"not_picked":["Flame Barrier","Body Slam"],"picked":"Infernal Blade+1","floor":21},{"not_picked":["Body Slam","Thunderclap","Entrench"],"picked":"SKIP","floor":24},{"not_picked":["Corruption+1","True Grit","Headbutt"],"picked":"SKIP","floor":27},{"not_picked":["Cleave","Rupture"],"picked":"Shrug It Off","floor":30},{"not_picked":["Havoc+1","Perfected Strike+1"],"picked":"Whirlwind+1","floor":31},{"not_picked":["Reckless Charge","Twin Strike","Havoc+1"],"picked":"SKIP","floor":35},{"not_picked":["Havoc+1","True Grit"],"picked":"Clash","floor":36},{"not_picked":["HandOfGreed","Swift Strike"],"picked":"Bandage Up","floor":37},{"not_picked":["Sword Boomerang+1","Pommel Strike+1","Iron Wave"],"picked":"SKIP","floor":38},{"not_picked":["Clash+1","Havoc"],"picked":"Flex+1","floor":39},{"not_picked":["Wild Strike+1","Cleave+1"],"picked":"Warcry","floor":40},{"not_picked":["Pummel+1","Hemokinesis+1","Flame Barrier+1","Disarm"],"picked":"SKIP","floor":44},{"not_picked":["Bloodletting+1","Bludgeon","Entrench+1","Pommel Strike"],"picked":"SKIP","floor":48}],"player_experience":145330,"relics_obtained":[{"floor":7,"key":"MawBank"},{"floor":9,"key":"Pen Nib"},{"floor":24,"key":"Potion Belt"},{"floor":26,"key":"Lantern"},{"floor":36,"key":"Magic Flower"},{"floor":40,"key":"Question Card"},{"floor":43,"key":"Happy Flower"}],"event_choices":[{"event_name":"Big Fish","player_choice":"Donut","floor":5,"damage_taken":0},{"event_name":"Shining Light","player_choice":"Entered Light","floor":11,"damage_taken":0},{"event_name":"Bonfire Elementals","player_choice":"BASIC","floor":22,"damage_taken":0},{"event_name":"The Lab","player_choice":"Got Potions","floor":28,"damage_taken":0},{"event_name":"MindBloom","player_choice":"Fight","floor":36,"damage_taken":0},{"event_name":"SensoryStone","player_choice":"Memory 1","floor":37,"damage_taken":0},{"event_name":"Purifier","player_choice":"One Purge","floor":47,"damage_taken":0}],"is_beta":false,"boss_relics":[{"not_picked":["White Beast Statue","Black Star"],"picked":"Empty Cage"},{"not_picked":["Astrolabe","Lizard Tail"],"picked":"Runic Pyramid"}],"items_purged_floors":[2,10,41,46],"is_endless":false,"potions_floor_spawned":[4,7,16,18,24,27,30,40,48],"ascension_level":0}