{"gold_per_floor":[113,131,143,93,268,268,282,282,352,352,371,387,387,387,387,483,483,500,518,533,533,40,40,58,58,58,68,79,97,125,125,125,223,223,233,245,245,245,245,245,274,34,34,34,0,0,0,15,15,15],"floor_reached":51,"playtime":2263,"items_purged":["Strike_B"],"score":862,"play_id":"78e77b91-5b02-472e-95d2-cbbe6ac93c5c","local_time":"20181025230309","is_ascension_mode":false,"campfire_choices":[{"data":"Sunder","floor":6.0,"key":"SMITH"},{"data":"White Noise","floor":8.0,"key":"SMITH"},{"data":"Dualcast","floor":10.0,"key":"SMITH"},{"data":"Leap","floor":15.0,"key":"SMITH"},{"floor":23.0,"key":"REST"},{"data":"Loop","floor":25.0,"key":"SMITH"},{"floor":32,"key":"REST"},{"data":"Defragment","floor":40,"key":"SMITH"},{"data":"Loop","floor":49,"key":"SMITH"}],"neow_cost":"NONE","seed_source_timestamp":771664187234222,"circlet_count":0,"master_deck":["Strike_B","Strike_B","Defend_B","Defend_B","Defend_B","Defend_B","Zap+1","Dualcast+1","Go for the Eyes","Sweeping Beam","Sunder+1","White Noise+1","Leap+1","Cold Snap+1","Electrodynamics","Loop+1","Consume","BootSequence","Turbo+1","Coolheaded","Leap","Conserve Battery","Leap+1","Ghostly","Ghostly","Ghostly","Ghostly","Ghostly","Biased Cognition","Coolheaded","Hologram+1","Defragment+1","Finesse","Seek","Loop+1","Coolheaded","Coolheaded"],"special_seed":0,"relics":["FrozenCore","Molten Egg 2","Question Card","Inserter","ClockworkSouvenir","Happy Flower","Darkstone Periapt","Juzu Bracelet","StoneCalendar","Gremlin Horn","Lantern","Symbiotic Virus","Red Mask"],"potions_floor_usage":[50,50,50],"damage_taken":[{"damage":0.0,"enemies":"2 Louse","floor":1.0,"turns":2.0},{"damage":0.0,"enemies":"Small Slimes","floor":2.0,"turns":2.0},{"damage":3.0,"enemies":"Jaw Worm","floor":3.0,"turns":3.0},{"damage":7.0,"enemies":"Looter","floor":7.0,"turns":3.0},{"damage":0.0,"enemies":"Exordium Thugs","floor":11.0,"turns":3.0},{"damage":4.0,"enemies":"Red Slaver","floor":12.0,"turns":4.0},{"damage":29.0,"enemies":"Hexaghost","floor":16.0,"turns":9.0},{"damage":0.0,"enemies":"Spheric Guardian","floor":18.0,"turns":3.0},{"damage":11.0,"enemies":"Shell Parasite","floor":19.0,"turns":4.0},{"damage":10.0,"enemies":"Centurion and Healer","floor":20.0,"turns":5.0},{"damage":30.0,"enemies":"Colosseum Slavers","floor":21.0,"turns":4.0},{"damage":0.0,"enemies":"3 Cultists","floor":24.0,"turns":3.0},{"damage":9.0,"enemies":"Shelled Parasite and Fungi","floor":27.0,"turns":5.0},{"damage":12.0,"enemies":"Snake Plant","floor":28.0,"turns":5.0},{"damage":6.0,"enemies":"Centurion and Healer","floor":29.0,"turns":7.0},{"damage":0.0,"enemies":"Book of Stabbing","floor":30.0,"turns":4.0},{"damage":2,"enemies":"Champ","floor":33,"turns":15},{"damage":0,"enemies":"Orb Walker","floor":35,"turns":5},{"damage":0,"enemies":"3 Shapes","floor":36,"turns":7},{"damage":0,"enemies":"Mind Bloom Boss Battle","floor":38,"turns":10},{"damage":0,"enemies":"Giant Head","floor":41,"turns":10},{"damage":0,"enemies":"Spire Growth","floor":48,"turns":8},{"damage":0,"enemies":"Donu and Deca","floor":50,"turns":12}],"seed_played":"7902411110798429556","potions_obtained":[{"floor":2.0,"key":"Fire Potion"},{"floor":3.0,"key":"Swift Potion"},{"floor":12.0,"key":"LiquidBronze"},{"floor":18.0,"key":"GamblersBrew"},{"floor":27.0,"key":"Weak Potion"},{"floor":28.0,"key":"Energy Potion"},{"floor":33,"key":"Dexterity Potion"},{"floor":35,"key":"EssenceOfSteel"}],"is_trial":false,"path_per_floor":["M","M","M","?","?","R","M","R","T","R","M","M","T","?","R","B",null,"M","M","M","?","$","R","M","R","T","M","M","M","E","?","R","B",null,"M","M","?","?","?","R","E","$","T","$","?","$","$","M","R","B"],"character_chosen":"DEFECT","items_purchased":["ClockworkSouvenir","Happy Flower","FocusPotion","Lantern","Loop","Coolheaded"],"campfire_rested":2,"item_purchase_floors":[22,22,22,42,42,42],"current_hp_per_floor":[75,75,72,72,72,72,65,65,65,65,65,61,61,61,61,32,75,75,64,54,24,24,46,46,46,46,37,25,19,19,19,30,28,37,37,37,35,35,35,35,35,35,35,35,35,35,35,35,35,35],"gold":15,"neow_bonus":"UPGRADE_CARD","is_prod":false,"is_daily":false,"chose_seed":false,"campfire_upgraded":7,"win_rate":0,"timestamp":1540476189,"path_taken":["M","M","M","?","?","R","M","R","T","R","M","?","?","?","R","BOSS","M","M","M","?","$","R","M","R","T","M","M","M","E","?","R","BOSS","M","M","?","?","?","R","E","$","T","?","?","?","$","M","R","BOSS"],"build_version":"2018-10-18","purchased_purges":1,"victory":true,"max_hp_per_floor":[75,75,75,75,75,75,75,75,75,75,75,75,75,75,75,75,75,75,75,75,75,75,75,75,75,75,75,75,75,75,37,37,37,37,37,37,35,35,35,35,35,35,35,35,35,35,35,35,35,35],"card_choices":[{"not_picked":["Conserve Battery","Beam Cell"],"picked":"Go for the Eyes","floor":1.0},{"not_picked":["Steam","Hologram"],"picked":"Sweeping Beam","floor":2.0},{"not_picked":["Barrage","Seek"],"picked":"Sunder","floor":3.0},{"not_picked":["Beam Cell","Doom and Gloom"],"picked":"White Noise","floor":7.0},{"not_picked":["Lockon+1","Conserve Battery"],"picked":"Leap","floor":11.0},{"not_picked":["BootSequence","Go for the Eyes+1"],"picked":"Cold Snap+1","floor":12.0},{"not_picked":["Fission","Thunder Strike+1","Creative AI"],"picked":"Electrodynamics","floor":16.0},{"not_picked":["White Noise","Genetic Algorithm","Sweeping Beam+1"],"picked":"Loop","floor":18.0},{"not_picked":["Ball Lightning+1","Sweeping Beam+1","White Noise"],"picked":"Consume","floor":19.0},{"not_picked":["Sunder+1","Steam Power","Heatsinks"],"picked":"BootSequence","floor":20.0},{"not_picked":["Streamline+1","Ball Lightning+1","Redo"],"picked":"Turbo+1","floor":24.0},{"not_picked":["Cold Snap+1","Reboot","Ball Lightning+1"],"picked":"Coolheaded","floor":27.0},{"not_picked":["Beam Cell+1","Force Field","Coolheaded+1"],"picked":"Leap","floor":28.0},{"not_picked":["Force Field","Beam Cell+1","Genetic Algorithm+1"],"picked":"Conserve Battery","floor":29.0},{"not_picked":["Self Repair","Recycle","Fusion"],"picked":"Leap+1","floor":30.0},{"not_picked":["Rainbow","Machine Learning","Echo Form"],"picked":"Biased Cognition","floor":33},{"not_picked":["Reprogram+1","Gash+1","Blizzard+1"],"picked":"Coolheaded","floor":35},{"not_picked":["Cold Snap+1","Auto Shields+1","Turbo"],"picked":"Hologram+1","floor":36},{"not_picked":["Redo","Stack","Ball Lightning+1"],"picked":"Defragment","floor":38},{"not_picked":["Discovery","Enlightenment","Jack Of All Trades"],"picked":"Finesse","floor":39},{"not_picked":["Stack+1","Coolheaded","Beam Cell+1"],"picked":"Seek","floor":41},{"not_picked":["Gash+1","Redo","Rip and Tear+1"],"picked":"Coolheaded","floor":48}],"player_experience":331228,"relics_obtained":[{"floor":9.0,"key":"Molten Egg 2"},{"floor":13.0,"key":"Question Card"},{"floor":26.0,"key":"Darkstone Periapt"},{"floor":30.0,"key":"Juzu Bracelet"},{"floor":38,"key":"StoneCalendar"},{"floor":41,"key":"Gremlin Horn"},{"floor":43,"key":"Symbiotic Virus"}],"event_choices":[{"cards_removed":["Strike_B"],"damage_healed":0.0,"max_hp_gain":0.0,"max_hp_loss":0.0,"gold_gain":0.0,"event_name":"The Cleric","player_choice":"Card Removal","floor":4.0,"gold_loss":50.0,"damage_taken":0.0},{"damage_healed":0.0,"max_hp_gain":0.0,"max_hp_loss":0.0,"gold_gain":175.0,"event_name":"Liars Game","player_choice":"AGREE","floor":5.0,"gold_loss":0.0,"damage_taken":0.0,"cards_obtained":["Doubt"]},{"cards_removed":["Doubt"],"damage_healed":0.0,"max_hp_gain":0.0,"max_hp_loss":0.0,"gold_gain":0.0,"event_name":"Fountain of Cleansing","player_choice":"Removed Curses","floor":14.0,"gold_loss":0.0,"damage_taken":0.0},{"damage_healed":0.0,"max_hp_gain":0.0,"max_hp_loss":0.0,"gold_gain":0.0,"event_name":"Colosseum","player_choice":"Fight","floor":21.0,"gold_loss":0.0,"damage_taken":0.0},{"damage_healed":0.0,"max_hp_gain":0.0,"max_hp_loss":0.0,"gold_gain":0.0,"event_name":"Colosseum","player_choice":"Fled From Nobs","floor":21.0,"gold_loss":0.0,"damage_taken":0.0},{"damage_healed":0,"gold_gain":0,"player_choice":"Became a Ghost","damage_taken":0,"max_hp_gain":0,"max_hp_loss":38,"event_name":"Ghosts","floor":31,"gold_loss":0,"cards_obtained":["Ghostly","Ghostly","Ghostly","Ghostly","Ghostly"]},{"damage_healed":0,"gold_gain":0,"player_choice":"Max HP","damage_taken":0,"max_hp_gain":0,"max_hp_loss":2,"event_name":"Winding Halls","floor":37,"gold_loss":0},{"damage_healed":0,"gold_gain":0,"player_choice":"Fight","damage_taken":0,"max_hp_gain":0,"max_hp_loss":0,"event_name":"MindBloom","floor":38,"gold_loss":0},{"damage_healed":0,"gold_gain":0,"player_choice":"Memory 1","damage_taken":0,"max_hp_gain":0,"max_hp_loss":0,"event_name":"SensoryStone","floor":39,"gold_loss":0},{"damage_healed":0,"gold_gain":0,"player_choice":"Paid","damage_taken":0,"relics_obtained":["Red Mask"],"max_hp_gain":0,"max_hp_loss":0,"event_name":"Tomb of Lord Red Mask","floor":45,"gold_loss":34}],"is_beta":false,"boss_relics":[{"not_picked":["Eternal Feather","Empty Cage"],"picked":"Inserter"},{"not_picked":["Snecko Eye","Runic Pyramid"],"picked":"FrozenCore"}],"items_purged_floors":[22],"is_endless":false,"potions_floor_spawned":[2,3,12,18,19,27,28,33,35,36,48],"ascension_level":0}