{"gold_per_floor":[113,11,22,36,48,48,58,58,58,77,77,90,122,141,141,240,240,251,131,143,155,155,189,199,199,222,239,338,338,253,253,253,350,350,367,367,20,20,31,31,31],"floor_reached":41,"playtime":1937,"items_purged":["Strike_B","Strike_B"],"score":415,"play_id":"1867ba81-2c2b-4241-81ea-16b3b1053c56","local_time":"20190829182028","is_ascension_mode":false,"campfire_choices":[{"data":"Ball Lightning","floor":6,"key":"SMITH"},{"data":"Double Energy","floor":8,"key":"SMITH"},{"data":"Static Discharge","floor":11,"key":"SMITH"},{"floor":15,"key":"REST"},{"floor":25,"key":"REST"},{"floor":29,"key":"REST"},{"data":"Hologram","floor":32,"key":"SMITH"},{"data":"Strike_B","floor":40,"key":"PURGE"}],"neow_cost":"NONE","seed_source_timestamp":1363325866470667,"circlet_count":0,"master_deck":["Strike_B","Defend_B","Defend_B","Defend_B","Defend_B","Zap","Dualcast","Double Energy+1","Static Discharge+1","Hologram+1","Sweeping Beam","Tempest","Ball Lightning+1","Go for the Eyes","Beam Cell","Loop","Go for the Eyes","Fusion","Electrodynamics","Lockon","Conserve Battery","Conserve Battery+1","Go for the Eyes+1","Steam","Hologram+1","Sweeping Beam","Thunder Strike","Redo+1","Capacitor","Leap","Hello World"],"relics":["Cracked Core","Kunai","Ancient Tea Set","Nuclear Battery","Peace Pipe","Strawberry","Torii","Inserter","Orichalcum"],"potions_floor_usage":[13,23,23,41,41],"damage_taken":[{"damage":0,"enemies":"Cultist","floor":1,"turns":3},{"damage":12,"enemies":"Jaw Worm","floor":3,"turns":4},{"damage":5,"enemies":"2 Louse","floor":4,"turns":2},{"damage":0,"enemies":"Large Slime","floor":5,"turns":5},{"damage":0,"enemies":"2 Fungi Beasts","floor":7,"turns":2},{"damage":9,"enemies":"3 Louse","floor":10,"turns":2},{"damage":0,"enemies":"Looter","floor":12,"turns":2},{"damage":21,"enemies":"Gremlin Nob","floor":13,"turns":3},{"damage":8,"enemies":"Exordium Wildlife","floor":14,"turns":3},{"damage":38,"enemies":"Hexaghost","floor":16,"turns":8},{"damage":7,"enemies":"Chosen","floor":18,"turns":4},{"damage":12,"enemies":"Shell Parasite","floor":20,"turns":4},{"damage":30,"enemies":"Shelled Parasite and Fungi","floor":21,"turns":3},{"damage":8,"enemies":"Book of Stabbing","floor":23,"turns":5},{"damage":0,"enemies":"Centurion and Healer","floor":24,"turns":2},{"damage":1,"enemies":"Chosen and Byrds","floor":27,"turns":4},{"damage":39,"enemies":"Automaton","floor":33,"turns":12},{"damage":18,"enemies":"3 Darklings","floor":35,"turns":3},{"damage":6,"enemies":"3 Shapes","floor":39,"turns":2},{"damage":73,"enemies":"Reptomancer","floor":41,"turns":5}],"seed_played":"-2046626831102428494","potions_obtained":[{"floor":0,"key":"Strength Potion"},{"floor":0,"key":"EssenceOfSteel"},{"floor":0,"key":"Poison Potion"},{"floor":14,"key":"Explosive Potion"},{"floor":20,"key":"Dexterity Potion"},{"floor":27,"key":"EssenceOfSteel"}],"is_trial":false,"path_per_floor":["M","$","M","M","M","R","M","R","T","M","R","M","E","M","R","B",null,"M","$","M","M","?","E","M","R","T","M","?","R","?","?","R","B",null,"M","?","$","?","M","R","E"],"character_chosen":"DEFECT","items_purchased":["Static Discharge","Hologram","Conserve Battery","Capacitor","Leap","Orichalcum"],"campfire_rested":3,"item_purchase_floors":[2,2,19,37,37,37],"current_hp_per_floor":[75,75,63,58,58,58,58,58,58,49,49,49,28,20,42,4,75,68,68,56,26,12,4,4,28,35,34,34,60,60,60,60,21,87,69,69,69,69,63,63,0],"gold":31,"neow_bonus":"THREE_SMALL_POTIONS","is_prod":false,"is_daily":false,"chose_seed":false,"campfire_upgraded":4,"win_rate":0.0,"timestamp":1567095628,"path_taken":["M","?","M","M","M","R","M","R","T","M","R","M","E","M","R","BOSS","M","$","M","M","?","E","M","R","T","M","?","R","?","?","R","BOSS","M","?","$","?","M","R","E"],"build_version":"2019-07-17","purchased_purges":2,"victory":false,"max_hp_per_floor":[75,75,75,75,75,75,75,75,75,75,75,75,75,75,75,75,75,75,75,75,75,80,80,80,80,87,87,87,87,87,87,87,87,87,87,87,87,83,83,83,83],"card_choices":[{"not_picked":["Rebound","Gash"],"picked":"Double Energy","floor":1},{"not_picked":["Storm","Blizzard"],"picked":"Sweeping Beam","floor":3},{"not_picked":["Aggregate","Conserve Battery"],"picked":"Tempest","floor":4},{"not_picked":["Seek","White Noise"],"picked":"Ball Lightning","floor":5},{"not_picked":["Barrage","Ball Lightning"],"picked":"Go for the Eyes","floor":7},{"not_picked":["Rebound","Coolheaded"],"picked":"Beam Cell","floor":10},{"not_picked":["Multi-Cast","Coolheaded"],"picked":"Loop","floor":12},{"not_picked":["Aggregate","Barrage"],"picked":"Go for the Eyes","floor":13},{"not_picked":["Force Field","Streamline"],"picked":"Fusion","floor":14},{"not_picked":["Thunder Strike","Amplify"],"picked":"Electrodynamics","floor":16},{"not_picked":["Barrage+1","Steam Power"],"picked":"Lockon","floor":18},{"not_picked":["Leap+1","Stack"],"picked":"Conserve Battery+1","floor":20},{"not_picked":["Glacier","Compile Driver"],"picked":"Go for the Eyes+1","floor":21},{"not_picked":["Beam Cell+1","Rebound+1"],"picked":"Steam","floor":23},{"not_picked":["Consume","Chill"],"picked":"Hologram+1","floor":24},{"not_picked":["Darkness","Gash"],"picked":"Sweeping Beam","floor":27},{"not_picked":["Reboot","Buffer"],"picked":"Thunder Strike","floor":33},{"not_picked":["Blizzard+1","Stack"],"picked":"Redo+1","floor":35},{"not_picked":["Cold Snap+1","Doom and Gloom+1"],"picked":"Hello World","floor":39}],"player_experience":88803,"relics_obtained":[{"floor":9,"key":"Kunai"},{"floor":13,"key":"Ancient Tea Set"},{"floor":23,"key":"Peace Pipe"},{"floor":26,"key":"Strawberry"}],"event_choices":[{"damage_healed":0,"gold_gain":0,"player_choice":"Shed Blood","damage_taken":19,"max_hp_gain":5,"max_hp_loss":0,"event_name":"Forgotten Altar","floor":22,"gold_loss":0},{"damage_healed":0,"gold_gain":99,"player_choice":"Stole From Cult","damage_taken":0,"max_hp_gain":0,"max_hp_loss":0,"event_name":"Nest","floor":28,"gold_loss":0},{"damage_healed":0,"gold_gain":0,"player_choice":"Obtained Relic","damage_taken":0,"relics_obtained":["Torii"],"max_hp_gain":0,"max_hp_loss":0,"event_name":"Addict","floor":30,"gold_loss":85},{"damage_healed":0,"gold_gain":0,"player_choice":"Ignored","damage_taken":0,"max_hp_gain":0,"max_hp_loss":0,"event_name":"Cursed Tome","floor":31,"gold_loss":0},{"damage_healed":0,"gold_gain":0,"player_choice":"Ignored","damage_taken":0,"max_hp_gain":0,"max_hp_loss":0,"event_name":"Mysterious Sphere","floor":36,"gold_loss":0},{"damage_healed":0,"gold_gain":0,"player_choice":"Max HP","damage_taken":0,"max_hp_gain":0,"max_hp_loss":4,"event_name":"Winding Halls","floor":38,"gold_loss":0}],"is_beta":false,"boss_relics":[{"not_picked":["Black Star","Cursed Key"],"picked":"Nuclear Battery"},{"not_picked":["Pandora\u0027s Box","Philosopher\u0027s Stone"],"picked":"Inserter"}],"items_purged_floors":[19,37],"is_endless":false,"potions_floor_spawned":[3,4,5,10,14,20,27],"killed_by":"Reptomancer","ascension_level":0}