{"gold_per_floor":[117,128,146,157,174,174,194,194,194,194,229,11,27,27,27,122,122,138,138,150,170,29,29,45,71,71,71],"floor_reached":27,"playtime":1389,"items_purged":["Strike_R"],"score":237,"play_id":"45388e0a-5236-4877-a11c-c53374b5500a","local_time":"20190829152924","is_ascension_mode":false,"campfire_choices":[{"data":"Clash","floor":6,"key":"SMITH"},{"data":"Metallicize","floor":8,"key":"SMITH"},{"data":"Armaments","floor":15,"key":"SMITH"},{"data":"Barricade","floor":23,"key":"SMITH"}],"neow_cost":"NONE","seed_source_timestamp":1353610764232451,"circlet_count":0,"master_deck":["Strike_R","Strike_R","Strike_R","Defend_R","Defend_R","Defend_R","Defend_R","Bash+1","Metallicize","Headbutt","Clash+1","Juggernaut","Metallicize+1","Feel No Pain","Armaments+1","Rage","Evolve","Uppercut","Juggernaut","Power Through+1","Headbutt","Warcry+1","Barricade+1","Shrug It Off","Battle Trance","Warcry+1"],"relics":["Black Blood","Matryoshka","Calipers","Membership Card","Self Forming Clay","Boot","Thread and Needle"],"potions_floor_usage":[27],"damage_taken":[{"damage":1,"enemies":"Cultist","floor":1,"turns":3},{"damage":0,"enemies":"Small Slimes","floor":2,"turns":4},{"damage":8,"enemies":"Jaw Worm","floor":3,"turns":3},{"damage":5,"enemies":"Looter","floor":4,"turns":3},{"damage":7,"enemies":"Blue Slaver","floor":5,"turns":3},{"damage":6,"enemies":"Red Slaver","floor":7,"turns":4},{"damage":5,"enemies":"Lagavulin","floor":11,"turns":6},{"damage":3,"enemies":"3 Louse","floor":13,"turns":4},{"damage":17,"enemies":"The Guardian","floor":16,"turns":11},{"damage":26,"enemies":"2 Thieves","floor":18,"turns":4},{"damage":7,"enemies":"Shell Parasite","floor":20,"turns":10},{"damage":17,"enemies":"Snake Plant","floor":21,"turns":4},{"damage":20,"enemies":"Snecko","floor":24,"turns":8},{"damage":43,"enemies":"Book of Stabbing","floor":25,"turns":7},{"damage":22,"enemies":"3 Cultists","floor":27,"turns":5}],"seed_played":"-2669232090993836919","potions_obtained":[{"floor":1,"key":"Dexterity Potion"},{"floor":5,"key":"SkillPotion"},{"floor":11,"key":"Poison Potion"},{"floor":18,"key":"EssenceOfSteel"},{"floor":24,"key":"Swift Potion"},{"floor":25,"key":"GamblersBrew"}],"is_trial":false,"path_per_floor":["M","M","M","M","M","R","M","R","T","?","E","$","M","$","R","B",null,"M","?","M","M","$","R","M","E","T","M"],"character_chosen":"IRONCLAD","items_purchased":["Membership Card","Evolve","Barricade","Shrug It Off"],"campfire_rested":0,"item_purchase_floors":[12,12,22,22],"current_hp_per_floor":[80,80,78,79,78,78,78,78,78,78,79,79,80,80,80,69,80,64,64,67,60,60,60,50,17,17,0],"gold":71,"neow_bonus":"UPGRADE_CARD","is_prod":false,"is_daily":false,"chose_seed":false,"campfire_upgraded":4,"win_rate":0,"timestamp":1567085364,"path_taken":["M","M","M","M","M","R","?","R","T","?","E","$","?","$","R","BOSS","M","?","M","M","$","R","M","E","T","M"],"build_version":"2019-07-17","purchased_purges":1,"victory":false,"max_hp_per_floor":[80,80,80,80,80,80,80,80,80,80,80,80,80,80,80,80,80,80,80,80,80,80,80,80,80,80,80],"card_choices":[{"not_picked":["Heavy Blade","Flex"],"picked":"Metallicize","floor":1},{"not_picked":["Flex","Combust"],"picked":"Headbutt","floor":2},{"not_picked":["Flex","Iron Wave"],"picked":"Clash","floor":3},{"not_picked":["Clash","Body Slam"],"picked":"Juggernaut","floor":4},{"not_picked":["Sentinel","Iron Wave"],"picked":"Metallicize","floor":5},{"not_picked":["Anger","Metallicize"],"picked":"Feel No Pain","floor":7},{"not_picked":["Cleave","Sentinel"],"picked":"Rage","floor":11},{"not_picked":["Rupture","Sword Boomerang"],"picked":"Uppercut","floor":13},{"not_picked":["Berserk","Reaper"],"picked":"Juggernaut","floor":16},{"not_picked":["Warcry","Headbutt"],"picked":"Power Through+1","floor":18},{"not_picked":["Dropkick+1","Spot Weakness"],"picked":"Headbutt","floor":20},{"not_picked":["Sword Boomerang","Anger"],"picked":"Warcry+1","floor":21},{"not_picked":["Warcry+1","Iron Wave"],"picked":"Battle Trance","floor":24},{"not_picked":["Flex","Shrug It Off"],"picked":"Warcry+1","floor":25}],"player_experience":81511,"relics_obtained":[{"floor":9,"key":"Matryoshka"},{"floor":11,"key":"Calipers"},{"floor":25,"key":"Self Forming Clay"},{"floor":26,"key":"Boot"},{"floor":26,"key":"Thread and Needle"}],"event_choices":[{"damage_healed":0,"gold_gain":0,"cards_transformed":["Strike_R"],"player_choice":"Transformed","damage_taken":0,"max_hp_gain":0,"max_hp_loss":0,"event_name":"Transmorgrifier","floor":10,"gold_loss":0,"cards_obtained":["Armaments"]},{"damage_healed":0,"gold_gain":0,"player_choice":"Ignored","damage_taken":0,"max_hp_gain":0,"max_hp_loss":0,"event_name":"Vampires","floor":19,"gold_loss":0}],"is_beta":false,"boss_relics":[{"not_picked":["Orrery","Eternal Feather"],"picked":"Black Blood"}],"items_purged_floors":[22],"is_endless":false,"potions_floor_spawned":[1,5,11,18,24,25],"killed_by":"3 Cultists","ascension_level":0}