{"gold_per_floor":[117,28,39,57,70,103,103,123,123,123,123,123,141,4,4,99,99,109,119,133,58,73,73,92,2,48,48,81,100,100,100,100,204,204,217,66,82,97,107,107,117,137,164,164,164,174,24,41,41,41],"floor_reached":51,"playtime":2108,"items_purged":["Strike_R"],"score":800,"play_id":"9dc650b9-1d04-4d96-ad23-b2020bf525c1","local_time":"20181018215741","is_ascension_mode":false,"campfire_choices":[{"data":"Whirlwind","floor":7.0,"key":"SMITH"},{"floor":10.0,"key":"DIG"},{"floor":12.0,"key":"DIG"},{"data":"Fiend Fire","floor":15.0,"key":"SMITH"},{"data":"Bludgeon","floor":23.0,"key":"SMITH"},{"floor":27.0,"key":"DIG"},{"floor":30.0,"key":"DIG"},{"floor":32.0,"key":"DIG"},{"data":"Discovery","floor":40,"key":"SMITH"},{"data":"Disarm","floor":45,"key":"SMITH"},{"floor":49,"key":"REST"}],"neow_cost":"NONE","seed_source_timestamp":162847778962347,"circlet_count":0,"master_deck":["Defend_R","Defend_R","Defend_R","Bash+1","Flex","Discovery+1","Dropkick+1","Pommel Strike","Twin Strike","Whirlwind+1","Battle Trance","Fiend Fire+1","Bludgeon+1","Inflame","Demon Form","Metallicize+1","Intimidate+1","Dual Wield+1","Disarm+1","Seeing Red+1","Spot Weakness+1"],"special_seed":0,"relics":["Burning Blood","Art of War","Shovel","Pear","Incense Burner","Busted Crown","Pen Nib","Meat on the Bone","StoneCalendar","Ornamental Fan","Bag of Marbles","Gremlin Horn","Astrolabe","Happy Flower","Regal Pillow","Bronze Scales"],"potions_floor_usage":[33,41,50,50,50],"damage_taken":[{"damage":4.0,"enemies":"2 Louse","floor":1.0,"turns":3.0},{"damage":1.0,"enemies":"Cultist","floor":3.0,"turns":3.0},{"damage":5.0,"enemies":"Small Slimes","floor":4.0,"turns":4.0},{"damage":12.0,"enemies":"Gremlin Gang","floor":5.0,"turns":4.0},{"damage":34.0,"enemies":"Gremlin Nob","floor":6.0,"turns":4.0},{"damage":0.0,"enemies":"3 Louse","floor":8.0,"turns":2.0},{"damage":12.0,"enemies":"Blue Slaver","floor":13.0,"turns":2.0},{"damage":45.0,"enemies":"The Guardian","floor":16.0,"turns":5.0},{"damage":10.0,"enemies":"Spheric Guardian","floor":18.0,"turns":3.0},{"damage":10.0,"enemies":"Chosen","floor":19.0,"turns":2.0},{"damage":20.0,"enemies":"Centurion and Healer","floor":20.0,"turns":4.0},{"damage":10.0,"enemies":"Chosen and Byrds","floor":22.0,"turns":5.0},{"damage":10.0,"enemies":"Snecko","floor":24.0,"turns":3.0},{"damage":27.0,"enemies":"Book of Stabbing","floor":28.0,"turns":3.0},{"damage":0.0,"enemies":"Snake Plant","floor":29.0,"turns":2.0},{"damage":49,"enemies":"Automaton","floor":33,"turns":5},{"damage":11,"enemies":"3 Darklings","floor":35,"turns":3},{"damage":16,"enemies":"Orb Walker","floor":37,"turns":3},{"damage":2,"enemies":"Transient","floor":38,"turns":5},{"damage":26,"enemies":"4 Shapes","floor":39,"turns":6},{"damage":5,"enemies":"Spire Growth","floor":41,"turns":3},{"damage":6,"enemies":"Transient","floor":42,"turns":5},{"damage":2,"enemies":"Maw","floor":46,"turns":5},{"damage":0,"enemies":"Sphere and 2 Shapes","floor":48,"turns":8},{"damage":50,"enemies":"Awakened One","floor":50,"turns":6}],"seed_played":"-4271482314365676210","potions_obtained":[{"floor":1.0,"key":"FairyPotion"},{"floor":8.0,"key":"SkillPotion"},{"floor":13.0,"key":"Dexterity Potion"},{"floor":16.0,"key":"PowerPotion"},{"floor":18.0,"key":"Strength Potion"},{"floor":29.0,"key":"Strength Potion"},{"floor":33,"key":"SteroidPotion"},{"floor":35,"key":"PowerPotion"},{"floor":41,"key":"Energy Potion"},{"floor":48,"key":"Dexterity Potion"}],"is_trial":false,"path_per_floor":["M","$","M","M","M","E","R","M","T","R","?","R","M","$","R","B",null,"M","M","M","$","M","R","M","?","T","R","E","M","R","?","R","B",null,"M","$","M","M","M","R","M","M","T","?","R","M","$","M","R","B"],"character_chosen":"IRONCLAD","items_purchased":["Discovery","Fiend Fire","Happy Flower","Bronze Scales"],"campfire_rested":1,"item_purchase_floors":[2,14,36,47],"current_hp_per_floor":[80,80,80,80,74,46,46,52,52,62,62,62,56,56,56,17,90,86,82,68,68,64,64,60,60,60,60,51,57,57,57,57,26,90,85,85,75,79,59,59,60,60,60,60,60,64,64,70,90,58],"gold":41,"neow_bonus":"UPGRADE_CARD","is_prod":false,"is_daily":false,"chose_seed":false,"campfire_upgraded":5,"win_rate":0,"timestamp":1539867461,"path_taken":["M","$","M","M","M","E","R","M","T","R","?","R","?","?","R","BOSS","M","M","?","?","M","R","?","?","T","R","E","M","R","?","R","BOSS","M","$","M","M","M","R","M","M","T","?","R","M","?","M","R","BOSS"],"build_version":"2018-10-11","purchased_purges":1,"victory":true,"max_hp_per_floor":[80,80,80,80,80,80,80,80,80,90,90,90,90,90,90,90,90,90,90,90,90,90,90,90,90,90,90,90,90,90,90,90,90,90,90,90,90,90,90,90,90,90,90,90,90,90,90,90,90,90],"card_choices":[{"not_picked":["Burning Pact","Fire Breathing"],"picked":"Flex","floor":1.0},{"not_picked":["Clash","Flame Barrier"],"picked":"Dropkick","floor":3.0},{"not_picked":["Cleave","Warcry"],"picked":"Pommel Strike","floor":4.0},{"not_picked":["Fire Breathing","Warcry"],"picked":"Twin Strike","floor":5.0},{"not_picked":["Warcry","Combust"],"picked":"Whirlwind","floor":6.0},{"not_picked":["Twin Strike","Iron Wave","Corruption"],"picked":"SKIP","floor":8.0},{"not_picked":["Pommel Strike","Heavy Blade"],"picked":"Battle Trance","floor":13.0},{"not_picked":["Offering","Barricade"],"picked":"Bludgeon","floor":16.0},{"not_picked":[],"picked":"Inflame","floor":18.0},{"not_picked":["Wild Strike+1"],"picked":"SKIP","floor":19.0},{"not_picked":["Heavy Blade+1"],"picked":"SKIP","floor":20.0},{"not_picked":["Cleave"],"picked":"SKIP","floor":22.0},{"not_picked":["Cleave"],"picked":"SKIP","floor":24.0},{"not_picked":["Headbutt"],"picked":"SKIP","floor":28.0},{"not_picked":["Sever Soul"],"picked":"SKIP","floor":29.0},{"not_picked":[],"picked":"Demon Form","floor":33},{"not_picked":[],"picked":"Disarm","floor":35},{"not_picked":[],"picked":"Seeing Red+1","floor":37},{"not_picked":["Bloodletting+1"],"picked":"SKIP","floor":38},{"not_picked":["Havoc"],"picked":"SKIP","floor":39},{"not_picked":["Carnage+1"],"picked":"SKIP","floor":41},{"not_picked":["Feel No Pain"],"picked":"SKIP","floor":42},{"not_picked":["Searing Blow+1"],"picked":"SKIP","floor":46},{"not_picked":[],"picked":"Spot Weakness+1","floor":48}],"player_experience":274174,"relics_obtained":[{"floor":6.0,"key":"Art of War"},{"floor":9.0,"key":"Shovel"},{"floor":10.0,"key":"Pear"},{"floor":12.0,"key":"Incense Burner"},{"floor":26.0,"key":"Pen Nib"},{"floor":27.0,"key":"Meat on the Bone"},{"floor":28.0,"key":"StoneCalendar"},{"floor":30.0,"key":"Ornamental Fan"},{"floor":32.0,"key":"Gremlin Horn"},{"floor":43,"key":"Regal Pillow"}],"event_choices":[{"event_name":"Bonfire Elementals","player_choice":"BASIC","floor":11.0,"damage_taken":0.0},{"event_name":"Designer","player_choice":"Full Service","floor":25.0,"damage_taken":0.0},{"event_name":"The Mausoleum","player_choice":"Yes","floor":31.0,"damage_taken":0.0},{"event_name":"SecretPortal","player_choice":"Rejected Portal.","floor":44,"damage_taken":0}],"is_beta":false,"boss_relics":[{"not_picked":["Pandora\u0027s Box","Lizard Tail"],"picked":"Busted Crown"},{"not_picked":["Eternal Feather","Philosopher\u0027s Stone"],"picked":"Astrolabe"}],"items_purged_floors":[21],"is_endless":false,"potions_floor_spawned":[1,8,13,16,18,29,33,35,41,48],"ascension_level":0}