{"gold_per_floor":[13,23,36,211,231,231,265,0,69,84,135,146,159,174,174,269,269,288,31,31,49,49,49,68,68,68,83,83,83,100,100,100,202,202,213,213,225,0,11,11,41,53,123,123,123,140,157,73,73,73],"floor_reached":51,"playtime":2960,"items_purged":["Doubt"],"score":732,"play_id":"06f596af-2c89-4b27-b272-4d74223ad6bb","local_time":"20181002001249","is_ascension_mode":false,"campfire_choices":[{"data":"Sunder","floor":6.0,"key":"SMITH"},{"floor":15,"key":"REST"},{"data":"Consume","floor":23,"key":"SMITH"},{"data":"Stack","floor":25,"key":"SMITH"},{"data":"Auto Shields","floor":28,"key":"SMITH"},{"data":"Zap","floor":32,"key":"SMITH"},{"data":"Blizzard","floor":40,"key":"SMITH"},{"data":"Decay","floor":44,"key":"PURGE"},{"floor":49,"key":"REST"}],"neow_cost":"NO_GOLD","seed_source_timestamp":109644358532599,"circlet_count":0,"master_deck":["Strike_B","Defend_B","Defend_B","Zap+1","Dualcast","Consume+1","Sunder+1","Gash","Stack+1","Auto Shields","Gash","Coolheaded","Ball Lightning","All For One","Echo Form","FTL","Auto Shields+1","Scrape","Capacitor","Glacier","Chill+1","Conserve Battery","Hologram","All For One","Hologram","Creative AI","Blizzard+1","Hologram+1","Steam+1","Leap+1","Go for the Eyes+1"],"special_seed":0,"relics":["Cracked Core","Dead Branch","Lantern","Question Card","Cursed Key","Bottled Tornado","Meat on the Bone","Spirit Poop","Busted Crown","Peace Pipe","Oddly Smooth Stone","Ancient Tea Set","Singing Bowl","CultistMask","Mummified Hand"],"potions_floor_usage":[14,14,16,33,36,50,50],"damage_taken":[{"damage":0.0,"enemies":"Small Slimes","floor":1.0,"turns":3.0},{"damage":0.0,"enemies":"2 Louse","floor":2.0,"turns":1.0},{"damage":6.0,"enemies":"Jaw Worm","floor":3.0,"turns":2.0},{"damage":15.0,"enemies":"Blue Slaver","floor":5.0,"turns":4.0},{"damage":28,"enemies":"Gremlin Nob","floor":7,"turns":4},{"damage":0,"enemies":"2 Fungi Beasts","floor":10,"turns":2},{"damage":10,"enemies":"Looter","floor":12,"turns":2},{"damage":1,"enemies":"3 Louse","floor":13,"turns":3},{"damage":6,"enemies":"Lots of Slimes","floor":14,"turns":4},{"damage":0,"enemies":"Slime Boss","floor":16,"turns":9},{"damage":1,"enemies":"3 Byrds","floor":18,"turns":5},{"damage":16,"enemies":"Shell Parasite","floor":21,"turns":3},{"damage":6,"enemies":"Snake Plant","floor":24,"turns":5},{"damage":4,"enemies":"Centurion and Healer","floor":27,"turns":3},{"damage":0,"enemies":"3 Cultists","floor":30,"turns":4},{"damage":13,"enemies":"Champ","floor":33,"turns":10},{"damage":0,"enemies":"3 Darklings","floor":35,"turns":5},{"damage":0,"enemies":"Mind Bloom Boss Battle","floor":36,"turns":6},{"damage":0,"enemies":"Orb Walker","floor":37,"turns":3},{"damage":0,"enemies":"Sphere and 2 Shapes","floor":39,"turns":6},{"damage":14,"enemies":"2 Orb Walkers","floor":41,"turns":5},{"damage":0,"enemies":"Spire Growth","floor":42,"turns":4},{"damage":1,"enemies":"4 Shapes","floor":46,"turns":3},{"damage":11,"enemies":"Sphere and 2 Shapes","floor":47,"turns":4},{"damage":37,"enemies":"Time Eater","floor":50,"turns":12}],"seed_played":"-8606467194443060556","potions_obtained":[{"floor":1.0,"key":"Fire Potion"},{"floor":3.0,"key":"LiquidBronze"},{"floor":7,"key":"PowerPotion"},{"floor":12,"key":"Weak Potion"},{"floor":14,"key":"PowerPotion"},{"floor":16,"key":"Dexterity Potion"},{"floor":21,"key":"AttackPotion"},{"floor":33,"key":"Swift Potion"},{"floor":36,"key":"SteroidPotion"},{"floor":46,"key":"Energy Potion"}],"is_trial":false,"path_per_floor":["M","M","M","?","M","R","E","$","T","M","?","M","M","M","R","B",null,"M","$","?","M","?","R","M","R","T","M","R","?","M","?","R","B",null,"M","?","M","$","M","R","E","M","T","R","?","M","M","?","R","B"],"character_chosen":"DEFECT","items_purchased":["Lantern","Auto Shields","Bottled Tornado","Blizzard","Oddly Smooth Stone"],"campfire_rested":2,"item_purchase_floors":[8,8,19,38,38],"current_hp_per_floor":[75,75,69,69,54,54,26,26,26,26,26,16,15,9,31,31,75,74,74,74,58,58,58,52,52,52,48,48,48,48,48,48,54,75,75,75,75,75,75,75,61,61,61,61,61,60,51,51,74,49],"gold":73,"neow_bonus":"REMOVE_TWO","is_prod":false,"is_daily":false,"chose_seed":false,"campfire_upgraded":6,"win_rate":1,"timestamp":1538406769,"path_taken":["M","M","M","?","M","R","E","$","T","M","?","M","?","M","R","BOSS","M","$","?","M","?","R","?","R","T","?","R","?","?","?","R","BOSS","M","?","?","$","M","R","E","M","T","R","?","?","M","?","R","BOSS"],"build_version":"2018-09-27","purchased_purges":1,"victory":true,"max_hp_per_floor":[75,75,75,75,75,75,75,75,75,75,75,75,75,75,75,75,75,75,75,75,75,75,75,75,75,75,75,75,75,75,75,75,75,75,75,75,75,75,75,75,75,75,75,75,75,75,77,77,77,77],"card_choices":[{"not_picked":["Hello World","Hologram"],"picked":"Consume","floor":1.0},{"not_picked":["Beam Cell","Hologram"],"picked":"Sunder","floor":2.0},{"not_picked":["Aggregate","Rip and Tear"],"picked":"Chaos","floor":3.0},{"not_picked":["Fusion","Sweeping Beam"],"picked":"Gash","floor":5.0},{"not_picked":["Chaos","Sweeping Beam"],"picked":"Stack","floor":7},{"not_picked":["Redo","Barrage","Heatsinks"],"picked":"Gash","floor":10},{"not_picked":["Stack","Compile Driver","Darkness"],"picked":"Coolheaded","floor":12},{"not_picked":["Stack","Compile Driver","Redo"],"picked":"Ball Lightning","floor":13},{"not_picked":["Compile Driver","Streamline","Cold Snap"],"picked":"All For One","floor":14},{"not_picked":["Buffer","Core Surge","Biased Cognition"],"picked":"Echo Form","floor":16},{"not_picked":["Turbo","Barrage","Static Discharge+1"],"picked":"FTL","floor":18},{"not_picked":["Redo","Coolheaded+1","Compile Driver"],"picked":"Glacier","floor":21},{"not_picked":["Streamline+1","Rebound+1","Melter"],"picked":"Chill+1","floor":24},{"not_picked":["Beam Cell+1","Cold Snap","Skim"],"picked":"Conserve Battery","floor":27},{"not_picked":["Fission","Conserve Battery","Streamline"],"picked":"Hologram","floor":30},{"not_picked":["Reboot","Multi-Cast","Hyperbeam"],"picked":"All For One","floor":33},{"not_picked":["Stack"],"picked":"Hologram","floor":35},{"not_picked":["Gash+1"],"picked":"Creative AI","floor":36},{"not_picked":["Reprogram","Stack"],"picked":"SKIP","floor":37},{"not_picked":["Rebound+1"],"picked":"Hologram+1","floor":39},{"not_picked":["Recycle+1"],"picked":"Steam+1","floor":41},{"not_picked":["Aggregate"],"picked":"Leap+1","floor":42},{"not_picked":["Fusion+1"],"picked":"Go for the Eyes+1","floor":46},{"not_picked":["Ball Lightning+1","Leap"],"picked":"Singing Bowl","floor":47}],"player_experience":100306,"relics_obtained":[{"floor":7,"key":"Dead Branch"},{"floor":9,"key":"Question Card"},{"floor":26,"key":"Meat on the Bone"},{"floor":36,"key":"Peace Pipe"},{"floor":41,"key":"Ancient Tea Set"},{"floor":43,"key":"Singing Bowl"}],"event_choices":[{"event_name":"Liars Game","player_choice":"agreed","floor":4.0,"damage_taken":0.0},{"event_name":"Golden Wing","player_choice":"Gained Gold","floor":11,"damage_taken":0},{"event_name":"Drug Dealer","player_choice":"Became Test Subject","floor":20,"damage_taken":0},{"event_name":"Purifier","player_choice":"One Purge","floor":22,"damage_taken":0},{"event_name":"Bonfire Elementals","player_choice":"CURSE","floor":29,"damage_taken":0},{"event_name":"N\u0027loth","player_choice":"Ignored","floor":31,"damage_taken":0},{"event_name":"MindBloom","player_choice":"Fight","floor":36,"damage_taken":0},{"event_name":"FaceTrader","player_choice":"Trade","floor":45,"damage_taken":0},{"event_name":"WeMeetAgain","player_choice":"Gold","floor":48,"damage_taken":0}],"is_beta":false,"boss_relics":[{"not_picked":["Runic Dome","Ectoplasm"],"picked":"Cursed Key"},{"not_picked":["Tiny House","Orrery"],"picked":"Busted Crown"}],"items_purged_floors":[8],"is_endless":false,"potions_floor_spawned":[1,3,7,12,14,16,21,30,33,36,46,47],"ascension_level":0}