{"gold_per_floor":[111,127,52,68,0,30,30,105,105,124,152,172,191,209,209,313,313,333,17,50,50,50,50,70,95,95,110,110,126,126,136,136,239,239,257,257,257],"floor_reached":38,"playtime":2425,"items_purged":["Strike_R","Strike_R"],"score":656,"play_id":"1f9f0421-0c85-4497-8f66-6f3cd8e54291","local_time":"20180921210627","is_ascension_mode":false,"campfire_choices":[{"data":"Rampage","floor":7,"key":"SMITH"},{"data":"Cleave","floor":15,"key":"SMITH"},{"data":"True Grit","floor":23,"key":"SMITH"},{"floor":28,"key":"REST"},{"data":"Metallicize","floor":30,"key":"SMITH"},{"floor":32,"key":"REST"}],"neow_cost":"NONE","seed_source_timestamp":3667995715952,"circlet_count":0,"master_deck":["Strike_R","Defend_R","Defend_R","Defend_R","Defend_R","Bash+1","Rampage+1","Thunderclap","Clothesline","Metallicize+1","Shockwave","Cleave+1","Flex","Warcry","Battle Trance","Pummel","Feed","Offering","True Grit+1","Limit Break","Warcry","Ghostly Armor","Spot Weakness","Impervious","Burning Pact"],"relics":["Burning Blood","Pocketwatch","Self Forming Clay","Bag of Preparation","Empty Cage","Red Mask","Enchiridion","Matryoshka","Sundial","Darkstone Periapt","Mark of Pain"],"potions_floor_usage":[6,14,20,37,37,37],"damage_taken":[{"damage":6,"enemies":"Cultist","floor":1,"turns":3},{"damage":5,"enemies":"Small Slimes","floor":2,"turns":3},{"damage":0,"enemies":"2 Louse","floor":4,"turns":3},{"damage":15,"enemies":"Lagavulin","floor":6,"turns":6},{"damage":5,"enemies":"Lots of Slimes","floor":10,"turns":3},{"damage":22,"enemies":"3 Sentries","floor":11,"turns":6},{"damage":2,"enemies":"2 Fungi Beasts","floor":12,"turns":3},{"damage":3,"enemies":"3 Louse","floor":13,"turns":2},{"damage":5,"enemies":"Lots of Slimes","floor":14,"turns":3},{"damage":14,"enemies":"Slime Boss","floor":16,"turns":6},{"damage":14,"enemies":"2 Thieves","floor":18,"turns":3},{"damage":6,"enemies":"Masked Bandits","floor":20,"turns":2},{"damage":4,"enemies":"Shell Parasite","floor":24,"turns":7},{"damage":19,"enemies":"Gremlin Leader","floor":25,"turns":5},{"damage":8,"enemies":"3 Cultists","floor":27,"turns":3},{"damage":25,"enemies":"Snake Plant","floor":29,"turns":5},{"damage":6,"enemies":"Centurion and Healer","floor":31,"turns":4},{"damage":37,"enemies":"Collector","floor":33,"turns":7},{"damage":6,"enemies":"3 Darklings","floor":35,"turns":4},{"damage":102,"enemies":"Time Eater","floor":37,"turns":14}],"seed_played":"-9133757160750815900","potions_obtained":[{"floor":2,"key":"Fire Potion"},{"floor":4,"key":"SteroidPotion"},{"floor":6,"key":"FearPotion"},{"floor":12,"key":"EssenceOfSteel"},{"floor":14,"key":"Explosive Potion"},{"floor":29,"key":"Block Potion"}],"is_trial":false,"path_per_floor":["M","M","$","M","$","E","R","?","T","M","E","M","M","M","R","B",null,"M","$","?","?","?","R","M","E","T","M","R","M","R","M","R","B",null,"M","?","B"],"character_chosen":"IRONCLAD","items_purchased":["Metallicize","Offering","True Grit"],"campfire_rested":2,"item_purchase_floors":[5,19,19],"current_hp_per_floor":[80,80,80,80,80,71,71,60,60,61,45,49,52,53,53,45,80,75,75,78,62,45,45,50,37,37,38,67,51,51,54,84,53,103,106,106,10],"gold":257,"neow_bonus":"UPGRADE_CARD","is_prod":false,"is_daily":false,"chose_seed":false,"campfire_upgraded":4,"win_rate":1,"timestamp":1537531587,"path_taken":["M","M","$","M","?","E","R","?","T","?","E","M","?","?","R","BOSS","M","$","?","?","?","R","M","E","T","M","R","?","R","M","R","BOSS","M","?","BOSS"],"build_version":"2018-09-20","purchased_purges":2,"victory":true,"max_hp_per_floor":[80,80,80,80,80,80,80,80,80,80,80,80,80,80,80,80,80,83,83,86,86,91,91,94,94,94,97,97,100,100,103,103,103,103,106,106,106],"card_choices":[{"not_picked":["Clothesline","Pummel"],"picked":"Rampage","floor":1},{"not_picked":["Sever Soul","Entrench"],"picked":"Thunderclap","floor":2},{"not_picked":["Infernal Blade","Bloodletting"],"picked":"Clothesline","floor":4},{"not_picked":["Burning Pact","Heavy Blade"],"picked":"Shockwave","floor":6},{"not_picked":["Armaments","Sword Boomerang"],"picked":"Cleave","floor":10},{"not_picked":["Clothesline","Reckless Charge"],"picked":"Flex","floor":11},{"not_picked":["Corruption","Anger"],"picked":"Warcry","floor":12},{"not_picked":["Flex","Uppercut"],"picked":"Battle Trance","floor":13},{"not_picked":["Pommel Strike","Clothesline"],"picked":"Pummel","floor":14},{"not_picked":["Reaper","Barricade"],"picked":"Feed","floor":16},{"not_picked":["Headbutt+1","Sword Boomerang","Perfected Strike"],"picked":"SKIP","floor":18},{"not_picked":["Burning Pact","Flex"],"picked":"Limit Break","floor":20},{"not_picked":["Twin Strike","Pommel Strike"],"picked":"Warcry","floor":24},{"not_picked":["Thunderclap","Perfected Strike"],"picked":"Ghostly Armor","floor":25},{"not_picked":["Bloodletting","Clothesline+1","Combust+1"],"picked":"SKIP","floor":27},{"not_picked":["Cleave+1","Rage","Clothesline"],"picked":"SKIP","floor":29},{"not_picked":["Clash+1","Second Wind"],"picked":"Spot Weakness","floor":31},{"not_picked":["Juggernaut","Dark Embrace"],"picked":"Impervious","floor":33},{"not_picked":["Dual Wield","Intimidate+1"],"picked":"Burning Pact","floor":35}],"player_experience":10828,"relics_obtained":[{"floor":6,"key":"Pocketwatch"},{"floor":9,"key":"Self Forming Clay"},{"floor":11,"key":"Bag of Preparation"},{"floor":20,"key":"Red Mask"},{"floor":21,"key":"Enchiridion"},{"floor":25,"key":"Matryoshka"},{"floor":26,"key":"Sundial"},{"floor":26,"key":"Darkstone Periapt"}],"event_choices":[{"event_name":"World of Goop","player_choice":"Gather Gold","floor":8,"damage_taken":0},{"event_name":"Masked Bandits","player_choice":"Fought Bandits","floor":20,"damage_taken":0},{"event_name":"Cursed Tome","player_choice":"Obtained Book","floor":21,"damage_taken":0},{"event_name":"Forgotten Altar","player_choice":"Shed Blood","floor":22,"damage_taken":0},{"event_name":"SecretPortal","player_choice":"Took Portal.","floor":36,"damage_taken":0}],"is_beta":false,"boss_relics":[{"not_picked":["White Beast Statue","Fusion Hammer"],"picked":"Empty Cage"},{"not_picked":["Astrolabe","Snecko Eye"],"picked":"Mark of Pain"}],"items_purged_floors":[3,19],"is_endless":false,"potions_floor_spawned":[2,4,6,12,14,16,18,29,33],"ascension_level":0}