{"gold_per_floor":[109,126,126,143,160,160,179,179,179,198,208,133,133,133,133,133],"floor_reached":16,"playtime":1012,"items_purged":["Defend_R"],"score":94,"play_id":"5ca8d35a-57e8-438c-9905-ea555b721b50","local_time":"20190831232623","is_ascension_mode":false,"campfire_choices":[{"floor":6,"key":"REST"},{"data":"Searing Blow","floor":8,"key":"SMITH"},{"data":"Barricade","floor":15,"key":"SMITH"}],"neow_cost":"NONE","seed_source_timestamp":641136337254601,"circlet_count":0,"master_deck":["Strike_R","Strike_R","Strike_R","Strike_R","Strike_R","Defend_R+1","Defend_R","Defend_R+1","Bash","Shrug It Off+1","Carnage","Cleave","Flex","Barricade+1","Searing Blow+1","Entrench","Headbutt"],"relics":["Burning Blood","Lantern","War Paint"],"potions_floor_usage":[16,16,16],"damage_taken":[{"damage":0,"enemies":"Small Slimes","floor":1,"turns":3},{"damage":1,"enemies":"Cultist","floor":2,"turns":3},{"damage":1,"enemies":"Jaw Worm","floor":4,"turns":3},{"damage":5,"enemies":"Looter","floor":5,"turns":3},{"damage":12,"enemies":"Large Slime","floor":7,"turns":7},{"damage":11,"enemies":"Lots of Slimes","floor":10,"turns":4},{"damage":9,"enemies":"2 Fungi Beasts","floor":11,"turns":3},{"damage":76,"enemies":"Hexaghost","floor":16,"turns":13}],"seed_played":"2993585200507404991","potions_obtained":[{"floor":2,"key":"Dexterity Potion"},{"floor":4,"key":"Fire Potion"},{"floor":7,"key":"LiquidBronze"}],"is_trial":false,"path_per_floor":["M","M","?","M","M","R","M","R","T","M","M","$","?","?","R","B"],"character_chosen":"IRONCLAD","items_purchased":[],"campfire_rested":1,"item_purchase_floors":[],"current_hp_per_floor":[80,80,80,80,80,80,74,74,74,69,66,66,48,74,74,0],"gold":133,"neow_bonus":"THREE_CARDS","is_prod":false,"is_daily":false,"chose_seed":false,"campfire_upgraded":2,"win_rate":0.0,"timestamp":1567311983,"path_taken":["M","M","?","M","M","R","?","R","T","M","M","$","?","?","R","BOSS"],"build_version":"2019-07-17","purchased_purges":1,"victory":false,"max_hp_per_floor":[80,80,80,80,80,80,80,80,80,80,80,80,80,80,80,80],"card_choices":[{"not_picked":["Body Slam","Ghostly Armor"],"picked":"Shrug It Off","floor":0},{"not_picked":["Twin Strike","Body Slam"],"picked":"Carnage","floor":1},{"not_picked":["Ghostly Armor","Headbutt"],"picked":"Cleave","floor":2},{"not_picked":["Thunderclap","Sword Boomerang"],"picked":"Flex","floor":4},{"not_picked":["Inflame","Entrench"],"picked":"Barricade","floor":5},{"not_picked":["Wild Strike","Carnage"],"picked":"Searing Blow","floor":7},{"not_picked":["Dual Wield","Pommel Strike"],"picked":"Entrench","floor":10},{"not_picked":["Second Wind","Anger"],"picked":"Headbutt","floor":11}],"player_experience":62486,"relics_obtained":[{"floor":9,"key":"Lantern"}],"event_choices":[{"damage_healed":0,"gold_gain":0,"player_choice":"Forge","damage_taken":0,"max_hp_gain":0,"max_hp_loss":0,"event_name":"Accursed Blacksmith","floor":3,"gold_loss":0,"cards_upgraded":["Shrug It Off"]},{"damage_healed":0,"gold_gain":0,"player_choice":"Success","damage_taken":18,"relics_obtained":["War Paint"],"max_hp_gain":0,"max_hp_loss":0,"event_name":"Scrap Ooze","floor":13,"gold_loss":0},{"damage_healed":26,"gold_gain":0,"player_choice":"Banana","damage_taken":0,"max_hp_gain":0,"max_hp_loss":0,"event_name":"Big Fish","floor":14,"gold_loss":0}],"is_beta":false,"boss_relics":[],"items_purged_floors":[12],"is_endless":false,"potions_floor_spawned":[2,4,7],"killed_by":"Hexaghost","ascension_level":0}