{"gold_per_floor":[11,11,29,47,47,47,47,74,100,100,110,125,125,144,144,244,244,244,244,49,49,49,49,14,14,14,14,14,14,14,14,14,14,14,14,14,14,14,14],"floor_reached":40,"playtime":2667,"items_purged":["Strike_G"],"score":638,"play_id":"3ddddb97-1425-4745-9612-94e73d79e93a","local_time":"20180930121817","is_ascension_mode":false,"campfire_choices":[{"data":"Neutralize","floor":6.0,"key":"SMITH"},{"data":"Bouncing Flask","floor":13.0,"key":"SMITH"},{"data":"Doppelganger","floor":15.0,"key":"SMITH"},{"data":"Adrenaline","floor":25.0,"key":"SMITH"},{"data":"Crippling Poison","floor":27.0,"key":"SMITH"},{"floor":32.0,"key":"REST"}],"neow_cost":"NO_GOLD","seed_source_timestamp":748946049377165,"circlet_count":0,"master_deck":["Defend_G","Defend_G","Defend_G","Defend_G","Defend_G","Strike_G","Strike_G","Survivor","Neutralize+1","Slice","Doppelganger+1","All Out Attack","Footwork+1","Quick Slash","Blade Dance","Dodge and Roll","Bouncing Flask+1","Deadly Poison","Adrenaline+1","Crippling Poison+1","A Thousand Cuts","Slice","Sucker Punch","Shame","Dodge and Roll","Crippling Poison","Escape Plan","Deflect","Cloak And Dagger","Bullet Time","Backflip","Bouncing Flask+1","Cloak And Dagger","Cloak And Dagger","Adrenaline"],"special_seed":0,"relics":["Ring of the Snake","FaceOfCleric","Vajra","Bag of Marbles","Ectoplasm","Molten Egg 2","Smiling Mask","Red Mask","Snake Skull","Orrery","Dead Branch"],"potions_floor_usage":[33,33,39,39,39],"damage_taken":[{"damage":2.0,"enemies":"Jaw Worm","floor":1.0,"turns":7.0},{"damage":0.0,"enemies":"Cultist","floor":3.0,"turns":4.0},{"damage":7.0,"enemies":"Small Slimes","floor":4.0,"turns":3.0},{"damage":26.0,"enemies":"Gremlin Nob","floor":8.0,"turns":4.0},{"damage":1.0,"enemies":"Exordium Thugs","floor":11.0,"turns":5.0},{"damage":0.0,"enemies":"Large Slime","floor":12.0,"turns":4.0},{"damage":0.0,"enemies":"Lots of Slimes","floor":14.0,"turns":2.0},{"damage":10.0,"enemies":"Hexaghost","floor":16.0,"turns":8.0},{"damage":0.0,"enemies":"Chosen","floor":18.0,"turns":3.0},{"damage":0.0,"enemies":"Spheric Guardian","floor":19.0,"turns":6.0},{"damage":5.0,"enemies":"Shelled Parasite and Fungi","floor":21.0,"turns":7.0},{"damage":11.0,"enemies":"Centurion and Healer","floor":23.0,"turns":6.0},{"damage":24.0,"enemies":"Masked Bandits","floor":28.0,"turns":4.0},{"damage":16.0,"enemies":"Snake Plant","floor":29.0,"turns":4.0},{"damage":0.0,"enemies":"Sentry and Sphere","floor":31.0,"turns":3.0},{"damage":39,"enemies":"Champ","floor":33,"turns":12},{"damage":6,"enemies":"3 Darklings","floor":35,"turns":4},{"damage":1,"enemies":"Mysterious Sphere","floor":36,"turns":3},{"damage":0,"enemies":"3 Shapes","floor":37,"turns":2},{"damage":47,"enemies":"Awakened One","floor":39,"turns":23}],"seed_played":"-5663687066288699621","potions_obtained":[{"floor":1.0,"key":"Energy Potion"},{"floor":8.0,"key":"FearPotion"},{"floor":11.0,"key":"Fruit Juice"},{"floor":14.0,"key":"Poison Potion"},{"floor":16.0,"key":"LiquidBronze"},{"floor":31.0,"key":"EssenceOfSteel"},{"floor":33,"key":"Explosive Potion"},{"floor":37,"key":"SpeedPotion"}],"is_trial":false,"path_per_floor":["M","$","M","M","?","R","?","E","T","?","M","M","R","M","R","B",null,"M","M","$","M","?","M","$","R","T","R","?","M","T","M","R","B",null,"M","?","M","?","B"],"character_chosen":"THE_SILENT","items_purchased":["A Thousand Cuts","Slice","Crippling Poison"],"campfire_rested":1,"item_purchase_floors":[20,20,24],"current_hp_per_floor":[68,68,68,61,61,61,61,36,36,29,29,35,35,36,36,27,80,81,82,82,78,78,68,68,68,68,68,45,30,30,31,57,19,88,83,83,84,84,38],"gold":14,"neow_bonus":"TRANSFORM_TWO_CARDS","is_prod":false,"is_daily":false,"chose_seed":false,"campfire_upgraded":5,"win_rate":1,"timestamp":1538277497,"path_taken":["M","$","M","M","?","R","?","E","T","?","M","?","R","M","R","BOSS","M","M","$","M","?","M","?","R","T","R","?","M","?","?","R","BOSS","M","?","M","?","BOSS"],"build_version":"2018-09-27","purchased_purges":1,"victory":true,"max_hp_per_floor":[70,70,70,70,70,70,70,71,71,71,72,78,78,79,79,80,80,81,82,82,83,83,84,84,84,84,84,85,86,86,87,87,88,88,89,90,91,91,92],"card_choices":[{"not_picked":["Skewer","Eviscerate"],"picked":"All Out Attack","floor":1.0},{"not_picked":["Outmaneuver","Dagger Throw"],"picked":"Footwork","floor":3.0},{"not_picked":["Acrobatics","Prepared"],"picked":"Quick Slash","floor":4.0},{"not_picked":["Skewer","Prepared"],"picked":"Blade Dance","floor":8.0},{"not_picked":["Quick Slash","Dagger Throw"],"picked":"Dodge and Roll","floor":11.0},{"not_picked":["Masterful Stab","PiercingWail"],"picked":"Bouncing Flask","floor":12.0},{"not_picked":["Tactician","Bouncing Flask"],"picked":"Deadly Poison","floor":14.0},{"not_picked":["Doppelganger","Unload"],"picked":"Adrenaline","floor":16.0},{"not_picked":["Dagger Throw","Dagger Spray","Bane"],"picked":"SKIP","floor":18.0},{"not_picked":["Finisher","Flying Knee"],"picked":"Crippling Poison","floor":19.0},{"not_picked":["Acrobatics+1","Dagger Throw"],"picked":"Sucker Punch","floor":21.0},{"not_picked":["Terror","Blade Dance"],"picked":"Dodge and Roll","floor":23.0},{"not_picked":["Backflip","Venomology"],"picked":"Escape Plan","floor":28.0},{"not_picked":["Sucker Punch+1","Underhanded Strike+1"],"picked":"Deflect","floor":29.0},{"not_picked":["Poisoned Stab+1","Phantasmal Killer"],"picked":"Cloak And Dagger","floor":31.0},{"not_picked":["Envenom","Storm of Steel"],"picked":"Bullet Time","floor":33},{"not_picked":["Prepared","Skewer+1"],"picked":"Backflip","floor":34},{"not_picked":["Bane+1","Backstab+1"],"picked":"Bouncing Flask+1","floor":34},{"not_picked":["Reflex","Outmaneuver"],"picked":"Cloak And Dagger","floor":34},{"not_picked":["All Out Attack+1","Bane+1"],"picked":"Cloak And Dagger","floor":34},{"not_picked":["Underhanded Strike+1","Dagger Spray+1"],"picked":"Adrenaline","floor":35},{"not_picked":["Terror","Quick Slash+1","Flying Knee+1"],"picked":"SKIP","floor":37}],"player_experience":79334,"relics_obtained":[{"floor":8.0,"key":"Vajra"},{"floor":9.0,"key":"Bag of Marbles"},{"floor":26.0,"key":"Smiling Mask"},{"floor":28.0,"key":"Red Mask"},{"floor":30.0,"key":"Snake Skull"},{"floor":36,"key":"Dead Branch"}],"event_choices":[{"event_name":"FaceTrader","player_choice":"Trade","floor":5.0,"damage_taken":0.0},{"event_name":"Living Wall","player_choice":"Grow","floor":7.0,"damage_taken":0.0},{"event_name":"Wheel of Change","player_choice":"Damage","floor":10.0,"damage_taken":0.0},{"event_name":"Addict","player_choice":"Stole Relic","floor":22.0,"damage_taken":0.0},{"event_name":"Masked Bandits","player_choice":"Fought Bandits","floor":28.0,"damage_taken":0.0},{"event_name":"Mysterious Sphere","player_choice":"Fight","floor":36,"damage_taken":0},{"event_name":"SecretPortal","player_choice":"Took Portal.","floor":38,"damage_taken":0}],"is_beta":false,"boss_relics":[{"not_picked":["Astrolabe","Eternal Feather"],"picked":"Ectoplasm"},{"not_picked":["Black Star","Sozu"],"picked":"Orrery"}],"items_purged_floors":[20],"is_endless":false,"potions_floor_spawned":[1,8,11,14,16,18,28,31,33,37],"ascension_level":0}