{"gold_per_floor":[117,117,137,151,151,192,192,236,304,338,212,228,243,268,268,389,452,422,443,443,71,85,85,119,16,16,50,50,5,21,37,37,37],"floor_reached":33,"playtime":4162,"items_purged":["Strike_G","Strike_G"],"score":365,"play_id":"2e7ca1b9-e1ca-403b-b977-acc6fbe89cd2","local_time":"20190823174016","is_ascension_mode":true,"campfire_choices":[{"floor":15.0,"key":"REST"},{"floor":23.0,"key":"REST"},{"floor":28.0,"key":"REST"},{"data":"Bullet Time","floor":32.0,"key":"SMITH"}],"neow_cost":"TEN_PERCENT_HP_LOSS","seed_source_timestamp":0,"circlet_count":0,"master_deck":["Strike_G","Defend_G+1","Defend_G","Defend_G","Defend_G","Defend_G","Survivor","Neutralize","Die Die Die","Poisoned Stab","PiercingWail","Bouncing Flask","Distraction","Bullet Time+1","Escape Plan","Tools of the Trade","Backflip","Dodge and Roll","Endless Agony","A Thousand Cuts","Flying Knee","Bouncing Flask+1","Noxious Fumes","Tactician","Backstab","Footwork","Deflect","Acrobatics","Blade Dance","Finisher+1","Blur"],"special_seed":0,"relics":["Ring of the Snake","The Specimen","Golden Idol","Regal Pillow","Shuriken","Matryoshka","Gremlin Horn","Tiny House","ClockworkSouvenir","Mummified Hand","Oddly Smooth Stone","Molten Egg 2","Boot"],"potions_floor_usage":[33],"damage_taken":[{"damage":0.0,"enemies":"2 Louse","floor":1.0,"turns":1.0},{"damage":0.0,"enemies":"Jaw Worm","floor":3.0,"turns":3.0},{"damage":1.0,"enemies":"Cultist","floor":4.0,"turns":3.0},{"damage":13.0,"enemies":"3 Sentries","floor":6.0,"turns":8.0},{"damage":22.0,"enemies":"Lagavulin","floor":8.0,"turns":7.0},{"damage":0.0,"enemies":"3 Sentries","floor":10.0,"turns":3.0},{"damage":3.0,"enemies":"Looter","floor":12.0,"turns":4.0},{"damage":0.0,"enemies":"Gremlin Gang","floor":13.0,"turns":3.0},{"damage":0.0,"enemies":"Large Slime","floor":14.0,"turns":5.0},{"damage":21.0,"enemies":"Hexaghost","floor":16.0,"turns":12.0},{"damage":24.0,"enemies":"2 Thieves","floor":18.0,"turns":5.0},{"damage":9.0,"enemies":"3 Byrds","floor":19.0,"turns":5.0},{"damage":23.0,"enemies":"Snecko","floor":22.0,"turns":4.0},{"damage":32.0,"enemies":"Book of Stabbing","floor":24.0,"turns":6.0},{"damage":2.0,"enemies":"Slavers","floor":27.0,"turns":6.0},{"damage":12.0,"enemies":"Snake Plant","floor":30.0,"turns":3.0},{"damage":16.0,"enemies":"Shelled Parasite and Fungi","floor":31.0,"turns":5.0},{"damage":31,"enemies":"Automaton","floor":33,"turns":6}],"seed_played":"9177755376135725902","potions_obtained":[{"floor":6.0,"key":"Explosive Potion"},{"floor":8.0,"key":"PowerPotion"},{"floor":10.0,"key":"Energy Potion"},{"floor":14.0,"key":"Dexterity Potion"},{"floor":17.0,"key":"SpeedPotion"},{"floor":22.0,"key":"Strength Potion"},{"floor":24.0,"key":"SpeedPotion"},{"floor":31.0,"key":"Fire Potion"}],"is_trial":false,"path_per_floor":["M","?","M","M","?","E","?","E","T","E","$","M","M","M","R","B",null,"M","M","?","$","M","R","E","$","T","E","R","$","M","M","R","B"],"character_chosen":"THE_SILENT","items_purchased":["Backflip","Noxious Fumes","ClockworkSouvenir","Footwork","Deflect","Blade Dance"],"campfire_rested":3,"item_purchase_floors":[11,21,21,25,25,29],"current_hp_per_floor":[63,56,56,55,40,27,27,5,5,5,5,2,2,2,35,14,68,44,35,35,35,12,47,15,15,15,13,48,48,36,20,20,0],"gold":37,"neow_bonus":"THREE_RARE_CARDS","is_prod":false,"is_daily":false,"chose_seed":false,"campfire_upgraded":1,"win_rate":1,"timestamp":1566549616,"path_taken":["M","?","M","M","?","E","?","E","T","E","?","M","M","?","R","BOSS","M","?","?","$","M","R","E","$","T","E","R","$","M","M","R","BOSS"],"build_version":"2019-07-17","purchased_purges":2,"victory":false,"max_hp_per_floor":[63,63,63,63,63,63,63,63,63,63,63,63,63,63,63,63,68,68,68,68,68,68,68,68,68,68,68,68,68,68,68,68,68],"card_choices":[{"not_picked":["Unload","Phantasmal Killer"],"picked":"Die Die Die","floor":0.0},{"not_picked":["Dagger Spray","Heel Hook"],"picked":"Poisoned Stab","floor":1.0},{"not_picked":["Deflect","Infinite Blades"],"picked":"PiercingWail","floor":3.0},{"not_picked":["Sucker Punch","Dash"],"picked":"Bouncing Flask","floor":4.0},{"not_picked":["Quick Slash","Underhanded Strike"],"picked":"Distraction","floor":6.0},{"not_picked":["Infinite Blades","Choke"],"picked":"Escape Plan","floor":8.0},{"not_picked":["Finisher","Poisoned Stab"],"picked":"Tools of the Trade","floor":10.0},{"not_picked":["Dagger Spray","Quick Slash"],"picked":"Dodge and Roll","floor":12.0},{"not_picked":["Heel Hook","Flying Knee","Sucker Punch"],"picked":"SKIP","floor":13.0},{"not_picked":["Dagger Spray","Prepared"],"picked":"Endless Agony","floor":14.0},{"not_picked":["Unload","Phantasmal Killer"],"picked":"A Thousand Cuts","floor":16.0},{"not_picked":["Poisoned Stab","Dodge and Roll"],"picked":"Flying Knee","floor":17.0},{"not_picked":["Predator","Dodge and Roll","Blade Dance"],"picked":"SKIP","floor":18.0},{"not_picked":["Calculated Gamble","All Out Attack"],"picked":"Bouncing Flask+1","floor":19.0},{"not_picked":["Endless Agony","Outmaneuver"],"picked":"Tactician","floor":22.0},{"not_picked":["Blade Dance+1","Flying Knee"],"picked":"Backstab","floor":24.0},{"not_picked":["Backflip","Slice+1"],"picked":"Acrobatics","floor":27.0},{"not_picked":["Dagger Spray+1","Deflect"],"picked":"Finisher+1","floor":30.0},{"not_picked":["Flying Knee+1","Bane+1"],"picked":"Blur","floor":31.0}],"player_experience":85145,"relics_obtained":[{"floor":6.0,"key":"Regal Pillow"},{"floor":8.0,"key":"Shuriken"},{"floor":9.0,"key":"Matryoshka"},{"floor":10.0,"key":"Gremlin Horn"},{"floor":24.0,"key":"Mummified Hand"},{"floor":26.0,"key":"Oddly Smooth Stone"},{"floor":26.0,"key":"Molten Egg 2"},{"floor":27.0,"key":"Boot"}],"event_choices":[{"damage_healed":0.0,"max_hp_gain":0.0,"max_hp_loss":0.0,"gold_gain":0.0,"event_name":"Scrap Ooze","player_choice":"Success","floor":2.0,"gold_loss":0.0,"damage_taken":7.0,"relics_obtained":["The Specimen"]},{"damage_healed":0.0,"max_hp_gain":0.0,"max_hp_loss":0.0,"gold_gain":0.0,"event_name":"Golden Idol","player_choice":"Take Damage","floor":5.0,"gold_loss":0.0,"damage_taken":15.0,"relics_obtained":["Golden Idol"]},{"damage_healed":0.0,"max_hp_gain":0.0,"max_hp_loss":0.0,"gold_gain":0.0,"cards_transformed":["Strike_G"],"event_name":"Living Wall","player_choice":"Change","floor":7.0,"gold_loss":0.0,"damage_taken":0.0,"cards_obtained":["Bullet Time"]},{"cards_removed":["Strike_G"],"damage_healed":0.0,"max_hp_gain":0.0,"max_hp_loss":0.0,"gold_gain":0.0,"event_name":"Purifier","player_choice":"Purged","floor":20.0,"gold_loss":0.0,"damage_taken":0.0}],"is_beta":false,"boss_relics":[{"not_picked":["Runic Dome","Calling Bell"],"picked":"Tiny House"}],"items_purged_floors":[11,21],"is_endless":false,"potions_floor_spawned":[6,8,10,14,22,24,31],"killed_by":"Automaton","ascension_level":2}