{"gold_per_floor":[115,115,125,144,160,160,170,170,193,208,23,99,117,150,150,248,248,261,68,68,68,14,14,33,33,33,33,49,67,44,63,63,168,168,182,192,52,69,87,87,139,139,139,149,149,159,159,175,175,175],"floor_reached":51,"playtime":3271,"items_purged":["Strike_G","Strike_G"],"score":678,"play_id":"075d9248-7715-429a-98e3-4e5037e289fe","local_time":"20180920010332","is_ascension_mode":false,"campfire_choices":[{"data":"Neutralize","floor":6,"key":"SMITH"},{"data":"Malaise","floor":15,"key":"SMITH"},{"data":"Footwork","floor":23,"key":"SMITH"},{"data":"Noxious Fumes","floor":25,"key":"SMITH"},{"floor":32,"key":"REST"},{"data":"Footwork","floor":40,"key":"SMITH"},{"data":"Noxious Fumes","floor":42,"key":"SMITH"},{"floor":49,"key":"REST"}],"neow_cost":"","seed_source_timestamp":455438276798419,"circlet_count":0,"master_deck":["Defend_G","Defend_G","Defend_G","Defend_G","Strike_G+1","Survivor","Neutralize+1","Caltrops+1","PiercingWail","Quick Slash","Sucker Punch+1","PiercingWail","Deflect","Footwork+1","Slice","Malaise+1","A Thousand Cuts","Noxious Fumes+1","Heel Hook","All Out Attack","Backflip","Dodge and Roll","Blur+1","Slice+1","Poisoned Stab","Terror","A Thousand Cuts","Backstab+1","Footwork+1","Blur+1","Noxious Fumes+1","Blur","Backflip","Well Laid Plans+1","Writhe","Backflip+1"],"relics":["Ring of the Serpent","Boot","Happy Flower","Paper Crane","Whetstone","Gambling Chip","Runic Dome","Mango","Sundial"],"potions_floor_usage":[7,13,29,31,33,46,50,50],"damage_taken":[{"damage":0,"enemies":"2 Louse","floor":1,"turns":5},{"damage":2,"enemies":"Small Slimes","floor":3,"turns":5},{"damage":3,"enemies":"Jaw Worm","floor":4,"turns":7},{"damage":6,"enemies":"Large Slime","floor":5,"turns":8},{"damage":2,"enemies":"Lots of Slimes","floor":7,"turns":6},{"damage":9,"enemies":"3 Louse","floor":10,"turns":5},{"damage":8,"enemies":"Gremlin Gang","floor":13,"turns":4},{"damage":10,"enemies":"Gremlin Nob","floor":14,"turns":5},{"damage":21,"enemies":"Hexaghost","floor":16,"turns":16},{"damage":0,"enemies":"Chosen","floor":18,"turns":8},{"damage":15,"enemies":"2 Thieves","floor":24,"turns":5},{"damage":0,"enemies":"Snake Plant","floor":28,"turns":7},{"damage":0,"enemies":"Cultist and Chosen","floor":29,"turns":6},{"damage":2,"enemies":"Sentry and Sphere","floor":31,"turns":7},{"damage":4,"enemies":"Automaton","floor":33,"turns":13},{"damage":0,"enemies":"3 Shapes","floor":35,"turns":5},{"damage":6,"enemies":"3 Darklings","floor":36,"turns":6},{"damage":0,"enemies":"Transient","floor":38,"turns":5},{"damage":13,"enemies":"4 Shapes","floor":39,"turns":7},{"damage":18,"enemies":"Mysterious Sphere","floor":41,"turns":6},{"damage":3,"enemies":"Sphere and 2 Shapes","floor":44,"turns":7},{"damage":11,"enemies":"Spire Growth","floor":46,"turns":7},{"damage":0,"enemies":"Maw","floor":48,"turns":9},{"damage":29,"enemies":"Donu and Deca","floor":50,"turns":10}],"seed_played":"752833959623458053","potions_obtained":[{"floor":1,"key":"EssenceOfSteel"},{"floor":4,"key":"SpeedPotion"},{"floor":7,"key":"AttackPotion"},{"floor":10,"key":"GamblersBrew"},{"floor":16,"key":"SpeedPotion"},{"floor":28,"key":"AttackPotion"},{"floor":29,"key":"Fire Potion"},{"floor":33,"key":"GhostInAJar"},{"floor":35,"key":"FearPotion"},{"floor":46,"key":"Weak Potion"},{"floor":48,"key":"LiquidBronze"}],"is_trial":false,"path_per_floor":["M","?","M","M","M","R","M","?","T","M","$","T","M","E","R","B",null,"M","$","?","?","$","R","M","R","T","?","M","M","$","M","R","B",null,"M","M","$","M","M","R","?","R","T","M","?","M","?","M","R","B"],"character_chosen":"THE_SILENT","items_purchased":["Footwork","Happy Flower","Heel Hook","PowerPotion","Backflip","Poisoned Stab","Footwork"],"campfire_rested":2,"item_purchase_floors":[11,11,19,19,22,30,37],"current_hp_per_floor":[70,75,73,70,64,64,62,62,62,53,53,53,45,35,35,14,75,75,75,61,61,61,61,46,46,46,46,46,46,46,44,68,64,80,80,74,74,74,61,61,57,57,57,54,54,43,67,67,94,65],"gold":175,"neow_bonus":"","is_prod":false,"is_daily":false,"chose_seed":false,"campfire_upgraded":6,"win_rate":0.0,"timestamp":1537373012,"path_taken":["M","?","M","M","M","R","M","?","T","?","$","?","?","E","R","BOSS","M","$","?","?","$","R","M","R","T","?","M","?","$","M","R","BOSS","M","M","$","M","?","R","?","R","T","M","?","?","?","M","R","BOSS"],"build_version":"2018-09-06","purchased_purges":2,"victory":true,"max_hp_per_floor":[70,75,75,75,75,75,75,75,75,75,75,75,75,75,75,75,75,75,75,80,80,80,80,80,80,80,80,80,80,80,80,80,80,80,80,80,80,80,80,80,94,94,94,94,94,94,94,94,94,94],"card_choices":[{"not_picked":["Endless Agony","Quick Slash"],"picked":"Caltrops","floor":1},{"not_picked":["Acrobatics","Blade Dance"],"picked":"PiercingWail","floor":3},{"not_picked":["Dodge and Roll","Eviscerate"],"picked":"Quick Slash","floor":4},{"not_picked":["Choke","Prepared"],"picked":"Sucker Punch","floor":5},{"not_picked":["Prepared","Choke"],"picked":"PiercingWail","floor":7},{"not_picked":["Underhanded Strike","Acrobatics"],"picked":"Deflect","floor":10},{"not_picked":["Eviscerate","Deflect"],"picked":"Slice","floor":13},{"not_picked":["Poisoned Stab","Dodge and Roll"],"picked":"Malaise","floor":14},{"not_picked":["Wraith Form v2","Adrenaline"],"picked":"A Thousand Cuts","floor":16},{"not_picked":["Dagger Spray","Slice+1"],"picked":"Noxious Fumes","floor":18},{"not_picked":["Blade Dance","Deadly Poison"],"picked":"Dodge and Roll","floor":24},{"not_picked":["Slice","Outmaneuver"],"picked":"Blur+1","floor":28},{"not_picked":["Acrobatics","Blade Dance"],"picked":"Slice+1","floor":29},{"not_picked":["Outmaneuver","Heel Hook"],"picked":"Terror","floor":31},{"not_picked":["Venomology","Phantasmal Killer"],"picked":"A Thousand Cuts","floor":33},{"not_picked":["Bouncing Flask","Skewer+1"],"picked":"Backstab+1","floor":35},{"not_picked":["Terror+1","Underhanded Strike+1","Expertise+1"],"picked":"SKIP","floor":36},{"not_picked":["Dagger Spray","Deadly Poison"],"picked":"Blur+1","floor":38},{"not_picked":["Slice","Dagger Spray+1"],"picked":"Noxious Fumes","floor":39},{"not_picked":["Quick Slash","Underhanded Strike+1"],"picked":"Blur","floor":41},{"not_picked":["Endless Agony+1","Flying Knee+1"],"picked":"Backflip","floor":44},{"not_picked":["Predator+1","Endless Agony"],"picked":"Well Laid Plans+1","floor":46},{"not_picked":["Tactician","Masterful Stab"],"picked":"Backflip+1","floor":48}],"player_experience":4016,"relics_obtained":[{"floor":9,"key":"Boot"},{"floor":12,"key":"Paper Crane"},{"floor":14,"key":"Whetstone"},{"floor":26,"key":"Gambling Chip"},{"floor":41,"key":"Mango"},{"floor":43,"key":"Sundial"}],"event_choices":[{"event_name":"Big Fish","player_choice":"Donut","floor":2,"damage_taken":0},{"event_name":"Bonfire Elementals","player_choice":"BASIC","floor":8,"damage_taken":0},{"event_name":"Forgotten Altar","player_choice":"Shed Blood","floor":20,"damage_taken":0},{"event_name":"Transmorgrifier","player_choice":"Transform","floor":21,"damage_taken":0},{"event_name":"Accursed Blacksmith","player_choice":"Forge","floor":27,"damage_taken":0},{"event_name":"Mysterious Sphere","player_choice":"Fight","floor":41,"damage_taken":0},{"event_name":"Purifier","player_choice":"One Purge","floor":45,"damage_taken":0},{"event_name":"Winding Halls","player_choice":"Writhe","floor":47,"damage_taken":0}],"is_beta":false,"boss_relics":[{"not_picked":["Velvet Choker","Eternal Feather"],"picked":"Ring of the Serpent"},{"not_picked":["Coffee Dripper","WristBlade"],"picked":"Runic Dome"}],"items_purged_floors":[19,37],"is_endless":false,"potions_floor_spawned":[1,4,7,10,16,28,29,33,35,38,46,48],"ascension_level":0}