{"gold_per_floor":[109,124,142,62,62,62,94,94,147,159,234,234,311,20,32,146,208,240,252,45,45,45,45,60,60,113,113,113,128,128,148,148,247,247,264,281,165,182,198,198,230,243,273,284,312,332,349,362,362,362],"floor_reached":51,"playtime":3098,"items_purged":["Strike_G","Strike_G"],"score":759,"play_id":"abbd8e82-1473-4983-8dc5-9f3e0c4f43e0","local_time":"20180930191829","is_ascension_mode":false,"campfire_choices":[{"data":"Neutralize","floor":6,"key":"SMITH"},{"data":"Glass Knife","floor":8,"key":"SMITH"},{"data":"Footwork","floor":15,"key":"SMITH"},{"data":"Footwork","floor":23,"key":"SMITH"},{"data":"Bouncing Flask","floor":25,"key":"SMITH"},{"data":"Night Terror","floor":28,"key":"SMITH"},{"floor":32,"key":"REST"},{"data":"Noxious Fumes","floor":40,"key":"SMITH"},{"floor":49,"key":"REST"}],"neow_cost":"NONE","seed_source_timestamp":5508164631243,"circlet_count":0,"master_deck":["Defend_G","Defend_G","Defend_G","Defend_G+1","Defend_G","Survivor","Neutralize+1","Skewer","Flying Knee","Dagger Throw","Glass Knife+1","Backstab","Poisoned Stab","Terror","Footwork+1","Night Terror+1","Backflip","Deflect","Footwork+1","Bouncing Flask+1","Finisher+1","PiercingWail","Blade Dance","After Image","Dodge and Roll","Noxious Fumes+1","Noxious Fumes+1","Leg Sweep","Backflip","Dodge and Roll","Prepared","Dodge and Roll+1","Setup+1","Corpse Explosion"],"relics":["Ring of the Snake","Bag of Marbles","Anchor","Ninja Scroll","MawBank","Tiny House","Ancient Tea Set","Enchiridion","Sozu","Bottled Tornado","Tiny Chest","Centennial Puzzle"],"potions_floor_usage":[33,50,50],"damage_taken":[{"damage":0,"enemies":"Small Slimes","floor":1,"turns":3},{"damage":0,"enemies":"Cultist","floor":2,"turns":3},{"damage":2,"enemies":"2 Louse","floor":3,"turns":2},{"damage":18,"enemies":"Lagavulin","floor":7,"turns":6},{"damage":0,"enemies":"Exordium Wildlife","floor":10,"turns":1},{"damage":2,"enemies":"The Guardian","floor":16,"turns":10},{"damage":0,"enemies":"Shell Parasite","floor":18,"turns":3},{"damage":0,"enemies":"Chosen","floor":24,"turns":5},{"damage":12,"enemies":"Snecko","floor":29,"turns":4},{"damage":0,"enemies":"Shelled Parasite and Fungi","floor":31,"turns":7},{"damage":52,"enemies":"Collector","floor":33,"turns":16},{"damage":0,"enemies":"3 Shapes","floor":35,"turns":2},{"damage":4,"enemies":"3 Darklings","floor":36,"turns":7},{"damage":3,"enemies":"Reptomancer","floor":38,"turns":6},{"damage":0,"enemies":"4 Shapes","floor":39,"turns":4},{"damage":14,"enemies":"Nemesis","floor":41,"turns":7},{"damage":10,"enemies":"Spire Growth","floor":42,"turns":5},{"damage":6,"enemies":"Transient","floor":44,"turns":5},{"damage":0,"enemies":"Giant Head","floor":45,"turns":9},{"damage":0,"enemies":"Maw","floor":46,"turns":8},{"damage":0,"enemies":"4 Shapes","floor":47,"turns":7},{"damage":0,"enemies":"3 Darklings","floor":48,"turns":7},{"damage":3,"enemies":"Donu and Deca","floor":50,"turns":10}],"seed_played":"-6525666133455197906","potions_obtained":[{"floor":3,"key":"Explosive Potion"},{"floor":10,"key":"SteroidPotion"},{"floor":16,"key":"Energy Potion"},{"floor":17,"key":"PowerPotion"},{"floor":33,"key":"EssenceOfSteel"}],"is_trial":false,"path_per_floor":["M","M","M","$","?","R","E","R","T","M","?","?","T","$","R","B",null,"M","?","$","?","?","R","M","R","T","?","R","M","?","M","R","B",null,"M","M","$","M","M","R","E","M","T","M","E","M","M","M","R","B"],"character_chosen":"THE_SILENT","items_purchased":["Backstab","Footwork","MawBank","Footwork","Dexterity Potion","Noxious Fumes","Leg Sweep"],"campfire_rested":2,"item_purchase_floors":[4,14,14,20,20,37,37],"current_hp_per_floor":[70,70,68,68,61,61,43,43,43,43,32,37,37,37,37,35,80,80,80,80,65,65,65,65,65,65,49,49,37,37,37,62,10,85,85,81,81,78,78,78,64,54,54,48,48,48,48,48,73,70],"gold":362,"neow_bonus":"TRANSFORM_CARD","is_prod":false,"is_daily":false,"chose_seed":false,"campfire_upgraded":7,"win_rate":1,"timestamp":1538302709,"path_taken":["M","M","M","$","?","R","E","R","T","M","?","?","?","$","R","BOSS","M","?","$","?","?","R","?","R","T","?","R","M","?","M","R","BOSS","M","M","$","M","M","R","E","M","T","M","E","M","M","M","R","BOSS"],"build_version":"2018-09-27","purchased_purges":2,"victory":true,"max_hp_per_floor":[70,70,70,70,70,70,70,70,70,70,70,75,75,75,75,75,80,80,80,80,85,85,85,85,85,85,85,85,85,85,85,85,85,85,85,85,85,85,85,85,85,85,85,85,85,85,85,85,85,85],"card_choices":[{"not_picked":["Poisoned Stab","Dodge and Roll"],"picked":"Flying Knee","floor":1},{"not_picked":["Finisher","Choke"],"picked":"Dagger Throw","floor":2},{"not_picked":["Outmaneuver","Dagger Throw"],"picked":"Glass Knife","floor":3},{"not_picked":["Quick Slash","Dodge and Roll"],"picked":"Poisoned Stab","floor":7},{"not_picked":["Prepared","Dagger Throw"],"picked":"Terror","floor":10},{"not_picked":["Venomology","Doppelganger"],"picked":"Night Terror","floor":16},{"not_picked":["Underhanded Strike","Bane"],"picked":"Backflip","floor":17},{"not_picked":["Distraction","Escape Plan"],"picked":"Deflect","floor":18},{"not_picked":["Skewer+1","Dagger Throw"],"picked":"Bouncing Flask","floor":24},{"not_picked":["Poisoned Stab","Distraction"],"picked":"Finisher+1","floor":29},{"not_picked":["Deadly Poison","Finisher"],"picked":"Blade Dance","floor":31},{"not_picked":["Night Terror","Unload"],"picked":"After Image","floor":33},{"not_picked":["Blade Dance","Choke"],"picked":"Dodge and Roll","floor":35},{"not_picked":["All Out Attack","PiercingWail+1"],"picked":"Noxious Fumes+1","floor":36},{"not_picked":["Dagger Spray+1","All Out Attack"],"picked":"Backflip","floor":38},{"not_picked":["Slice+1","Blade Dance","Underhanded Strike"],"picked":"SKIP","floor":39},{"not_picked":["Dagger Throw","Flying Knee"],"picked":"Dodge and Roll","floor":41},{"not_picked":["Heel Hook+1","Acrobatics"],"picked":"Prepared","floor":42},{"not_picked":["Deflect+1","Flechettes+1"],"picked":"Dodge and Roll+1","floor":44},{"not_picked":["Quick Slash","Slice","Dagger Spray+1"],"picked":"SKIP","floor":45},{"not_picked":["Flechettes","Phantasmal Killer"],"picked":"Setup+1","floor":46},{"not_picked":["Terror+1","Sucker Punch","Bane"],"picked":"SKIP","floor":47},{"not_picked":["Deflect","Bouncing Flask+1"],"picked":"Corpse Explosion","floor":48}],"player_experience":88096,"relics_obtained":[{"floor":7,"key":"Bag of Marbles"},{"floor":9,"key":"Anchor"},{"floor":13,"key":"Ninja Scroll"},{"floor":26,"key":"Ancient Tea Set"},{"floor":27,"key":"Enchiridion"},{"floor":41,"key":"Bottled Tornado"},{"floor":43,"key":"Tiny Chest"},{"floor":45,"key":"Centennial Puzzle"}],"event_choices":[{"event_name":"Golden Wing","player_choice":"Card Removal","floor":5,"damage_taken":0},{"event_name":"World of Goop","player_choice":"Gather Gold","floor":11,"damage_taken":0},{"event_name":"Big Fish","player_choice":"Donut","floor":12,"damage_taken":0},{"event_name":"N\u0027loth","player_choice":"Ignored","floor":19,"damage_taken":0},{"event_name":"Forgotten Altar","player_choice":"Shed Blood","floor":21,"damage_taken":0},{"event_name":"Beggar","player_choice":"Ignored","floor":22,"damage_taken":0},{"event_name":"Cursed Tome","player_choice":"Obtained Book","floor":27,"damage_taken":0},{"event_name":"Transmorgrifier","player_choice":"Transform","floor":30,"damage_taken":0}],"is_beta":false,"boss_relics":[{"not_picked":["Coffee Dripper","Calling Bell"],"picked":"Tiny House"},{"not_picked":["Philosopher\u0027s Stone","Astrolabe"],"picked":"Sozu"}],"items_purged_floors":[14,20],"is_endless":false,"potions_floor_spawned":[3,10,16,18,29,33,36,39,41,44,47,48],"ascension_level":0}