{"gold_per_floor":[112,126,144,319,39,39,52,87,87,87,87,12,12,24,24,129,129,146,146,161,161,175,175,190,190,244,244,255,270,270,270,270,366,366,376,386,661,61,74,74,94,109,109,124,124,124,124,49,49,49],"floor_reached":51,"playtime":2373,"items_purged":["Doubt","Regret"],"score":749,"play_id":"5cc34492-b7ff-4453-a61b-f25ff90b684a","local_time":"20181014002149","is_ascension_mode":false,"campfire_choices":[{"data":"Conserve Battery","floor":6.0,"key":"SMITH"},{"data":"Dualcast","floor":11.0,"key":"SMITH"},{"data":"Defend_B","floor":13.0,"key":"SMITH"},{"data":"Glacier","floor":15.0,"key":"SMITH"},{"data":"Sunder","floor":23.0,"key":"SMITH"},{"data":"Seek","floor":25.0,"key":"SMITH"},{"data":"Defend_B","floor":27.0,"key":"SMITH"},{"data":"Stack","floor":30.0,"key":"SMITH"},{"data":"Hello World","floor":32.0,"key":"SMITH"},{"data":"Capacitor","floor":40,"key":"SMITH"},{"data":"Buffer","floor":45,"key":"SMITH"},{"data":"Rainbow","floor":47,"key":"SMITH"},{"data":"Loop","floor":49,"key":"SMITH"}],"neow_cost":"NONE","seed_source_timestamp":60755559380369,"circlet_count":0,"master_deck":["Strike_B","Strike_B","Strike_B","Strike_B+1","Defend_B+1","Defend_B","Defend_B","Defend_B+1","Zap+1","Dualcast+1","Ball Lightning","Chill","Steam","Conserve Battery+1","Leap+1","Glacier+1","Hello World+1","Seek","Sunder+1","Necronomicurse","Cold Snap","Melter","Seek+1","Leap","Stack+1","Buffer+1","Leap","Leap+1","Capacitor+1","Blizzard","Stack","Compile Driver+1","Beam Cell+1","Rainbow+1","Loop+1"],"special_seed":0,"relics":["Cracked Core","Mummified Hand","Mango","Meat on the Bone","Eternal Feather","Necronomicon","Bag of Marbles","Nuclear Battery","Ice Cream","Shuriken"],"potions_floor_usage":[33,50,50,50],"damage_taken":[{"damage":0.0,"enemies":"2 Louse","floor":1.0,"turns":2.0},{"damage":1.0,"enemies":"Jaw Worm","floor":2.0,"turns":3.0},{"damage":0.0,"enemies":"Small Slimes","floor":3.0,"turns":3.0},{"damage":5.0,"enemies":"Looter","floor":7.0,"turns":2.0},{"damage":3.0,"enemies":"Lagavulin","floor":8.0,"turns":8.0},{"damage":0.0,"enemies":"3 Louse","floor":14.0,"turns":3.0},{"damage":8.0,"enemies":"The Guardian","floor":16.0,"turns":12.0},{"damage":0.0,"enemies":"3 Byrds","floor":18.0,"turns":6.0},{"damage":0.0,"enemies":"Shell Parasite","floor":20.0,"turns":7.0},{"damage":22.0,"enemies":"Shelled Parasite and Fungi","floor":22.0,"turns":5.0},{"damage":0.0,"enemies":"Centurion and Healer","floor":24.0,"turns":5.0},{"damage":0.0,"enemies":"Snake Plant","floor":28.0,"turns":1.0},{"damage":19.0,"enemies":"Chosen and Byrds","floor":29.0,"turns":6.0},{"damage":31,"enemies":"Champ","floor":33,"turns":15},{"damage":1,"enemies":"3 Shapes","floor":35,"turns":3},{"damage":0,"enemies":"3 Darklings","floor":36,"turns":5},{"damage":0,"enemies":"4 Shapes","floor":39,"turns":5},{"damage":4,"enemies":"Sphere and 2 Shapes","floor":41,"turns":6},{"damage":0,"enemies":"Transient","floor":42,"turns":5},{"damage":0,"enemies":"Spire Growth","floor":44,"turns":6},{"damage":26,"enemies":"Time Eater","floor":50,"turns":11}],"seed_played":"5628074853933037413","potions_obtained":[{"floor":2.0,"key":"Weak Potion"},{"floor":8.0,"key":"SkillPotion"},{"floor":14.0,"key":"Energy Potion"},{"floor":16.0,"key":"PowerPotion"},{"floor":18.0,"key":"Dexterity Potion"},{"floor":33,"key":"LiquidBronze"},{"floor":41,"key":"Dexterity Potion"}],"is_trial":false,"path_per_floor":["M","M","M","?","$","R","M","E","T","?","R","$","R","M","R","B",null,"M","?","M","?","M","R","M","R","T","R","M","M","R","?","R","B",null,"M","M","?","$","M","R","M","M","T","M","R","?","R","$","R","B"],"character_chosen":"DEFECT","items_purchased":["Mummified Hand","Conserve Battery","Capacitor","Ice Cream","Blizzard","Stack","Loop"],"campfire_rested":0,"item_purchase_floors":[5,5,38,38,38,38,48],"current_hp_per_floor":[75,74,74,74,74,74,69,80,80,62,62,62,62,62,62,54,89,89,73,73,73,51,63,63,75,75,87,87,68,83,66,81,50,94,93,93,93,93,93,94,90,90,90,90,94,94,94,94,94,68],"gold":49,"neow_bonus":"UPGRADE_CARD","is_prod":false,"is_daily":false,"chose_seed":false,"campfire_upgraded":13,"win_rate":0,"timestamp":1539444109,"path_taken":["M","M","M","?","$","R","M","E","T","?","R","$","R","M","R","BOSS","M","?","M","?","M","R","?","R","T","R","?","M","R","?","R","BOSS","M","M","?","$","M","R","M","?","T","M","R","?","R","?","R","BOSS"],"build_version":"2018-10-11","purchased_purges":2,"victory":true,"max_hp_per_floor":[75,75,75,75,75,75,75,89,89,89,89,89,89,89,89,89,89,89,89,89,89,89,89,89,89,89,89,89,89,89,94,94,94,94,94,94,94,94,94,94,94,94,94,94,94,94,94,94,94,94],"card_choices":[{"not_picked":["Stack","Coolheaded"],"picked":"Ball Lightning","floor":1.0},{"not_picked":["Coolheaded","Static Discharge"],"picked":"Chill","floor":2.0},{"not_picked":["Blizzard","Gash"],"picked":"Steam","floor":3.0},{"not_picked":["Steam","Cold Snap"],"picked":"Leap","floor":7.0},{"not_picked":["Machine Learning","Hologram"],"picked":"Glacier","floor":8.0},{"not_picked":["Double Energy","Ball Lightning"],"picked":"Hello World","floor":14.0},{"not_picked":["All For One","Multi-Cast"],"picked":"Seek","floor":16.0},{"not_picked":["Compile Driver","Streamline"],"picked":"Sunder","floor":18.0},{"not_picked":["Ball Lightning","Barrage"],"picked":"Cold Snap","floor":20.0},{"not_picked":["Compile Driver+1","Conserve Battery"],"picked":"Melter","floor":22.0},{"not_picked":["Leap","Stack"],"picked":"Seek","floor":24.0},{"not_picked":["Auto Shields","Sweeping Beam"],"picked":"Leap","floor":28.0},{"not_picked":["Rebound+1","Compile Driver+1"],"picked":"Stack","floor":29.0},{"not_picked":["Seek","Fission"],"picked":"Buffer","floor":33},{"not_picked":["Beam Cell+1","Chill+1"],"picked":"Leap","floor":35},{"not_picked":["Self Repair","Conserve Battery+1"],"picked":"Leap+1","floor":36},{"not_picked":["Self Repair+1","Steam Power"],"picked":"Compile Driver+1","floor":39},{"not_picked":["Leap","Barrage+1"],"picked":"Beam Cell+1","floor":41},{"not_picked":["Heatsinks","Gash+1","Ball Lightning"],"picked":"SKIP","floor":42},{"not_picked":["Lockon+1","Beam Cell"],"picked":"Rainbow","floor":44}],"player_experience":223953,"relics_obtained":[{"floor":8.0,"key":"Mango"},{"floor":9.0,"key":"Meat on the Bone"},{"floor":19.0,"key":"Necronomicon"},{"floor":26.0,"key":"Bag of Marbles"},{"floor":43,"key":"Shuriken"}],"event_choices":[{"event_name":"Liars Game","player_choice":"agreed","floor":4.0,"damage_taken":0.0},{"event_name":"Shining Light","player_choice":"Entered Light","floor":10.0,"damage_taken":0.0},{"event_name":"Cursed Tome","player_choice":"Obtained Book","floor":19.0,"damage_taken":0.0},{"event_name":"Vampires","player_choice":"Ignored","floor":21.0,"damage_taken":0.0},{"event_name":"Forgotten Altar","player_choice":"Shed Blood","floor":31.0,"damage_taken":0.0},{"event_name":"Golden Shrine","player_choice":"Desecrate","floor":37,"damage_taken":0},{"event_name":"Mysterious Sphere","player_choice":"Ignore","floor":46,"damage_taken":0}],"is_beta":false,"boss_relics":[{"not_picked":["Snecko Eye","Calling Bell"],"picked":"Eternal Feather"},{"not_picked":["Inserter","White Beast Statue"],"picked":"Nuclear Battery"}],"items_purged_floors":[12,38],"is_endless":false,"potions_floor_spawned":[2,8,14,16,18,33,39,41,42],"ascension_level":0}