{"gold_per_floor":[114,16,29,45,57,57,73,73,73,73,89,119,137,157,157,255,255,269,282,282,296,296,296,296,307,307,325,189,209,209,219,219,322,322,340,352,368,24,37,67,67,67,94,94,112,124,143,25,25,25],"floor_reached":51,"playtime":2507,"items_purged":["Strike_B","Hyperbeam","Strike_B+1"],"score":714,"play_id":"2851d6c3-5c6a-414a-a5d0-d9e5caab82b4","local_time":"20181013185613","is_ascension_mode":false,"campfire_choices":[{"data":"Zap","floor":6.0,"key":"SMITH"},{"data":"Dualcast","floor":8.0,"key":"SMITH"},{"data":"Defend_B","floor":10.0,"key":"SMITH"},{"data":"Loop","floor":15.0,"key":"SMITH"},{"floor":23.0,"key":"REST"},{"floor":30,"key":"REST"},{"floor":32,"key":"REST"},{"floor":41,"key":"REST"},{"floor":44,"key":"REST"},{"floor":49,"key":"REST"}],"neow_cost":"NONE","seed_source_timestamp":41334183771331,"circlet_count":0,"master_deck":["Strike_B+1","Defend_B+1","Defend_B+1","Defend_B+1","Defend_B+1","Zap+1","Dualcast+1","Ball Lightning","Cold Snap","Cold Snap","Coolheaded","Steam","Go for the Eyes","Compile Driver","Sunder","Beam Cell","Loop+1","Rainbow","Gash","Self Repair","Leap","Capacitor","Loop","Glacier","Gash+1","All For One","Beam Cell+1","Loop","Steam+1","Compile Driver+1","Streamline+1","Hologram","Hello World"],"special_seed":0,"relics":["Cracked Core","Mercury Hourglass","Regal Pillow","Fusion Hammer","Darkstone Periapt","Busted Crown","DataDisk","Bird Faced Urn","Art of War"],"potions_floor_usage":[50,50,50],"damage_taken":[{"damage":0.0,"enemies":"Cultist","floor":1.0,"turns":2.0},{"damage":1.0,"enemies":"Jaw Worm","floor":3.0,"turns":3.0},{"damage":3.0,"enemies":"Small Slimes","floor":4.0,"turns":3.0},{"damage":6.0,"enemies":"Looter","floor":5.0,"turns":2.0},{"damage":1.0,"enemies":"Exordium Thugs","floor":7.0,"turns":5.0},{"damage":0.0,"enemies":"Large Slime","floor":11.0,"turns":2.0},{"damage":18.0,"enemies":"Gremlin Nob","floor":12.0,"turns":4.0},{"damage":0.0,"enemies":"2 Fungi Beasts","floor":13.0,"turns":1.0},{"damage":4.0,"enemies":"Gremlin Gang","floor":14.0,"turns":3.0},{"damage":18.0,"enemies":"Hexaghost","floor":16.0,"turns":8.0},{"damage":3.0,"enemies":"3 Byrds","floor":18.0,"turns":4.0},{"damage":0.0,"enemies":"Spheric Guardian","floor":19.0,"turns":4.0},{"damage":7.0,"enemies":"Snake Plant","floor":21.0,"turns":3.0},{"damage":12,"enemies":"Shelled Parasite and Fungi","floor":25,"turns":5},{"damage":10,"enemies":"Snecko","floor":27,"turns":5},{"damage":8,"enemies":"Centurion and Healer","floor":29,"turns":8},{"damage":10,"enemies":"Chosen and Byrds","floor":31,"turns":4},{"damage":69,"enemies":"Collector","floor":33,"turns":12},{"damage":11,"enemies":"3 Darklings","floor":35,"turns":6},{"damage":0,"enemies":"3 Shapes","floor":36,"turns":4},{"damage":17,"enemies":"3 Darklings","floor":37,"turns":5},{"damage":16,"enemies":"Reptomancer","floor":39,"turns":6},{"damage":19,"enemies":"Nemesis","floor":40,"turns":9},{"damage":17,"enemies":"Spire Growth","floor":45,"turns":6},{"damage":0,"enemies":"Maw","floor":46,"turns":8},{"damage":0,"enemies":"Transient","floor":47,"turns":5},{"damage":26,"enemies":"Time Eater","floor":50,"turns":13}],"seed_played":"33718154539069933","potions_obtained":[{"floor":4.0,"key":"SkillPotion"},{"floor":13.0,"key":"Ancient Potion"},{"floor":14.0,"key":"LiquidBronze"},{"floor":16.0,"key":"FocusPotion"},{"floor":33,"key":"Dexterity Potion"},{"floor":45,"key":"Dexterity Potion"}],"is_trial":false,"path_per_floor":["M","$","M","M","M","R","M","R","T","R","M","E","M","M","R","B",null,"M","M","?","M","?","R","?","M","T","M","$","M","R","M","R","B",null,"M","M","M","$","M","E","R","?","T","R","M","M","M","$","R","B"],"character_chosen":"DEFECT","items_purchased":["Cold Snap","Glacier","DataDisk","Loop","Hologram","Hello World"],"campfire_rested":6,"item_purchase_floors":[2,28,38,38,48,48],"current_hp_per_floor":[75,75,74,71,65,65,64,64,64,64,64,46,46,42,42,24,75,72,72,72,65,65,75,75,63,63,60,60,59,75,65,75,13,75,71,75,65,65,49,37,74,74,74,75,69,75,75,75,75,66],"gold":25,"neow_bonus":"THREE_CARDS","is_prod":false,"is_daily":false,"chose_seed":false,"campfire_upgraded":4,"win_rate":0,"timestamp":1539424573,"path_taken":["M","?","M","M","M","R","M","R","T","R","M","E","M","?","R","BOSS","M","M","?","M","?","R","?","M","T","M","$","M","R","M","R","BOSS","M","M","M","$","M","E","R","?","T","R","M","M","?","$","R","BOSS"],"build_version":"2018-10-11","purchased_purges":3,"victory":true,"max_hp_per_floor":[75,75,75,75,75,75,75,75,75,75,75,75,75,75,75,75,75,75,75,75,75,75,75,75,75,75,75,75,75,75,75,75,75,75,75,75,75,75,75,75,75,75,75,75,75,75,75,75,75,75],"card_choices":[{"not_picked":["Streamline","Turbo"],"picked":"Ball Lightning","floor":0.0},{"not_picked":["Go for the Eyes","Ball Lightning"],"picked":"Cold Snap","floor":1.0},{"not_picked":["Compile Driver","Recycle"],"picked":"Coolheaded","floor":3.0},{"not_picked":["Stack","Static Discharge"],"picked":"Steam","floor":4.0},{"not_picked":["Turbo","Consume"],"picked":"Go for the Eyes","floor":5.0},{"not_picked":["Ball Lightning","Go for the Eyes"],"picked":"Compile Driver","floor":7.0},{"not_picked":["Thunder Strike","Streamline"],"picked":"Sunder","floor":11.0},{"not_picked":["Barrage","Force Field"],"picked":"Streamline","floor":12.0},{"not_picked":["Heatsinks","Go for the Eyes"],"picked":"Beam Cell","floor":13.0},{"not_picked":["Fission","Auto Shields"],"picked":"Loop","floor":14.0},{"not_picked":["Biased Cognition","Meteor Strike"],"picked":"Rainbow","floor":16.0},{"not_picked":["Barrage","Heatsinks+1"],"picked":"Gash","floor":18.0},{"not_picked":["Reprogram","Cold Snap"],"picked":"Self Repair","floor":19.0},{"not_picked":["Coolheaded","Melter+1"],"picked":"Leap","floor":21.0},{"not_picked":["Doom and Gloom","Ball Lightning"],"picked":"Capacitor","floor":25},{"not_picked":["Go for the Eyes+1","Barrage"],"picked":"Loop","floor":27},{"not_picked":["Steam","Recycle"],"picked":"Gash+1","floor":29},{"not_picked":["Sunder+1","Cold Snap","Storm+1"],"picked":"SKIP","floor":31},{"not_picked":["Reboot","Biased Cognition"],"picked":"All For One","floor":33},{"not_picked":["Go for the Eyes"],"picked":"SKIP","floor":35},{"not_picked":[],"picked":"Beam Cell+1","floor":36},{"not_picked":["Cold Snap+1"],"picked":"SKIP","floor":37},{"not_picked":[],"picked":"Steam+1","floor":39},{"not_picked":[],"picked":"Compile Driver+1","floor":40},{"not_picked":[],"picked":"Streamline+1","floor":45},{"not_picked":["Rip and Tear"],"picked":"SKIP","floor":46},{"not_picked":["Recycle"],"picked":"SKIP","floor":47}],"player_experience":215815,"relics_obtained":[{"floor":9.0,"key":"Mercury Hourglass"},{"floor":12.0,"key":"Regal Pillow"},{"floor":26,"key":"Darkstone Periapt"},{"floor":40,"key":"Bird Faced Urn"},{"floor":43,"key":"Art of War"}],"event_choices":[{"event_name":"Back to Basics","player_choice":"Simplicity","floor":20.0,"damage_taken":0.0},{"event_name":"Transmorgrifier","player_choice":"Transform","floor":22.0,"damage_taken":0.0},{"event_name":"The Mausoleum","player_choice":"No","floor":24,"damage_taken":0},{"event_name":"Falling","player_choice":"Removed Attack","floor":42,"damage_taken":0}],"is_beta":false,"boss_relics":[{"not_picked":["Philosopher\u0027s Stone","White Beast Statue"],"picked":"Fusion Hammer"},{"not_picked":["Coffee Dripper","Nuclear Battery"],"picked":"Busted Crown"}],"items_purged_floors":[2,28,38],"is_endless":false,"potions_floor_spawned":[4,13,14,16,27,29,33,40,45,47],"ascension_level":0}