{"gold_per_floor":[119,139,139,153,172,206,206,206,206,225,248,272,287,287,287,412,412,432,347,362,362,272,306,327,327],"floor_reached":25,"playtime":2160,"items_purged":[],"score":227,"play_id":"3d2a1d46-a7da-45d7-8cfe-f5103bc9b1ca","local_time":"20190831192713","is_ascension_mode":false,"campfire_choices":[{"floor":7,"key":"REST"},{"floor":15,"key":"REST"}],"neow_cost":"NONE","seed_source_timestamp":625638035866994,"circlet_count":0,"master_deck":["Strike_R","Strike_R","Strike_R","Strike_R","Strike_R","Defend_R","Defend_R","Defend_R","Defend_R+1","Bash","Flex","Entrench","Wild Strike","Hemokinesis","Pommel Strike+1","Bludgeon","Body Slam+1","Feel No Pain+1","Infernal Blade+1","Anger","Armaments+1","Writhe","Rage+1","Pommel Strike"],"relics":["Burning Blood","Anchor","Sundial","Golden Idol","PreservedInsect","Self Forming Clay","Astrolabe","Blood Vial","Ancient Tea Set","Boot"],"potions_floor_usage":[20,23,24,24],"damage_taken":[{"damage":0,"enemies":"Small Slimes","floor":1,"turns":3},{"damage":0,"enemies":"Jaw Worm","floor":2,"turns":4},{"damage":2,"enemies":"Cultist","floor":4,"turns":5},{"damage":12,"enemies":"2 Fungi Beasts","floor":5,"turns":5},{"damage":61,"enemies":"3 Sentries","floor":6,"turns":17},{"damage":4,"enemies":"Blue Slaver","floor":10,"turns":5},{"damage":8,"enemies":"Red Slaver","floor":11,"turns":5},{"damage":0,"enemies":"Exordium Wildlife","floor":12,"turns":2},{"damage":3,"enemies":"3 Louse","floor":13,"turns":2},{"damage":47,"enemies":"Slime Boss","floor":16,"turns":11},{"damage":46,"enemies":"3 Byrds","floor":18,"turns":8},{"damage":15,"enemies":"Shell Parasite","floor":20,"turns":4},{"damage":32,"enemies":"Book of Stabbing","floor":23,"turns":5},{"damage":7,"enemies":"Shelled Parasite and Fungi","floor":24,"turns":5},{"damage":17,"enemies":"Snecko","floor":25,"turns":3}],"seed_played":"-292144281027175895","potions_obtained":[{"floor":10,"key":"Fire Potion"},{"floor":11,"key":"Weak Potion"},{"floor":12,"key":"LiquidBronze"},{"floor":13,"key":"Block Potion"},{"floor":23,"key":"Explosive Potion"}],"is_trial":false,"path_per_floor":["M","M","?","M","M","E","R","?","T","M","M","M","M","T","R","B",null,"M","?","M","?","?","E","M","M"],"character_chosen":"IRONCLAD","items_purchased":[],"campfire_rested":2,"item_purchase_floors":[],"current_hp_per_floor":[80,80,73,77,71,16,40,40,40,42,40,46,49,49,73,32,80,40,40,33,33,33,9,10,0],"gold":327,"neow_bonus":"UPGRADE_CARD","is_prod":false,"is_daily":false,"chose_seed":false,"campfire_upgraded":0,"win_rate":0.0,"timestamp":1567297633,"path_taken":["M","M","?","M","M","E","R","?","T","M","M","M","M","?","R","BOSS","M","?","M","?","?","E","M","M"],"build_version":"2019-07-17","purchased_purges":0,"victory":false,"max_hp_per_floor":[80,80,80,80,80,80,80,80,80,80,80,80,80,80,80,80,80,80,80,80,80,80,80,80,80],"card_choices":[{"not_picked":["Armaments","Clothesline"],"picked":"Flex","floor":1},{"not_picked":["Disarm","Clothesline"],"picked":"Armaments","floor":2},{"not_picked":["Clothesline","Havoc"],"picked":"Entrench","floor":4},{"not_picked":["Twin Strike","Rampage"],"picked":"Carnage","floor":5},{"not_picked":["Armaments","Battle Trance"],"picked":"Wild Strike","floor":6},{"not_picked":["Second Wind","Iron Wave"],"picked":"Hemokinesis","floor":10},{"not_picked":["Juggernaut","Sword Boomerang"],"picked":"Pommel Strike","floor":11},{"not_picked":["Clash","Warcry"],"picked":"Inflame","floor":12},{"not_picked":["Pummel","Evolve","Thunderclap"],"picked":"SKIP","floor":13},{"not_picked":["Demon Form","Brutality"],"picked":"Bludgeon","floor":16},{"not_picked":["Battle Trance+1","True Grit"],"picked":"Anger","floor":18},{"not_picked":["Evolve","Headbutt"],"picked":"Armaments+1","floor":20},{"not_picked":["Twin Strike","Power Through"],"picked":"Rage+1","floor":23},{"not_picked":["Twin Strike","Sword Boomerang"],"picked":"Pommel Strike","floor":24}],"player_experience":49210,"relics_obtained":[{"floor":6,"key":"Sundial"},{"floor":9,"key":"PreservedInsect"},{"floor":14,"key":"Self Forming Clay"},{"floor":23,"key":"Boot"}],"event_choices":[{"damage_healed":0,"gold_gain":0,"player_choice":"Success","damage_taken":7,"relics_obtained":["Anchor"],"max_hp_gain":0,"max_hp_loss":0,"event_name":"Scrap Ooze","floor":3,"gold_loss":0},{"damage_healed":0,"gold_gain":0,"player_choice":"Take Wound","damage_taken":0,"relics_obtained":["Golden Idol"],"max_hp_gain":0,"max_hp_loss":0,"event_name":"Golden Idol","floor":8,"gold_loss":0,"cards_obtained":["Injury"]},{"damage_healed":0,"gold_gain":0,"player_choice":"Obtained Relic","damage_taken":0,"relics_obtained":["Blood Vial"],"max_hp_gain":0,"max_hp_loss":0,"event_name":"Addict","floor":19,"gold_loss":85},{"damage_healed":0,"gold_gain":0,"player_choice":"Opened","damage_taken":0,"relics_obtained":["Ancient Tea Set"],"max_hp_gain":0,"max_hp_loss":0,"event_name":"The Mausoleum","floor":21,"gold_loss":0,"cards_obtained":["Writhe"]},{"cards_removed":["Injury"],"damage_healed":0,"gold_gain":0,"player_choice":"Upgrade and Remove","damage_taken":0,"max_hp_gain":0,"max_hp_loss":0,"event_name":"Designer","floor":22,"gold_loss":90,"cards_upgraded":["Pommel Strike"]}],"is_beta":false,"boss_relics":[{"not_picked":["Mark of Pain","Fusion Hammer"],"picked":"Astrolabe"}],"items_purged_floors":[],"is_endless":false,"potions_floor_spawned":[10,11,12,13,18,23],"killed_by":"Snecko","ascension_level":0}