{"gold_per_floor":[111,126,126,142,154,154,169,169,169,94,122,142,152,165,165,267,267,249,277,6,6,18,18,18,18,18,33,43,43,78,98,98,203,203,219,219,22,22,93,93,121,121,121,121,140,72,91,91,91,91],"floor_reached":51,"playtime":2439,"items_purged":["Strike_B","Strike_B"],"score":722,"play_id":"c8ad6332-7fe5-4463-890a-fa07617c35b4","local_time":"20181020032315","is_ascension_mode":false,"campfire_choices":[{"data":"Zap","floor":6.0,"key":"SMITH"},{"data":"Defragment","floor":8.0,"key":"SMITH"},{"data":"Consume","floor":15.0,"key":"SMITH"},{"floor":23.0,"key":"REST"},{"data":"Apotheosis","floor":25.0,"key":"SMITH"},{"floor":29.0,"key":"REST"},{"floor":32,"key":"REST"},{"data":"Amplify","floor":40,"key":"SMITH"},{"data":"Loop","floor":42,"key":"SMITH"},{"data":"Capacitor","floor":44,"key":"SMITH"},{"data":"Leap","floor":49,"key":"SMITH"}],"neow_cost":"NONE","seed_source_timestamp":268540336386894,"circlet_count":0,"master_deck":["Strike_B+1","Defend_B+1","Defend_B+1","Defend_B+1","Defend_B+1","Zap+1","Dualcast","Leap","Auto Shields","Defragment+1","Reinforced Body","Capacitor+1","Ball Lightning","Consume+1","Hello World","Rainbow","Steam","Leap+1","Apotheosis+1","Redo+1","Glacier","Chill+1","Go for the Eyes","Amplify+1","Conserve Battery+1","Beam Cell+1","Stack+1","Electrodynamics","Loop+1","Jack Of All Trades","Glacier","Defragment+1"],"special_seed":0,"relics":["Cracked Core","Vajra","Pantograph","Pear","Black Star","Red Mask","Letter Opener","Cables","Shuriken","Orrery","OrangePellets","Bag of Preparation","Molten Egg 2","WingedGreaves","Ginger","Potion Belt"],"potions_floor_usage":[30,30,30],"damage_taken":[{"damage":6.0,"enemies":"Jaw Worm","floor":1.0,"turns":3.0},{"damage":0.0,"enemies":"2 Louse","floor":2.0,"turns":2.0},{"damage":0.0,"enemies":"Cultist","floor":4.0,"turns":3.0},{"damage":5.0,"enemies":"Looter","floor":5.0,"turns":4.0},{"damage":8.0,"enemies":"Exordium Wildlife","floor":7.0,"turns":5.0},{"damage":12.0,"enemies":"Gremlin Nob","floor":11.0,"turns":4.0},{"damage":0.0,"enemies":"Blue Slaver","floor":12.0,"turns":4.0},{"damage":0.0,"enemies":"3 Louse","floor":13.0,"turns":3.0},{"damage":0.0,"enemies":"Large Slime","floor":14.0,"turns":3.0},{"damage":40.0,"enemies":"Hexaghost","floor":16.0,"turns":7.0},{"damage":21.0,"enemies":"2 Thieves","floor":18.0,"turns":4.0},{"damage":35.0,"enemies":"Masked Bandits","floor":19.0,"turns":4.0},{"damage":8.0,"enemies":"3 Byrds","floor":22.0,"turns":5.0},{"damage":12.0,"enemies":"Snake Plant","floor":27.0,"turns":5.0},{"damage":0.0,"enemies":"Shelled Parasite and Fungi","floor":28.0,"turns":10.0},{"damage":13,"enemies":"Slavers","floor":30,"turns":4},{"damage":0,"enemies":"Sentry and Sphere","floor":31,"turns":8},{"damage":32,"enemies":"Collector","floor":33,"turns":10},{"damage":0,"enemies":"3 Darklings","floor":35,"turns":5},{"damage":32,"enemies":"Reptomancer","floor":41,"turns":10},{"damage":0,"enemies":"Orb Walker","floor":45,"turns":4},{"damage":6,"enemies":"3 Darklings","floor":47,"turns":5},{"damage":5,"enemies":"Time Eater","floor":50,"turns":22}],"seed_played":"2839211659397349012","potions_obtained":[{"floor":4.0,"key":"Strength Potion"},{"floor":11.0,"key":"SteroidPotion"},{"floor":13.0,"key":"Swift Potion"},{"floor":19.0,"key":"Poison Potion"},{"floor":27.0,"key":"GamblersBrew"},{"floor":31,"key":"FearPotion"},{"floor":33,"key":"GamblersBrew"},{"floor":45,"key":"GamblersBrew"}],"is_trial":false,"path_per_floor":["M","M","?","M","M","R","M","R","T","$","E","M","M","M","R","B",null,"M","?","$","?","M","R","?","R","T","M","M","R","E","M","R","B",null,"M","?","$","?","T","R","E","R","T","R","M","$","M","?","R","B"],"character_chosen":"DEFECT","items_purchased":["Apotheosis","OrangePellets","Glacier"],"campfire_rested":3,"item_purchase_floors":[20,37,46],"current_hp_per_floor":[69,69,62,62,57,57,49,49,49,49,47,47,47,47,47,32,85,64,29,29,29,21,46,46,46,46,34,34,59,46,46,71,53,85,85,85,85,85,85,85,53,53,53,53,53,53,47,47,47,67],"gold":91,"neow_bonus":"RANDOM_COMMON_RELIC","is_prod":false,"is_daily":false,"chose_seed":false,"campfire_upgraded":8,"win_rate":0,"timestamp":1539973395,"path_taken":["M","M","?","M","M","R","M","R","T","$","E","M","M","M","R","BOSS","M","?","$","?","M","R","?","R","T","?","M","R","E","M","R","BOSS","M","?","$","?","?","R","E","R","T","R","M","$","?","?","R","BOSS"],"build_version":"2018-10-18","purchased_purges":2,"victory":true,"max_hp_per_floor":[75,75,75,75,75,75,75,75,75,75,85,85,85,85,85,85,85,85,85,85,85,85,85,85,85,85,85,85,85,85,85,85,85,85,85,85,85,85,85,85,85,85,85,85,85,85,85,85,85,85],"card_choices":[{"not_picked":["Stack","Go for the Eyes"],"picked":"Leap","floor":1.0},{"not_picked":["Rebound","Stack"],"picked":"Auto Shields","floor":2.0},{"not_picked":["Ball Lightning","Coolheaded"],"picked":"Defragment","floor":4.0},{"not_picked":["Turbo","Recycle"],"picked":"Reinforced Body","floor":5.0},{"not_picked":["Skim","Beam Cell"],"picked":"Sweeping Beam","floor":7.0},{"not_picked":["Go for the Eyes","Tempest"],"picked":"Capacitor","floor":11.0},{"not_picked":["Blizzard","Stack"],"picked":"Ball Lightning","floor":12.0},{"not_picked":["Redo","Lockon"],"picked":"Consume","floor":13.0},{"not_picked":["Sweeping Beam","Auto Shields"],"picked":"Hello World","floor":14.0},{"not_picked":["Fission","Reboot"],"picked":"Rainbow","floor":16.0},{"not_picked":["Heatsinks+1","Reprogram+1"],"picked":"Steam","floor":18.0},{"not_picked":["Skim+1","Sweeping Beam+1"],"picked":"Leap","floor":19.0},{"not_picked":["Turbo","Scrape"],"picked":"Redo+1","floor":22.0},{"not_picked":["Recycle","Redo"],"picked":"Glacier","floor":27.0},{"not_picked":["Scrape+1","Auto Shields","Hello World+1"],"picked":"SKIP","floor":28.0},{"not_picked":["Darkness","Skim"],"picked":"Chill+1","floor":30},{"not_picked":["Streamline","Force Field"],"picked":"Go for the Eyes","floor":31},{"not_picked":["Reboot","Machine Learning"],"picked":"Amplify","floor":33},{"not_picked":["Lockon","Chill+1"],"picked":"Conserve Battery+1","floor":34},{"not_picked":["Storm","Redo"],"picked":"Beam Cell+1","floor":34},{"not_picked":["Conserve Battery","Go for the Eyes"],"picked":"Stack+1","floor":34},{"not_picked":["Lockon","Barrage+1"],"picked":"Electrodynamics","floor":34},{"not_picked":["Coolheaded","Static Discharge+1"],"picked":"Loop","floor":35},{"not_picked":["Forethought","Blind"],"picked":"Jack Of All Trades","floor":36},{"not_picked":["Chaos","Gash+1","Rip and Tear+1"],"picked":"SKIP","floor":41},{"not_picked":["Sweeping Beam+1","Doom and Gloom+1","Hologram+1"],"picked":"SKIP","floor":45},{"not_picked":["Doom and Gloom+1","Cold Snap+1"],"picked":"Defragment+1","floor":47}],"player_experience":287573,"relics_obtained":[{"floor":9.0,"key":"Pantograph"},{"floor":11.0,"key":"Pear"},{"floor":19.0,"key":"Red Mask"},{"floor":26.0,"key":"Letter Opener"},{"floor":30,"key":"Cables"},{"floor":30,"key":"Shuriken"},{"floor":39,"key":"Molten Egg 2"},{"floor":41,"key":"WingedGreaves"},{"floor":41,"key":"Ginger"},{"floor":43,"key":"Potion Belt"}],"event_choices":[{"cards_removed":["Strike_B"],"damage_healed":0.0,"max_hp_gain":0.0,"max_hp_loss":0.0,"gold_gain":0.0,"event_name":"Golden Wing","player_choice":"Card Removal","floor":3.0,"gold_loss":0.0,"damage_taken":7.0},{"damage_healed":0.0,"max_hp_gain":0.0,"max_hp_loss":0.0,"gold_gain":0.0,"event_name":"Masked Bandits","player_choice":"Fought Bandits","floor":19.0,"gold_loss":0.0,"damage_taken":0.0},{"damage_healed":0.0,"max_hp_gain":0.0,"max_hp_loss":0.0,"gold_gain":0.0,"event_name":"Back to Basics","player_choice":"Simplicity","floor":21.0,"gold_loss":0.0,"damage_taken":0.0,"cards_upgraded":["Strike_B","Defend_B","Defend_B","Defend_B","Defend_B"]},{"damage_healed":0.0,"max_hp_gain":0.0,"max_hp_loss":0.0,"gold_gain":0.0,"event_name":"Vampires","player_choice":"Ignored","floor":24.0,"gold_loss":0.0,"damage_taken":0.0},{"damage_healed":0,"gold_gain":0,"player_choice":"Memory 1","damage_taken":0,"max_hp_gain":0,"max_hp_loss":0,"event_name":"SensoryStone","floor":36,"gold_loss":0},{"damage_healed":0,"gold_gain":0,"player_choice":"Gave Potion","damage_taken":0,"relics_obtained":["Bag of Preparation"],"max_hp_gain":0,"max_hp_loss":0,"event_name":"WeMeetAgain","floor":38,"gold_loss":0},{"cards_removed":["Sweeping Beam"],"damage_healed":0,"gold_gain":0,"player_choice":"Removed Attack","damage_taken":0,"max_hp_gain":0,"max_hp_loss":0,"event_name":"Falling","floor":48,"gold_loss":0}],"is_beta":false,"boss_relics":[{"not_picked":["Philosopher\u0027s Stone","Calling Bell"],"picked":"Black Star"},{"not_picked":["Snecko Eye","Astrolabe"],"picked":"Orrery"}],"items_purged_floors":[10,20],"is_endless":false,"potions_floor_spawned":[4,11,13,14,19,27,31,33,45],"ascension_level":0}