{"gold_per_floor":[110,60,135,150,41,71,71,86,110,110,110,128,128,168,168,288,288,311,311,311,311,335,335,374,389,389,410,410,446,473,473,473,597,597,612,612,76,76,101,140,158,189,214,214,214,234,253,277,277,277,277,277,20,55,55],"floor_reached":56,"playtime":4149,"items_purged":["Defend_G"],"score":1539,"play_id":"97588f4a-24ee-4ab7-9818-29866b3df163","local_time":"20190902001220","is_ascension_mode":true,"campfire_choices":[{"floor":7.0,"key":"REST"},{"floor":15.0,"key":"REST"},{"data":"RitualDagger","floor":23.0,"key":"SMITH"},{"floor":28.0,"key":"RECALL"},{"data":"Noxious Fumes","floor":32.0,"key":"SMITH"},{"data":"Night Terror","floor":49.0,"key":"SMITH"},{"data":"Catalyst","floor":52.0,"key":"SMITH"}],"neow_cost":"NONE","seed_source_timestamp":0,"circlet_count":0,"master_deck":["Survivor","Neutralize","Terror","Cloak And Dagger","Footwork+1","Predator","Wraith Form v2+1","Backstab","Blur","RitualDagger+1","Ghostly","Ghostly","Ghostly","Ghostly","Ghostly","Bouncing Flask","Poisoned Stab+1","Noxious Fumes+1","Crippling Poison+1","Night Terror+1","Sucker Punch","PiercingWail","Skewer","Corpse Explosion","Bouncing Flask","Calculated Gamble","Mayhem","Catalyst+1","RitualDagger+1","Footwork","Noxious Fumes+1","RitualDagger+1"],"special_seed":0,"relics":["Empty Cage","Bag of Marbles","Omamori","Incense Burner","Golden Idol","The Specimen","Runic Pyramid","Art of War","Singing Bowl","Bird Faced Urn","Pandora\u0027s Box","Pear","DollysMirror","Boot","Oddly Smooth Stone","Bag of Preparation","Medical Kit","Ninja Scroll"],"potions_floor_usage":[],"damage_taken":[{"damage":2.0,"enemies":"Jaw Worm","floor":1.0,"turns":5.0},{"damage":0.0,"enemies":"2 Louse","floor":4.0,"turns":4.0},{"damage":26.0,"enemies":"Gremlin Nob","floor":6.0,"turns":7.0},{"damage":0.0,"enemies":"Small Slimes","floor":8.0,"turns":3.0},{"damage":0.0,"enemies":"2 Fungi Beasts","floor":12.0,"turns":4.0},{"damage":20.0,"enemies":"3 Sentries","floor":14.0,"turns":8.0},{"damage":11.0,"enemies":"The Guardian","floor":16.0,"turns":12.0},{"damage":21.0,"enemies":"3 Byrds","floor":18.0,"turns":8.0},{"damage":1.0,"enemies":"Chosen","floor":22.0,"turns":8.0},{"damage":9.0,"enemies":"Gremlin Leader","floor":24.0,"turns":10.0},{"damage":0.0,"enemies":"Centurion and Healer","floor":25.0,"turns":7.0},{"damage":0.0,"enemies":"3 Cultists","floor":27.0,"turns":7.0},{"damage":3.0,"enemies":"Slavers","floor":29.0,"turns":7.0},{"damage":9.0,"enemies":"Automaton","floor":33.0,"turns":12.0},{"damage":3.0,"enemies":"3 Shapes","floor":35.0,"turns":3.0},{"damage":6.0,"enemies":"3 Darklings","floor":39.0,"turns":7.0},{"damage":6.0,"enemies":"Nemesis","floor":40.0,"turns":7.0},{"damage":0.0,"enemies":"4 Shapes","floor":41.0,"turns":2.0},{"damage":18.0,"enemies":"Reptomancer","floor":42.0,"turns":7.0},{"damage":2.0,"enemies":"Sphere and 2 Shapes","floor":46.0,"turns":6.0},{"damage":0.0,"enemies":"Maw","floor":47.0,"turns":5.0},{"damage":5.0,"enemies":"Writhing Mass","floor":48.0,"turns":4.0},{"damage":5.0,"enemies":"Time Eater","floor":50.0,"turns":6.0},{"damage":3.0,"enemies":"Shield and Spear","floor":54.0,"turns":5.0},{"damage":49,"enemies":"The Heart","floor":55,"turns":8}],"seed_played":"3291145413768522653","potions_obtained":[{"floor":1.0,"key":"Ancient Potion"},{"floor":4.0,"key":"Dexterity Potion"},{"floor":8.0,"key":"AttackPotion"},{"floor":16.0,"key":"Explosive Potion"},{"floor":18.0,"key":"FearPotion"},{"floor":27.0,"key":"SteroidPotion"},{"floor":33.0,"key":"SpeedPotion"},{"floor":35.0,"key":"GhostInAJar"},{"floor":39.0,"key":"Weak Potion"},{"floor":41.0,"key":"Regen Potion"},{"floor":46.0,"key":"AttackPotion"},{"floor":54.0,"key":"Fire Potion"}],"is_trial":false,"path_per_floor":["M","?","?","M","$","E","R","M","T","?","?","M","?","E","R","B",null,"M","?","?","?","M","R","E","M","T","M","R","E","T","?","R","B",null,"M","?","$","?","M","E","M","E","T","?","?","M","M","M","R","B",null,"R","$","E","B",null],"character_chosen":"THE_SILENT","items_purchased":["Footwork","Catalyst","Pear","DollysMirror","Medical Kit","Fire Potion"],"campfire_rested":2,"item_purchase_floors":[5,37,37,37,53,53],"current_hp_per_floor":[61,61,50,50,50,24,45,45,45,45,45,45,45,25,46,35,61,40,40,34,34,33,33,24,24,24,24,24,21,21,21,21,18,31,30,24,34,34,32,36,40,51,51,51,51,57,59,60,60,60,61,61,61,62,19],"gold":55,"neow_bonus":"BOSS_RELIC","is_prod":false,"is_daily":false,"chose_seed":false,"campfire_upgraded":4,"win_rate":0,"timestamp":1567375940,"path_taken":["M","?","?","M","$","E","R","M","T","?","?","?","?","E","R","BOSS","M","?","?","?","M","R","E","M","T","M","R","E","?","?","R","BOSS","M","?","$","?","M","E","?","E","T","?","?","?","?","M","R","BOSS","R","$","E","BOSS"],"build_version":"2019-07-17","purchased_purges":1,"victory":true,"max_hp_per_floor":[70,70,70,70,70,70,70,70,70,70,70,70,70,70,70,70,70,70,70,70,35,35,35,35,35,35,35,35,35,35,35,35,35,35,37,41,51,51,51,51,53,55,55,55,55,57,59,61,61,61,61,61,61,63,63],"card_choices":[{"not_picked":["Choke","Expertise"],"picked":"Terror","floor":1.0},{"not_picked":["Deflect","Catalyst"],"picked":"Cloak And Dagger","floor":4.0},{"not_picked":["Concentrate","Sucker Punch","Cloak And Dagger"],"picked":"SKIP","floor":6.0},{"not_picked":["Concentrate","Sucker Punch","Cloak And Dagger"],"picked":"SKIP","floor":6.0},{"not_picked":["Cloak And Dagger","Dagger Spray"],"picked":"Predator","floor":8.0},{"not_picked":["Masterful Stab","Eviscerate","Quick Slash"],"picked":"SKIP","floor":12.0},{"not_picked":["Tactician","Backflip","Underhanded Strike"],"picked":"SKIP","floor":14.0},{"not_picked":["Burst","After Image"],"picked":"Wraith Form v2","floor":16.0},{"not_picked":["Endless Agony","Flying Knee+1"],"picked":"Backstab","floor":18.0},{"not_picked":["Slice","Flying Knee+1","Underhanded Strike"],"picked":"SKIP","floor":22.0},{"not_picked":["Underhanded Strike+1","Bane"],"picked":"Bouncing Flask","floor":24.0},{"not_picked":["Quick Slash","Riddle With Holes","Poisoned Stab+1"],"picked":"SKIP","floor":25.0},{"not_picked":["Quick Slash","Riddle With Holes"],"picked":"Poisoned Stab+1","floor":25.0},{"not_picked":["Sucker Punch","Riddle With Holes"],"picked":"Noxious Fumes","floor":27.0},{"not_picked":["Dash","Deflect+1"],"picked":"Crippling Poison+1","floor":29.0},{"not_picked":["Unload","Corpse Explosion"],"picked":"Night Terror","floor":33.0},{"not_picked":["Underhanded Strike","Deflect+1","Dagger Throw+1"],"picked":"Singing Bowl","floor":35.0},{"not_picked":["PanicButton","Transmutation","Mayhem"],"picked":"Singing Bowl","floor":36.0},{"not_picked":["The Bomb","Sadistic Nature","Discovery"],"picked":"Singing Bowl","floor":36.0},{"not_picked":["Panache","The Bomb"],"picked":"Mayhem","floor":36.0},{"not_picked":["Poisoned Stab","Flying Knee+1"],"picked":"Footwork","floor":39.0},{"not_picked":["Endless Agony+1","Dodge and Roll"],"picked":"Noxious Fumes+1","floor":40.0},{"not_picked":["Deadly Poison+1","Underhanded Strike+1","Dagger Throw"],"picked":"Singing Bowl","floor":41.0},{"not_picked":["Blur","Endless Agony+1","Slice"],"picked":"Singing Bowl","floor":42.0},{"not_picked":["Sucker Punch+1","Quick Slash+1","Riddle With Holes+1"],"picked":"Singing Bowl","floor":46.0},{"not_picked":["Underhanded Strike","Bane+1","Finisher+1"],"picked":"Singing Bowl","floor":47.0},{"not_picked":["Backflip","Blade Dance+1","Outmaneuver"],"picked":"Singing Bowl","floor":48.0},{"not_picked":["Tactician+1","Poisoned Stab+1","Blade Dance"],"picked":"Singing Bowl","floor":54.0}],"player_experience":181987,"relics_obtained":[{"floor":6.0,"key":"Bag of Marbles"},{"floor":9.0,"key":"Omamori"},{"floor":14.0,"key":"The Specimen"},{"floor":24.0,"key":"Art of War"},{"floor":26.0,"key":"Singing Bowl"},{"floor":29.0,"key":"Bird Faced Urn"},{"floor":40.0,"key":"Boot"},{"floor":42.0,"key":"Oddly Smooth Stone"},{"floor":43.0,"key":"Bag of Preparation"},{"floor":54.0,"key":"Ninja Scroll"}],"event_choices":[{"cards_removed":["Defend_G"],"damage_healed":0.0,"max_hp_gain":0.0,"max_hp_loss":0.0,"gold_gain":0.0,"event_name":"The Cleric","player_choice":"Card Removal","floor":2.0,"gold_loss":50.0,"damage_taken":0.0},{"damage_healed":0.0,"max_hp_gain":0.0,"max_hp_loss":0.0,"gold_gain":75.0,"event_name":"World of Goop","player_choice":"Gather Gold","floor":3.0,"gold_loss":0.0,"damage_taken":11.0},{"damage_healed":0.0,"max_hp_gain":0.0,"max_hp_loss":0.0,"gold_gain":0.0,"event_name":"Big Fish","player_choice":"Box","floor":10.0,"gold_loss":0.0,"damage_taken":0.0,"relics_obtained":["Incense Burner"],"cards_obtained":["Regret"]},{"damage_healed":0.0,"max_hp_gain":0.0,"max_hp_loss":0.0,"gold_gain":0.0,"event_name":"Upgrade Shrine","player_choice":"Upgraded","floor":11.0,"gold_loss":0.0,"damage_taken":0.0,"cards_upgraded":["Footwork"]},{"damage_healed":0.0,"max_hp_gain":0.0,"max_hp_loss":0.0,"gold_gain":0.0,"event_name":"Golden Idol","player_choice":"Take Wound","floor":13.0,"gold_loss":0.0,"damage_taken":0.0,"relics_obtained":["Golden Idol"],"cards_obtained":["Injury"]},{"damage_healed":0.0,"max_hp_gain":0.0,"max_hp_loss":0.0,"gold_gain":0.0,"event_name":"The Library","player_choice":"Read","floor":19.0,"gold_loss":0.0,"damage_taken":0.0,"cards_obtained":["Blur"]},{"damage_healed":0.0,"max_hp_gain":0.0,"max_hp_loss":0.0,"gold_gain":0.0,"event_name":"Nest","player_choice":"Joined the Cult","floor":20.0,"gold_loss":0.0,"damage_taken":6.0,"cards_obtained":["RitualDagger"]},{"damage_healed":0.0,"max_hp_gain":0.0,"max_hp_loss":35.0,"gold_gain":0.0,"event_name":"Ghosts","player_choice":"Became a Ghost","floor":21.0,"gold_loss":0.0,"damage_taken":0.0,"cards_obtained":["Ghostly","Ghostly","Ghostly","Ghostly","Ghostly"]},{"damage_healed":0.0,"max_hp_gain":0.0,"max_hp_loss":0.0,"gold_gain":0.0,"event_name":"Upgrade Shrine","player_choice":"Upgraded","floor":31.0,"gold_loss":0.0,"damage_taken":0.0,"cards_upgraded":["Wraith Form v2"]},{"damage_healed":0.0,"max_hp_gain":0.0,"max_hp_loss":0.0,"gold_gain":0.0,"event_name":"SensoryStone","player_choice":"Memory 3","floor":36.0,"gold_loss":0.0,"damage_taken":10.0},{"damage_healed":0.0,"max_hp_gain":0.0,"max_hp_loss":0.0,"gold_gain":0.0,"event_name":"The Woman in Blue","player_choice":"Bought 0 Potions","floor":38.0,"gold_loss":0.0,"damage_taken":0.0},{"damage_healed":0.0,"max_hp_gain":0.0,"max_hp_loss":0.0,"gold_gain":0.0,"event_name":"Tomb of Lord Red Mask","player_choice":"Ignored","floor":44.0,"gold_loss":0.0,"damage_taken":0.0},{"damage_healed":0.0,"max_hp_gain":0.0,"max_hp_loss":0.0,"gold_gain":0.0,"event_name":"Duplicator","player_choice":"Copied","floor":45.0,"gold_loss":0.0,"damage_taken":0.0,"cards_obtained":["RitualDagger"]}],"is_beta":false,"boss_relics":[{"not_picked":["Philosopher\u0027s Stone","Coffee Dripper"],"picked":"Runic Pyramid"},{"not_picked":["Astrolabe","Eternal Feather"],"picked":"Pandora\u0027s Box"}],"items_purged_floors":[5],"is_endless":false,"potions_floor_spawned":[1,4,8,16,18,27,33,35,39,41,46,54],"ascension_level":6}