{"gold_per_floor":[211,224,399,416,430,430,460,471,771,226,245,263,263,243,243,341,341,357,357,357,376,56,88,88,112,112,125,224,238,238,21,21,117,117,133,152,32,132,143,143,170,185,185,195,19,37,37,54,54,54],"floor_reached":51,"playtime":5944,"items_purged":["Doubt","Defend_G","Defend_G","Strike_G"],"score":806,"play_id":"44c678c9-4e07-46a8-9973-3a0b076d249e","local_time":"20190826100826","is_ascension_mode":true,"campfire_choices":[{"data":"Neutralize","floor":6.0,"key":"SMITH"},{"floor":15.0,"key":"REST"},{"data":"A Thousand Cuts","floor":24.0,"key":"SMITH"},{"data":"Deflect","floor":32.0,"key":"SMITH"},{"data":"Envenom","floor":40.0,"key":"SMITH"},{"data":"Footwork","floor":47.0,"key":"SMITH"},{"floor":49.0,"key":"REST"}],"neow_cost":"NONE","seed_source_timestamp":0,"circlet_count":0,"master_deck":["Strike_G","Defend_G+1","Defend_G+1","Defend_G","Survivor","Neutralize+1","Backflip","Endless Agony","Quick Slash","Deadly Poison","Malaise","Blur","Caltrops","Masterful Stab","Dagger Throw","A Thousand Cuts+1","Predator+1","Acrobatics+1","Deflect+1","Heel Hook","Dodge and Roll","Blur","Deflect+1","Backstab","Envenom+1","Dagger Spray+1","Slice","Backflip+1","Dagger Throw+1","Infinite Blades","Footwork+1","Blind","Slice+1","Cloak And Dagger+1"],"special_seed":0,"relics":["Ring of the Snake","Omamori","Old Coin","TheAbacus","Letter Opener","Astrolabe","Meat on the Bone","Incense Burner","Blood Vial","Kunai","War Paint","The Courier","Lantern","White Beast Statue","Paper Crane","Unceasing Top"],"potions_floor_usage":[50,50,50],"damage_taken":[{"damage":8.0,"enemies":"Jaw Worm","floor":1.0,"turns":7.0},{"damage":0.0,"enemies":"2 Louse","floor":2.0,"turns":3.0},{"damage":5.0,"enemies":"Cultist","floor":4.0,"turns":4.0},{"damage":1.0,"enemies":"Blue Slaver","floor":5.0,"turns":6.0},{"damage":43.0,"enemies":"Lagavulin","floor":7.0,"turns":9.0},{"damage":0.0,"enemies":"Gremlin Gang","floor":8.0,"turns":7.0},{"damage":0.0,"enemies":"3 Louse","floor":11.0,"turns":4.0},{"damage":10.0,"enemies":"2 Fungi Beasts","floor":12.0,"turns":3.0},{"damage":17.0,"enemies":"The Guardian","floor":16.0,"turns":8.0},{"damage":16.0,"enemies":"Spheric Guardian","floor":18.0,"turns":4.0},{"damage":16.0,"enemies":"2 Thieves","floor":21.0,"turns":4.0},{"damage":7.0,"enemies":"Book of Stabbing","floor":23.0,"turns":6.0},{"damage":14.0,"enemies":"Shelled Parasite and Fungi","floor":27.0,"turns":8.0},{"damage":4.0,"enemies":"3 Cultists","floor":29.0,"turns":6.0},{"damage":3.0,"enemies":"Champ","floor":33.0,"turns":17.0},{"damage":2.0,"enemies":"Orb Walker","floor":35.0,"turns":3.0},{"damage":0.0,"enemies":"3 Shapes","floor":36.0,"turns":4.0},{"damage":2.0,"enemies":"3 Darklings","floor":39.0,"turns":5.0},{"damage":12.0,"enemies":"Reptomancer","floor":41.0,"turns":10.0},{"damage":15.0,"enemies":"Jaw Worm Horde","floor":42.0,"turns":5.0},{"damage":3.0,"enemies":"Maw","floor":44.0,"turns":7.0},{"damage":13.0,"enemies":"Spire Growth","floor":46.0,"turns":6.0},{"damage":18.0,"enemies":"3 Darklings","floor":48.0,"turns":4.0},{"damage":28,"enemies":"Donu and Deca","floor":50,"turns":13}],"seed_played":"6433958667091291754","potions_obtained":[{"floor":2.0,"key":"LiquidBronze"},{"floor":8.0,"key":"SkillPotion"},{"floor":11.0,"key":"Ancient Potion"},{"floor":14.0,"key":"LiquidBronze"},{"floor":18.0,"key":"FearPotion"},{"floor":27.0,"key":"Block Potion"},{"floor":30.0,"key":"LiquidBronze"},{"floor":30.0,"key":"PowerPotion"},{"floor":35.0,"key":"Explosive Potion"},{"floor":36.0,"key":"Fire Potion"},{"floor":39.0,"key":"Dexterity Potion"},{"floor":41.0,"key":"EssenceOfSteel"},{"floor":42.0,"key":"AttackPotion"},{"floor":44.0,"key":"LiquidBronze"},{"floor":48.0,"key":"Energy Potion"}],"is_trial":false,"path_per_floor":["M","M","?","M","M","R","E","M","T","$","M","M","?","?","R","B",null,"M","T","?","M","$","E","R","T","T","M","?","M","?","$","R","B",null,"M","M","$","?","M","R","E","M","T","M","$","M","R","M","R","B",null],"character_chosen":"THE_SILENT","items_purchased":["TheAbacus","Letter Opener","Caltrops","Blur","Blood Vial","Lantern","Footwork","Blind","Swift Potion"],"campfire_rested":2,"item_purchase_floors":[10,10,10,22,22,31,45,45,45],"current_hp_per_floor":[62,62,62,57,56,56,13,13,13,13,13,3,3,3,24,7,70,54,54,54,38,38,45,45,45,45,45,45,43,43,43,43,42,70,68,70,70,70,68,68,58,45,45,44,44,45,45,41,62,36],"gold":54,"neow_bonus":"HUNDRED_GOLD","is_prod":false,"is_daily":false,"chose_seed":false,"campfire_upgraded":5,"win_rate":0,"timestamp":1566781706,"path_taken":["M","M","?","M","M","R","E","M","T","$","M","M","?","?","R","BOSS","M","?","?","M","$","E","R","?","T","?","?","M","?","$","R","BOSS","M","M","$","?","M","R","E","M","T","?","?","?","R","M","R","BOSS"],"build_version":"2019-07-17","purchased_purges":4,"victory":true,"max_hp_per_floor":[70,70,70,70,70,70,70,70,70,70,70,70,70,70,70,70,70,70,70,70,70,70,70,70,70,70,70,70,70,70,70,70,70,70,70,70,70,70,70,70,70,70,70,70,70,70,70,70,70,70],"card_choices":[{"not_picked":["Flying Knee","Blade Dance"],"picked":"Backflip","floor":1.0},{"not_picked":["Bane","Terror"],"picked":"Endless Agony","floor":2.0},{"not_picked":["Bane","Acrobatics"],"picked":"Quick Slash","floor":4.0},{"not_picked":["Quick Slash","PiercingWail"],"picked":"Deadly Poison","floor":5.0},{"not_picked":["Outmaneuver","Reflex"],"picked":"Malaise","floor":7.0},{"not_picked":["Deflect","All Out Attack"],"picked":"Blur","floor":8.0},{"not_picked":["Prepared","Endless Agony"],"picked":"Masterful Stab","floor":11.0},{"not_picked":["Bane","Acrobatics"],"picked":"Dagger Throw","floor":12.0},{"not_picked":["Unload","Burst"],"picked":"A Thousand Cuts","floor":16.0},{"not_picked":["All Out Attack","Dagger Throw"],"picked":"Heel Hook","floor":18.0},{"not_picked":["Flying Knee+1","Finisher+1"],"picked":"Dodge and Roll","floor":21.0},{"not_picked":["Endless Agony","Acrobatics"],"picked":"Deflect","floor":23.0},{"not_picked":["Calculated Gamble","Bane+1"],"picked":"Backstab","floor":27.0},{"not_picked":["Dodge and Roll+1","Predator","Quick Slash"],"picked":"SKIP","floor":29.0},{"not_picked":["Storm of Steel","Malaise"],"picked":"Envenom","floor":33.0},{"not_picked":["Deflect+1","Skewer"],"picked":"Dagger Spray+1","floor":35.0},{"not_picked":["Deadly Poison","Reflex"],"picked":"Slice","floor":36.0},{"not_picked":["Bane","All Out Attack+1","Quick Slash"],"picked":"SKIP","floor":39.0},{"not_picked":["Envenom","Backstab"],"picked":"Backflip+1","floor":41.0},{"not_picked":["Deflect","Eviscerate+1"],"picked":"Dagger Throw+1","floor":42.0},{"not_picked":["Dagger Throw","Heel Hook"],"picked":"Infinite Blades","floor":44.0},{"not_picked":["Bouncing Flask","Outmaneuver+1"],"picked":"Slice+1","floor":46.0},{"not_picked":["Poisoned Stab","Caltrops+1"],"picked":"Cloak And Dagger+1","floor":48.0}],"player_experience":105483,"relics_obtained":[{"floor":7.0,"key":"Omamori"},{"floor":9.0,"key":"Old Coin"},{"floor":19.0,"key":"Meat on the Bone"},{"floor":23.0,"key":"Kunai"},{"floor":25.0,"key":"War Paint"},{"floor":26.0,"key":"The Courier"},{"floor":41.0,"key":"Paper Crane"},{"floor":43.0,"key":"Unceasing Top"}],"event_choices":[{"damage_healed":0.0,"max_hp_gain":0.0,"max_hp_loss":0.0,"gold_gain":175.0,"event_name":"Liars Game","player_choice":"AGREE","floor":3.0,"gold_loss":0.0,"damage_taken":0.0,"cards_obtained":["Doubt"]},{"damage_healed":0.0,"max_hp_gain":0.0,"max_hp_loss":0.0,"gold_gain":0.0,"event_name":"Scrap Ooze","player_choice":"Fled","floor":13.0,"gold_loss":0.0,"damage_taken":0.0},{"damage_healed":0.0,"max_hp_gain":0.0,"max_hp_loss":0.0,"gold_gain":0.0,"event_name":"The Woman in Blue","player_choice":"Bought 1 Potion","floor":14.0,"gold_loss":0.0,"damage_taken":0.0},{"damage_healed":0.0,"max_hp_gain":0.0,"max_hp_loss":0.0,"gold_gain":0.0,"event_name":"The Mausoleum","player_choice":"Opened","floor":20.0,"gold_loss":0.0,"damage_taken":0.0,"relics_obtained":["Incense Burner"],"cards_obtained":["Writhe"]},{"damage_healed":0.0,"max_hp_gain":0.0,"max_hp_loss":0.0,"gold_gain":99.0,"event_name":"Nest","player_choice":"Stole From Cult","floor":28.0,"gold_loss":0.0,"damage_taken":0.0},{"damage_healed":0.0,"max_hp_gain":0.0,"max_hp_loss":0.0,"gold_gain":0.0,"event_name":"Lab","player_choice":"Got Potions","floor":30.0,"gold_loss":0.0,"damage_taken":0.0},{"damage_healed":0.0,"max_hp_gain":0.0,"max_hp_loss":0.0,"gold_gain":100.0,"event_name":"Golden Shrine","player_choice":"Pray","floor":38.0,"gold_loss":0.0,"damage_taken":0.0}],"is_beta":false,"boss_relics":[{"not_picked":["Runic Dome","Runic Pyramid"],"picked":"Astrolabe"},{"not_picked":["WristBlade","Snecko Eye"],"picked":"White Beast Statue"}],"items_purged_floors":[10,22,31,37],"is_endless":false,"potions_floor_spawned":[2,8,11,18,27,35,36,39,41,42,44,46,48],"ascension_level":4}