{"gold_per_floor":[113,63,79,90,103,103,130,130,130,148,148,148,164,177,177,177],"floor_reached":16,"playtime":1606,"items_purged":[],"score":104,"play_id":"aeddd25a-15e1-454c-8c75-090443682974","local_time":"20190831135938","is_ascension_mode":false,"campfire_choices":[{"data":"Iron Wave","floor":6,"key":"SMITH"},{"data":"Searing Blow","floor":8,"key":"SMITH"},{"data":"Searing Blow+2","floor":15,"key":"SMITH"}],"neow_cost":"NONE","seed_source_timestamp":606536521531733,"circlet_count":0,"master_deck":["Strike_R","Strike_R","Strike_R","Strike_R","Strike_R","Defend_R","Defend_R","Defend_R","Bash","Perfected Strike","Iron Wave+1","Thunderclap","Searing Blow+3","Uppercut","Headbutt","Flex"],"relics":["Burning Blood","Omamori","Ornamental Fan","Golden Idol"],"potions_floor_usage":[],"damage_taken":[{"damage":15,"enemies":"Jaw Worm","floor":1,"turns":4},{"damage":7,"enemies":"Small Slimes","floor":3,"turns":3},{"damage":1,"enemies":"Cultist","floor":4,"turns":4},{"damage":16,"enemies":"Blue Slaver","floor":5,"turns":5},{"damage":9,"enemies":"Gremlin Nob","floor":7,"turns":4},{"damage":0,"enemies":"3 Louse","floor":10,"turns":2},{"damage":7,"enemies":"2 Fungi Beasts","floor":13,"turns":4},{"damage":21,"enemies":"Exordium Thugs","floor":14,"turns":5},{"damage":56,"enemies":"The Guardian","floor":16,"turns":6}],"seed_played":"8818374770412586630","potions_obtained":[{"floor":0,"key":"SneckoOil"},{"floor":0,"key":"EssenceOfSteel"},{"floor":0,"key":"PowerPotion"},{"floor":1,"key":"Block Potion"}],"is_trial":false,"path_per_floor":["M","?","M","M","M","R","E","R","T","M","?","?","M","M","R","B"],"character_chosen":"IRONCLAD","items_purchased":[],"campfire_rested":0,"item_purchase_floors":[],"current_hp_per_floor":[71,71,70,75,65,65,62,62,62,68,68,68,67,52,52,0],"gold":177,"neow_bonus":"THREE_SMALL_POTIONS","is_prod":false,"is_daily":false,"chose_seed":false,"campfire_upgraded":3,"win_rate":0.0,"timestamp":1567277978,"path_taken":["M","?","M","M","M","R","E","R","T","M","?","?","M","?","R","BOSS"],"build_version":"2019-07-17","purchased_purges":0,"victory":false,"max_hp_per_floor":[80,80,80,80,80,80,80,80,80,80,80,80,80,80,80,80],"card_choices":[{"not_picked":["Body Slam","Battle Trance"],"picked":"Perfected Strike","floor":1},{"not_picked":["Thunderclap","Heavy Blade","Warcry"],"picked":"SKIP","floor":3},{"not_picked":["Evolve","Twin Strike"],"picked":"Iron Wave","floor":4},{"not_picked":["Anger","Dropkick"],"picked":"Thunderclap","floor":5},{"not_picked":["Pommel Strike","Offering"],"picked":"Searing Blow","floor":7},{"not_picked":["Evolve","Heavy Blade"],"picked":"Uppercut","floor":10},{"not_picked":["Whirlwind","True Grit"],"picked":"Headbutt","floor":13},{"not_picked":["Thunderclap","Warcry"],"picked":"Flex","floor":14}],"player_experience":34591,"relics_obtained":[{"floor":7,"key":"Omamori"},{"floor":9,"key":"Ornamental Fan"}],"event_choices":[{"cards_removed":["Defend_R"],"damage_healed":0,"gold_gain":0,"player_choice":"Card Removal","damage_taken":0,"max_hp_gain":0,"max_hp_loss":0,"event_name":"The Cleric","floor":2,"gold_loss":50},{"damage_healed":0,"gold_gain":0,"player_choice":"Take Wound","damage_taken":0,"relics_obtained":["Golden Idol"],"max_hp_gain":0,"max_hp_loss":0,"event_name":"Golden Idol","floor":11,"gold_loss":0,"cards_obtained":["Injury"]},{"damage_healed":0,"gold_gain":0,"player_choice":"Upgraded","damage_taken":0,"max_hp_gain":0,"max_hp_loss":0,"event_name":"Upgrade Shrine","floor":12,"gold_loss":0,"cards_upgraded":["Searing Blow"]}],"is_beta":false,"boss_relics":[],"items_purged_floors":[],"is_endless":false,"potions_floor_spawned":[1,3,13],"killed_by":"The Guardian","ascension_level":0}