{"gold_per_floor":[115,127,143,157,170,170,170,187,187,187,199,199,225,241,241,344,344,362,379,146,166,177,202,127,127,127,127,127,50,50,68,68,171,171,181,191,26,46,46],"floor_reached":39,"playtime":4603,"items_purged":[],"score":482,"play_id":"7179716f-3e23-4e1b-bc0b-87becbcb877a","local_time":"20190707135130","is_ascension_mode":false,"campfire_choices":[{"data":"Zap","floor":6.0,"key":"SMITH"},{"floor":12.0,"key":"REST"},{"floor":15.0,"key":"REST"},{"data":"Double Energy","floor":25,"key":"SMITH"},{"data":"Creative AI","floor":30,"key":"SMITH"},{"data":"Dualcast","floor":32,"key":"SMITH"}],"neow_cost":"TEN_PERCENT_HP_LOSS","seed_source_timestamp":0,"circlet_count":0,"master_deck":["Defend_B","Defend_B","Zap+1","Dualcast+1","Melter","Amplify","White Noise","Turbo","Beam Cell","Conserve Battery","Turbo","Go for the Eyes","Parasite","Stack","Chill","Coolheaded","Creative AI+1","Compile Driver+1","Core Surge+1","Ball Lightning+1","Skim","Sweeping Beam","All For One","Self Repair","Double Energy+1","Leap","Reprogram","Flash of Steel","Gash","Machine Learning","Rebound","Loop+1","Gash","Recycle","Gash","Heatsinks","Compile Driver+1"],"special_seed":0,"relics":["Cracked Core","Turnip","StoneCalendar","Astrolabe","The Courier","Anchor","White Beast Statue"],"potions_floor_usage":[23,31,33,33,38],"damage_taken":[{"damage":0.0,"enemies":"2 Louse","floor":1.0,"turns":2.0},{"damage":5.0,"enemies":"Small Slimes","floor":2.0,"turns":4.0},{"damage":8.0,"enemies":"Jaw Worm","floor":3.0,"turns":4.0},{"damage":20.0,"enemies":"Large Slime","floor":4.0,"turns":6.0},{"damage":11.0,"enemies":"3 Louse","floor":5.0,"turns":4.0},{"damage":10.0,"enemies":"Looter","floor":8.0,"turns":3.0},{"damage":0.0,"enemies":"2 Fungi Beasts","floor":11.0,"turns":2.0},{"damage":9.0,"enemies":"Lagavulin","floor":13.0,"turns":7.0},{"damage":14.0,"enemies":"Gremlin Gang","floor":14.0,"turns":6.0},{"damage":0.0,"enemies":"Slime Boss","floor":16.0,"turns":7.0},{"damage":16,"enemies":"2 Thieves","floor":18,"turns":5},{"damage":0,"enemies":"Chosen","floor":19,"turns":4},{"damage":9,"enemies":"Shelled Parasite and Fungi","floor":21,"turns":5},{"damage":21,"enemies":"Snake Plant","floor":22,"turns":3},{"damage":4,"enemies":"Gremlin Leader","floor":23,"turns":7},{"damage":0,"enemies":"Centurion and Healer","floor":31,"turns":4},{"damage":33,"enemies":"Automaton","floor":33,"turns":7},{"damage":36,"enemies":"3 Darklings","floor":35,"turns":6},{"damage":13,"enemies":"Orb Walker","floor":36,"turns":3},{"damage":9,"enemies":"4 Shapes","floor":38,"turns":6},{"damage":43,"enemies":"Spire Growth","floor":39,"turns":3}],"seed_played":"-6313248479953216222","potions_obtained":[{"floor":1.0,"key":"SteroidPotion"},{"floor":13.0,"key":"AttackPotion"},{"floor":14.0,"key":"FocusPotion"},{"floor":21,"key":"Swift Potion"},{"floor":22,"key":"Explosive Potion"},{"floor":23,"key":"Dexterity Potion"},{"floor":35,"key":"Strength Potion"},{"floor":36,"key":"GamblersBrew"},{"floor":38,"key":"Poison Potion"}],"is_trial":false,"path_per_floor":["M","M","M","M","M","R","?","M","T","?","M","R","E","M","R","B",null,"M","M","$","M","M","E","?","R","T","?","?","$","R","M","R","B",null,"M","M","$","M","M"],"character_chosen":"DEFECT","items_purchased":["All For One","Self Repair","Flash of Steel","Gash","Recycle","Gash","Heatsinks"],"campfire_rested":2,"item_purchase_floors":[20,20,29,37,37,37,37],"current_hp_per_floor":[68,63,55,35,24,24,24,14,14,31,31,51,42,28,48,48,68,52,52,52,57,43,46,46,46,46,46,68,68,68,68,68,35,68,46,33,33,31,0],"gold":46,"neow_bonus":"TRANSFORM_TWO_CARDS","is_prod":false,"is_daily":false,"chose_seed":false,"campfire_upgraded":4,"win_rate":0,"timestamp":1562521890,"path_taken":["M","M","M","M","M","R","?","M","T","?","M","R","E","M","R","BOSS","M","M","$","M","M","E","?","R","T","?","?","$","R","M","R","BOSS","M","M","$","M","M"],"build_version":"2019-07-05","purchased_purges":0,"victory":false,"max_hp_per_floor":[68,68,68,68,68,68,68,68,68,68,68,68,68,68,68,68,68,68,68,68,68,68,68,68,68,68,68,68,68,68,68,68,68,68,68,68,68,68,68],"card_choices":[{"not_picked":["Melter","Steam"],"picked":"White Noise","floor":1.0},{"not_picked":["Redo","Hologram"],"picked":"Turbo","floor":2.0},{"not_picked":["Skim","Double Energy"],"picked":"Beam Cell","floor":3.0},{"not_picked":["Auto Shields","Doom and Gloom"],"picked":"Conserve Battery","floor":4.0},{"not_picked":["Streamline","Recycle"],"picked":"Turbo","floor":5.0},{"not_picked":["Rebound","Ball Lightning"],"picked":"Go for the Eyes","floor":8.0},{"not_picked":["Go for the Eyes","Gash"],"picked":"Stack","floor":11.0},{"not_picked":["Skim","Self Repair"],"picked":"Chill","floor":13.0},{"not_picked":["Hyperbeam","Undo"],"picked":"Coolheaded","floor":14.0},{"not_picked":["Core Surge","Echo Form"],"picked":"Creative AI","floor":16.0},{"not_picked":["Redo","Blizzard"],"picked":"Skim","floor":18},{"not_picked":["Beam Cell","Blizzard"],"picked":"Sweeping Beam","floor":19},{"not_picked":["Loop","Doom and Gloom"],"picked":"Double Energy","floor":21},{"not_picked":["Sweeping Beam","Rebound"],"picked":"Leap","floor":22},{"not_picked":["Hologram","Storm"],"picked":"Reprogram","floor":23},{"not_picked":["Hello World+1","Sweeping Beam"],"picked":"Gash","floor":31},{"not_picked":["Hyperbeam","Rainbow"],"picked":"Machine Learning","floor":33},{"not_picked":["Hello World+1","Ball Lightning+1"],"picked":"Rebound","floor":35},{"not_picked":["Barrage","Blizzard"],"picked":"Loop+1","floor":36},{"not_picked":["Redo","Undo+1"],"picked":"Compile Driver+1","floor":38}],"player_experience":157801,"relics_obtained":[{"floor":9.0,"key":"Turnip"},{"floor":13.0,"key":"StoneCalendar"},{"floor":23,"key":"The Courier"},{"floor":26,"key":"Anchor"}],"event_choices":[{"damage_healed":0.0,"max_hp_gain":0.0,"max_hp_loss":0.0,"gold_gain":0.0,"event_name":"Liars Game","player_choice":"Ignored","floor":7.0,"gold_loss":0.0,"damage_taken":0.0},{"damage_healed":17.0,"max_hp_gain":0.0,"max_hp_loss":0.0,"gold_gain":0.0,"event_name":"Mushrooms","player_choice":"Healed and dodged fight","floor":10.0,"gold_loss":0.0,"damage_taken":0.0,"cards_obtained":["Parasite"]},{"cards_removed":["Defend_B"],"damage_healed":0,"gold_gain":0,"player_choice":"Gave Gold","damage_taken":0,"max_hp_gain":0,"max_hp_loss":0,"event_name":"Beggar","floor":24,"gold_loss":75},{"damage_healed":0,"gold_gain":0,"player_choice":"Ignored","damage_taken":0,"max_hp_gain":0,"max_hp_loss":0,"event_name":"Vampires","floor":27,"gold_loss":0},{"damage_healed":22,"gold_gain":0,"player_choice":"Heal","damage_taken":0,"max_hp_gain":0,"max_hp_loss":0,"event_name":"The Library","floor":28,"gold_loss":0}],"is_beta":false,"boss_relics":[{"not_picked":["Calling Bell","Empty Cage"],"picked":"Astrolabe"},{"not_picked":["Sozu","Coffee Dripper"],"picked":"White Beast Statue"}],"items_purged_floors":[],"is_endless":false,"potions_floor_spawned":[1,13,14,21,22,23,35,36,38],"killed_by":"Spire Growth","ascension_level":0}