{"gold_per_floor":[119,219,142,63,63,63,88,88,135,166,166,181,201,201,201,280,280,294,294,294,313,326,326,338,338,361,361,374,374,47,65,65,144,144,164,174,192,208,158,158,173,173,200,210,210,220,220,240,240,240],"floor_reached":51,"playtime":3409,"items_purged":["Defend_B","Defend_B"],"score":1433,"play_id":"e99b2819-492e-4d75-bd04-93ea70a1c146","local_time":"20190822005019","is_ascension_mode":true,"campfire_choices":[{"data":"Zap","floor":6,"key":"SMITH"},{"data":"Glacier","floor":8,"key":"SMITH"},{"data":"Defragment","floor":11,"key":"SMITH"},{"data":"Defragment","floor":15,"key":"SMITH"},{"data":"Blizzard","floor":23,"key":"SMITH"},{"data":"Capacitor","floor":27,"key":"SMITH"},{"floor":32,"key":"REST"},{"data":"Defragment","floor":40,"key":"SMITH"},{"data":"Loop","floor":42,"key":"SMITH"},{"data":"Barrage","floor":45,"key":"SMITH"},{"data":"Rainbow","floor":47,"key":"SMITH"},{"data":"Dualcast","floor":49,"key":"SMITH"}],"neow_cost":"NONE","seed_source_timestamp":1760763740571761,"circlet_count":0,"master_deck":["AscendersBane","Defend_B","Defend_B","Zap+1","Dualcast+1","Defragment+1","Defragment+1","Glacier+1","Blizzard+1","Cold Snap","Barrage+1","Loop+1","Electrodynamics","Leap","Bite","Bite","Bite","Bite","Bite","Self Repair","Capacitor+1","Defragment+1","Conserve Battery","Rainbow+1","BootSequence","Chill+1"],"relics":["FrozenCore","NeowsBlessing","PreservedInsect","Smiling Mask","Calipers","Velvet Choker","Art of War","Pear","Orichalcum"],"potions_floor_usage":[16,22,22,31,33,50],"damage_taken":[{"damage":0,"enemies":"2 Louse","floor":1,"turns":1},{"damage":0,"enemies":"Lagavulin","floor":7,"turns":1},{"damage":0,"enemies":"3 Sentries","floor":10,"turns":1},{"damage":1,"enemies":"Cultist","floor":12,"turns":3},{"damage":1,"enemies":"Small Slimes","floor":13,"turns":3},{"damage":0,"enemies":"The Guardian","floor":16,"turns":13},{"damage":4,"enemies":"2 Thieves","floor":18,"turns":3},{"damage":21,"enemies":"Spheric Guardian","floor":21,"turns":4},{"damage":13,"enemies":"Cultist and Chosen","floor":22,"turns":7},{"damage":22,"enemies":"Snecko","floor":24,"turns":9},{"damage":13,"enemies":"Centurion and Healer","floor":28,"turns":9},{"damage":30,"enemies":"Snake Plant","floor":31,"turns":4},{"damage":25,"enemies":"Champ","floor":33,"turns":14},{"damage":0,"enemies":"Orb Walker","floor":35,"turns":5},{"damage":19,"enemies":"3 Darklings","floor":36,"turns":5},{"damage":0,"enemies":"4 Shapes","floor":37,"turns":9},{"damage":5,"enemies":"Sphere and 2 Shapes","floor":38,"turns":6},{"damage":11,"enemies":"Spire Growth","floor":41,"turns":6},{"damage":0,"enemies":"Maw","floor":44,"turns":10},{"damage":1,"enemies":"Transient","floor":46,"turns":6},{"damage":2,"enemies":"Sphere and 2 Shapes","floor":48,"turns":7},{"damage":65,"enemies":"Awakened One","floor":50,"turns":16}],"seed_played":"-7061703428768191303","potions_obtained":[{"floor":1,"key":"Fire Potion"},{"floor":7,"key":"EssenceOfSteel"},{"floor":16,"key":"Weak Potion"},{"floor":21,"key":"Block Potion"},{"floor":22,"key":"Poison Potion"},{"floor":24,"key":"FocusPotion"},{"floor":33,"key":"GamblersBrew"},{"floor":35,"key":"Fire Potion"},{"floor":44,"key":"Strength Potion"}],"is_trial":false,"path_per_floor":["M","?","$","$","?","R","E","R","T","E","R","M","M","?","R","B",null,"M","?","?","M","M","R","M","?","T","R","M","?","$","M","R","B",null,"M","M","M","M","$","R","M","R","T","M","R","M","R","M","R","B",null],"character_chosen":"DEFECT","items_purchased":["Defragment","Glacier","Pear"],"campfire_rested":1,"item_purchase_floors":[3,4,30],"current_hp_per_floor":[64,64,64,64,69,69,69,69,69,69,69,68,67,67,67,67,74,70,48,48,35,30,30,35,35,35,35,39,33,43,21,40,62,65,66,62,66,66,66,66,66,66,66,66,66,66,66,66,66,38],"gold":240,"neow_bonus":"THREE_ENEMY_KILL","is_prod":false,"is_daily":false,"chose_seed":false,"campfire_upgraded":11,"win_rate":0,"timestamp":1566402619,"path_taken":["M","?","?","$","?","R","E","R","T","E","R","M","M","?","R","BOSS","M","?","?","M","M","R","M","?","T","R","M","?","$","?","R","BOSS","M","?","M","M","$","R","M","R","T","?","R","M","R","M","R","BOSS"],"build_version":"2019-07-17","purchased_purges":2,"victory":true,"max_hp_per_floor":[71,71,71,71,76,76,76,76,76,76,76,76,76,76,76,76,76,76,81,56,56,56,56,56,56,56,56,56,56,66,66,66,66,66,66,66,66,66,66,66,66,66,66,66,66,66,66,66,66,66],"card_choices":[{"not_picked":["Capacitor","Streamline"],"picked":"Defragment","floor":1},{"not_picked":["Conserve Battery","Force Field"],"picked":"Blizzard","floor":7},{"not_picked":["Sweeping Beam","Redo"],"picked":"Cold Snap","floor":10},{"not_picked":["Leap","Doom and Gloom"],"picked":"Barrage","floor":12},{"not_picked":["Hello World","Steam"],"picked":"Loop","floor":13},{"not_picked":["Thunder Strike","Fission"],"picked":"Electrodynamics","floor":16},{"not_picked":["Stack","Consume"],"picked":"Leap","floor":18},{"not_picked":["Compile Driver+1","Static Discharge","Barrage"],"picked":"SKIP","floor":21},{"not_picked":["Undo","Rebound+1"],"picked":"Self Repair","floor":22},{"not_picked":["Tempest","Static Discharge"],"picked":"Capacitor","floor":24},{"not_picked":["Stack","Undo","Creative AI"],"picked":"SKIP","floor":28},{"not_picked":["Static Discharge","Undo+1"],"picked":"Conserve Battery","floor":31},{"not_picked":["Biased Cognition","Fission"],"picked":"Rainbow","floor":33},{"not_picked":["Rebound+1","Stack","Coolheaded"],"picked":"SKIP","floor":35},{"not_picked":["Streamline","Consume+1"],"picked":"BootSequence","floor":36},{"not_picked":["Sweeping Beam","Glacier","Stack"],"picked":"SKIP","floor":37},{"not_picked":["Sweeping Beam","BootSequence","All For One"],"picked":"SKIP","floor":38},{"not_picked":["Fusion","Turbo","Coolheaded"],"picked":"SKIP","floor":41},{"not_picked":["Redo+1","Hologram","Streamline+1"],"picked":"SKIP","floor":44},{"not_picked":["Heatsinks","Hologram+1"],"picked":"Chill+1","floor":46},{"not_picked":["All For One","Double Energy","BootSequence+1"],"picked":"SKIP","floor":48}],"player_experience":535169,"relics_obtained":[{"floor":7,"key":"PreservedInsect"},{"floor":9,"key":"Smiling Mask"},{"floor":10,"key":"Calipers"},{"floor":26,"key":"Art of War"},{"floor":43,"key":"Orichalcum"}],"event_choices":[{"damage_healed":0,"gold_gain":100,"player_choice":"Gold","damage_taken":0,"max_hp_gain":0,"max_hp_loss":0,"event_name":"Wheel of Change","floor":2,"gold_loss":0},{"damage_healed":0,"gold_gain":0,"player_choice":"Donut","damage_taken":0,"max_hp_gain":5,"max_hp_loss":0,"event_name":"Big Fish","floor":5,"gold_loss":0},{"cards_removed":["Strike_B"],"damage_healed":0,"gold_gain":0,"player_choice":"Offered Basic","damage_taken":0,"max_hp_gain":0,"max_hp_loss":0,"event_name":"Bonfire Elementals","floor":14,"gold_loss":0},{"damage_healed":0,"gold_gain":0,"player_choice":"Shed Blood","damage_taken":27,"max_hp_gain":5,"max_hp_loss":0,"event_name":"Forgotten Altar","floor":19,"gold_loss":0},{"damage_healed":0,"gold_gain":0,"player_choice":"Became a vampire","damage_taken":0,"max_hp_gain":0,"max_hp_loss":25,"event_name":"Vampires","floor":20,"gold_loss":0,"cards_obtained":["Bite","Bite","Bite","Bite","Bite"]},{"damage_healed":0,"gold_gain":0,"player_choice":"Read","damage_taken":0,"max_hp_gain":0,"max_hp_loss":0,"event_name":"The Library","floor":25,"gold_loss":0,"cards_obtained":["Defragment"]},{"damage_healed":0,"gold_gain":0,"player_choice":"","damage_taken":6,"max_hp_gain":0,"max_hp_loss":0,"event_name":"Knowing Skull","floor":29,"potions_obtained":[],"gold_loss":0,"cards_obtained":[]}],"is_beta":false,"boss_relics":[{"not_picked":["Busted Crown","Pandora\u0027s Box"],"picked":"Velvet Choker"},{"not_picked":["Calling Bell","Eternal Feather"],"picked":"FrozenCore"}],"items_purged_floors":[30,39],"is_endless":false,"potions_floor_spawned":[1,7,16,21,22,24,33,35,41,44,48],"ascension_level":19}