{"gold_per_floor":[213,213,138,288,23,23,37,37,37,52,83,8,26,42,42,121,121,140,230,243,256,256,256,287,287,287,307,307],"floor_reached":28,"playtime":1600,"items_purged":["Defend_B","Doubt"],"score":428,"play_id":"89e0ed57-9a2f-4dcc-b4e8-9c172f76461f","local_time":"20190819021609","is_ascension_mode":true,"campfire_choices":[{"data":"Dualcast","floor":6.0,"key":"SMITH"},{"data":"Go for the Eyes","floor":8.0,"key":"SMITH"},{"floor":15.0,"key":"REST"},{"floor":23.0,"key":"REST"},{"data":"Defragment","floor":25.0,"key":"SMITH"}],"neow_cost":"NONE","seed_source_timestamp":0,"circlet_count":0,"master_deck":["AscendersBane","Defend_B","Zap+1","Dualcast+1","Leap","All For One","Go for the Eyes+1","Beam Cell","Gash","Steam","Defragment+1","Seek","Ball Lightning+1","Go for the Eyes+1","Force Field+1","Cold Snap","Capacitor","Coolheaded","Chaos","Compile Driver","Gash","FTL"],"special_seed":0,"relics":["Cracked Core","Pen Nib","Blue Candle","Astrolabe","Sundial","Smiling Mask"],"potions_floor_usage":[],"damage_taken":[{"damage":1.0,"enemies":"Small Slimes","floor":1.0,"turns":3.0},{"damage":0.0,"enemies":"Cultist","floor":7.0,"turns":2.0},{"damage":3.0,"enemies":"2 Louse","floor":10.0,"turns":2.0},{"damage":17.0,"enemies":"Gremlin Nob","floor":11.0,"turns":4.0},{"damage":1.0,"enemies":"Looter","floor":13.0,"turns":3.0},{"damage":18.0,"enemies":"Lots of Slimes","floor":14.0,"turns":2.0},{"damage":33.0,"enemies":"The Guardian","floor":16.0,"turns":9.0},{"damage":0.0,"enemies":"Spheric Guardian","floor":18.0,"turns":3.0},{"damage":10.0,"enemies":"Shell Parasite","floor":20.0,"turns":4.0},{"damage":16.0,"enemies":"Sentry and Sphere","floor":21.0,"turns":5.0},{"damage":17.0,"enemies":"Gremlin Leader","floor":24.0,"turns":8.0},{"damage":8.0,"enemies":"3 Cultists","floor":27.0,"turns":4.0},{"damage":12,"enemies":"Snake Plant","floor":28,"turns":1}],"seed_played":"-6297419220627155925","potions_obtained":[{"floor":1.0,"key":"FearPotion"},{"floor":10.0,"key":"SpeedPotion"},{"floor":11.0,"key":"SpeedPotion"},{"floor":24.0,"key":"Strength Potion"}],"is_trial":false,"path_per_floor":["M","?","$","?","$","R","M","R","T","M","E","?","M","M","R","B",null,"M","?","M","M","?","R","E","R","T","M","M"],"character_chosen":"DEFECT","items_purchased":["All For One"],"campfire_rested":2,"item_purchase_floors":[5],"current_hp_per_floor":[63,63,63,63,63,63,63,63,63,60,43,43,42,24,45,12,56,56,42,32,16,16,37,20,20,20,12,0],"gold":307,"neow_bonus":"HUNDRED_GOLD","is_prod":false,"is_daily":false,"chose_seed":false,"campfire_upgraded":3,"win_rate":0,"timestamp":1566148569,"path_taken":["M","?","?","?","$","R","M","R","T","M","E","?","M","M","R","BOSS","M","?","?","M","?","R","E","R","T","M","M"],"build_version":"2019-07-17","purchased_purges":2,"victory":false,"max_hp_per_floor":[71,71,71,71,71,71,71,71,71,71,71,71,71,71,71,71,71,71,71,71,71,71,71,71,71,71,71,71],"card_choices":[{"not_picked":["Reprogram","Storm"],"picked":"Leap","floor":1.0},{"not_picked":["FTL","Recycle"],"picked":"Go for the Eyes","floor":7.0},{"not_picked":["White Noise","Skim"],"picked":"Beam Cell","floor":10.0},{"not_picked":["Consume","Redo"],"picked":"Gash","floor":11.0},{"not_picked":["Ball Lightning","Genetic Algorithm"],"picked":"Steam","floor":13.0},{"not_picked":["Go for the Eyes","Steam"],"picked":"Defragment","floor":14.0},{"not_picked":["All For One","Amplify"],"picked":"Seek","floor":16.0},{"not_picked":["Compile Driver","Go for the Eyes"],"picked":"Cold Snap","floor":18.0},{"not_picked":["Beam Cell","Streamline"],"picked":"Capacitor","floor":20.0},{"not_picked":["Stack","Beam Cell"],"picked":"Coolheaded","floor":21.0},{"not_picked":["Coolheaded","Heatsinks"],"picked":"Gash","floor":24.0},{"not_picked":["Rebound","Streamline"],"picked":"FTL","floor":27.0}],"player_experience":509298,"relics_obtained":[{"floor":9.0,"key":"Pen Nib"},{"floor":11.0,"key":"Blue Candle"},{"floor":24.0,"key":"Sundial"},{"floor":26.0,"key":"Smiling Mask"}],"event_choices":[{"damage_healed":0.0,"max_hp_gain":0.0,"max_hp_loss":0.0,"gold_gain":0.0,"event_name":"Upgrade Shrine","player_choice":"Upgraded","floor":2.0,"gold_loss":0.0,"damage_taken":0.0,"cards_upgraded":["Zap"]},{"damage_healed":0.0,"max_hp_gain":0.0,"max_hp_loss":0.0,"gold_gain":150.0,"event_name":"Liars Game","player_choice":"AGREE","floor":4.0,"gold_loss":0.0,"damage_taken":0.0,"cards_obtained":["Doubt"]},{"cards_removed":["Strike_B"],"damage_healed":0.0,"max_hp_gain":0.0,"max_hp_loss":0.0,"gold_gain":0.0,"event_name":"The Cleric","player_choice":"Card Removal","floor":12.0,"gold_loss":75.0,"damage_taken":0.0},{"damage_healed":0.0,"max_hp_gain":0.0,"max_hp_loss":0.0,"gold_gain":90.0,"event_name":"Knowing Skull","player_choice":"GOLD ","floor":19.0,"potions_obtained":[],"gold_loss":0.0,"damage_taken":14.0,"cards_obtained":[]},{"damage_healed":0.0,"max_hp_gain":0.0,"max_hp_loss":0.0,"gold_gain":0.0,"cards_transformed":["Strike_B","Defend_B"],"event_name":"Drug Dealer","player_choice":"Became Test Subject","floor":22.0,"gold_loss":0.0,"damage_taken":0.0,"cards_obtained":["Chaos","Compile Driver"]}],"is_beta":false,"boss_relics":[{"not_picked":["Runic Pyramid","Coffee Dripper"],"picked":"Astrolabe"}],"items_purged_floors":[3,5],"is_endless":false,"potions_floor_spawned":[1,10,11,20,24],"killed_by":"Snake Plant","ascension_level":16}