{"gold_per_floor":[112,37,47,47,47,47,81,81,136,151,164,164,178,178,178,274,324,344,247,278,178,188,188,198,198,198,198,217,217,132,142,142,237,237,250,250,267,267,282,313,313,325,351,365,365,377,377,6,6,6],"floor_reached":51,"playtime":2316,"items_purged":["Defend_B","Strike_B","Strike_B","Defend_B"],"score":677,"play_id":"43ce2811-c911-4c4e-bbc0-eb9f66dbb778","local_time":"20190729085308","is_ascension_mode":false,"campfire_choices":[{"data":"Zap","floor":6,"key":"SMITH"},{"data":"Dualcast","floor":8,"key":"SMITH"},{"data":"Hologram","floor":12,"key":"SMITH"},{"data":"Coolheaded","floor":15,"key":"SMITH"},{"data":"Defragment","floor":23,"key":"SMITH"},{"data":"Capacitor","floor":25,"key":"SMITH"},{"data":"Self Repair","floor":27,"key":"SMITH"},{"data":"Coolheaded","floor":29,"key":"SMITH"},{"floor":32,"key":"REST"},{"floor":41,"key":"REST"},{"floor":47,"key":"REST"},{"floor":49,"key":"RECALL"}],"neow_cost":"NONE","seed_source_timestamp":1930085345331545,"circlet_count":0,"master_deck":["Defend_B+1","Defend_B","Zap+1","Dualcast+1","Coolheaded+1","Hologram+1","Gash","Capacitor+1","Self Repair+1","Gash","Defragment+1","Coolheaded+1","Chill","FTL+1","All For One","Madness","Madness","Beam Cell+1","Panache","Blizzard+1","Go for the Eyes+1","Defragment"],"relics":["Cracked Core","Smiling Mask","Potion Belt","Tiny House","Red Mask","Mummified Hand","Question Card","Fusion Hammer","Bottled Lightning","Juzu Bracelet","Letter Opener"],"potions_floor_usage":[16,16,28,28,50,50,50],"damage_taken":[{"damage":0,"enemies":"2 Louse","floor":1,"turns":3},{"damage":1,"enemies":"Cultist","floor":3,"turns":3},{"damage":26,"enemies":"Lagavulin","floor":7,"turns":8},{"damage":0,"enemies":"Jaw Worm","floor":10,"turns":3},{"damage":4,"enemies":"Exordium Wildlife","floor":11,"turns":3},{"damage":0,"enemies":"2 Fungi Beasts","floor":13,"turns":3},{"damage":12,"enemies":"Hexaghost","floor":16,"turns":8},{"damage":3,"enemies":"Spheric Guardian","floor":18,"turns":5},{"damage":55,"enemies":"Masked Bandits","floor":20,"turns":6},{"damage":29,"enemies":"3 Byrds","floor":22,"turns":5},{"damage":2,"enemies":"Shelled Parasite and Fungi","floor":24,"turns":6},{"damage":10,"enemies":"Centurion and Healer","floor":28,"turns":7},{"damage":1,"enemies":"Sentry and Sphere","floor":31,"turns":5},{"damage":17,"enemies":"Automaton","floor":33,"turns":8},{"damage":0,"enemies":"3 Darklings","floor":35,"turns":5},{"damage":1,"enemies":"Orb Walker","floor":37,"turns":3},{"damage":0,"enemies":"Maw","floor":39,"turns":6},{"damage":59,"enemies":"Nemesis","floor":40,"turns":7},{"damage":10,"enemies":"Sphere and 2 Shapes","floor":42,"turns":6},{"damage":4,"enemies":"Writhing Mass","floor":44,"turns":7},{"damage":0,"enemies":"Maw","floor":46,"turns":6},{"damage":36,"enemies":"Time Eater","floor":50,"turns":11}],"seed_played":"5063093553151273549","potions_obtained":[{"floor":5,"key":"FearPotion"},{"floor":5,"key":"SpeedPotion"},{"floor":5,"key":"AttackPotion"},{"floor":10,"key":"Weak Potion"},{"floor":11,"key":"Explosive Potion"},{"floor":16,"key":"Poison Potion"},{"floor":17,"key":"LiquidBronze"},{"floor":31,"key":"Dexterity Potion"},{"floor":40,"key":"SpeedPotion"},{"floor":46,"key":"PowerPotion"}],"is_trial":false,"path_per_floor":["M","$","M","?","?","R","E","R","T","M","M","R","M","?","R","B",null,"M","$","?","$","M","R","M","R","T","R","M","R","?","M","R","B",null,"M","?","M","?","M","E","R","M","T","M","?","M","R","$","R","B",null],"character_chosen":"DEFECT","items_purchased":["Gash","Coolheaded","Letter Opener","Defragment"],"campfire_rested":3,"item_purchase_floors":[19,21,48,48],"current_hp_per_floor":[75,75,74,67,67,67,41,41,41,41,37,37,37,42,42,30,85,82,82,34,34,12,12,17,17,17,17,17,17,17,26,51,44,85,85,74,83,83,85,36,61,61,61,67,67,77,85,85,85,59],"gold":6,"neow_bonus":"REMOVE_CARD","is_prod":false,"is_daily":false,"chose_seed":false,"campfire_upgraded":8,"win_rate":0,"timestamp":1564357988,"path_taken":["M","$","M","?","?","R","E","R","T","?","M","R","M","?","R","BOSS","M","$","?","$","M","R","M","R","T","R","M","R","?","M","R","BOSS","M","?","M","?","M","E","R","M","T","M","?","M","R","$","R","BOSS"],"build_version":"2019-07-17","purchased_purges":4,"victory":true,"max_hp_per_floor":[75,75,75,75,75,75,75,75,75,75,75,75,75,80,80,80,85,85,85,85,85,85,85,85,85,85,85,85,85,85,85,85,85,85,85,85,85,85,85,85,85,85,85,85,85,85,85,85,85,85],"card_choices":[{"not_picked":["Conserve Battery","Blizzard","Force Field"],"picked":"SKIP","floor":1},{"not_picked":["Steam","Turbo","Leap"],"picked":"SKIP","floor":3},{"not_picked":["Storm","Hologram"],"picked":"Coolheaded","floor":7},{"not_picked":["Leap","Stack"],"picked":"Hologram","floor":10},{"not_picked":["Barrage","Go for the Eyes"],"picked":"Gash","floor":11},{"not_picked":["Sweeping Beam","Hologram","Stack"],"picked":"SKIP","floor":13},{"not_picked":["Barrage","Go for the Eyes"],"picked":"Capacitor","floor":17},{"not_picked":["Doom and Gloom","Chaos"],"picked":"Self Repair","floor":18},{"not_picked":["Hologram","BootSequence"],"picked":"Defragment","floor":20},{"not_picked":["Turbo+1","Chaos"],"picked":"Chill","floor":22},{"not_picked":["Melter","Hologram","Ball Lightning"],"picked":"SKIP","floor":24},{"not_picked":["Turbo","Ball Lightning","Redo"],"picked":"SKIP","floor":28},{"not_picked":["Rebound","Barrage","Redo"],"picked":"FTL+1","floor":31},{"not_picked":["Biased Cognition","Fission","Rainbow"],"picked":"All For One","floor":33},{"not_picked":["Doom and Gloom","Capacitor","Coolheaded","Sweeping Beam+1"],"picked":"SKIP","floor":35},{"not_picked":["Hologram+1","Tempest+1","FTL+1"],"picked":"Beam Cell+1","floor":37},{"not_picked":["Metamorphosis","Secret Weapon","Madness"],"picked":"Panache","floor":38},{"not_picked":["Force Field","Hologram","Conserve Battery+1","Coolheaded+1"],"picked":"SKIP","floor":39},{"not_picked":["Storm+1","Streamline","Fusion+1"],"picked":"Blizzard+1","floor":40},{"not_picked":["Hologram","Heatsinks+1","Steam"],"picked":"Go for the Eyes+1","floor":42},{"not_picked":["Rebound+1","Turbo+1","Tempest"],"picked":"Defragment","floor":44},{"not_picked":["Ball Lightning+1","Leap+1","Fusion+1","Stack"],"picked":"SKIP","floor":46}],"player_experience":408262,"relics_obtained":[{"floor":7,"key":"Smiling Mask"},{"floor":9,"key":"Potion Belt"},{"floor":20,"key":"Red Mask"},{"floor":26,"key":"Mummified Hand"},{"floor":40,"key":"Bottled Lightning"},{"floor":43,"key":"Juzu Bracelet"}],"event_choices":[{"cards_removed":["Strike_B"],"damage_healed":0,"gold_gain":0,"player_choice":"Card Removal","damage_taken":7,"max_hp_gain":0,"max_hp_loss":0,"event_name":"Golden Wing","floor":4,"gold_loss":0},{"damage_healed":0,"gold_gain":0,"player_choice":"Got Potions","damage_taken":0,"max_hp_gain":0,"max_hp_loss":0,"event_name":"Lab","floor":5,"gold_loss":0},{"damage_healed":0,"gold_gain":0,"player_choice":"Donut","damage_taken":0,"max_hp_gain":5,"max_hp_loss":0,"event_name":"Big Fish","floor":14,"gold_loss":0},{"damage_healed":0,"gold_gain":0,"player_choice":"Fought Bandits","damage_taken":0,"max_hp_gain":0,"max_hp_loss":0,"event_name":"Masked Bandits","floor":20,"gold_loss":0},{"damage_healed":0,"gold_gain":0,"player_choice":"Obtained Relic","damage_taken":0,"relics_obtained":["Question Card"],"max_hp_gain":0,"max_hp_loss":0,"event_name":"Addict","floor":30,"gold_loss":85},{"damage_healed":0,"gold_gain":0,"player_choice":"Embrace Madness","damage_taken":11,"max_hp_gain":0,"max_hp_loss":0,"event_name":"Winding Halls","floor":36,"gold_loss":0,"cards_obtained":["Madness","Madness"]},{"damage_healed":0,"gold_gain":0,"player_choice":"Memory 1","damage_taken":0,"max_hp_gain":0,"max_hp_loss":0,"event_name":"SensoryStone","floor":38,"gold_loss":0},{"cards_removed":["Defragment"],"damage_healed":0,"gold_gain":0,"player_choice":"Removed Power","damage_taken":0,"max_hp_gain":0,"max_hp_loss":0,"event_name":"Falling","floor":45,"gold_loss":0}],"is_beta":false,"boss_relics":[{"not_picked":["Pandora\u0027s Box","Ectoplasm"],"picked":"Tiny House"},{"not_picked":["Empty Cage","Black Star"],"picked":"Fusion Hammer"}],"items_purged_floors":[2,19,21,48],"is_endless":false,"potions_floor_spawned":[7,10,11,16,18,22,31,40,46],"ascension_level":0}