{"gold_per_floor":[112,27,43,43,55,55,69,95,121,19,19,19,38,54,54,153,153,165,165,48,22,22,22,25,25,25,44,44,44,76,102,102,102],"floor_reached":33,"playtime":2808,"items_purged":["Defend_G","Strike_G","Defend_G"],"score":315,"play_id":"e4a8a82f-1bc6-43dc-b737-2de5f0bb24e8","local_time":"20190821035607","is_ascension_mode":false,"campfire_choices":[{"data":"Outmaneuver","floor":6,"key":"SMITH"},{"floor":11,"key":"REST"},{"floor":15,"key":"REST"},{"floor":23,"key":"REST"},{"floor":25,"key":"REST"},{"floor":32,"key":"REST"}],"neow_cost":"NONE","seed_source_timestamp":183553109067127,"circlet_count":0,"master_deck":["Strike_G","Strike_G","Strike_G","Defend_G","Defend_G","Defend_G","Survivor","Neutralize","Outmaneuver+1","Well Laid Plans","Deadly Poison","Dash","Bane","Phantasmal Killer","Calculated Gamble","Poisoned Stab","Pain","Acrobatics","PiercingWail","Unload","Flying Knee","Enlightenment","Swift Strike","Jack Of All Trades","Dark Shackles","Flash of Steel","Swift Strike","Noxious Fumes","Deflect","Quick Slash","Dash","Ghostly","Ghostly","Ghostly","Ghostly","Ghostly","Blade Dance","Blade Dance"],"relics":["Ring of the Snake","Smiling Mask","Happy Flower","Vajra","WarpedTongs","Busted Crown","Juzu Bracelet","Ice Cream","Calipers"],"potions_floor_usage":[16,27,33,33,33],"damage_taken":[{"damage":0,"enemies":"Small Slimes","floor":1,"turns":3},{"damage":0,"enemies":"Cultist","floor":3,"turns":4},{"damage":0,"enemies":"2 Louse","floor":5,"turns":3},{"damage":15,"enemies":"Large Slime","floor":7,"turns":6},{"damage":34,"enemies":"3 Sentries","floor":8,"turns":13},{"damage":1,"enemies":"Gremlin Gang","floor":13,"turns":4},{"damage":0,"enemies":"Red Slaver","floor":14,"turns":3},{"damage":20,"enemies":"Slime Boss","floor":16,"turns":12},{"damage":1,"enemies":"Shell Parasite","floor":18,"turns":5},{"damage":8,"enemies":"2 Thieves","floor":24,"turns":4},{"damage":2,"enemies":"Snake Plant","floor":27,"turns":5},{"damage":2,"enemies":"Sentry and Sphere","floor":30,"turns":5},{"damage":12,"enemies":"Book of Stabbing","floor":31,"turns":5},{"damage":46,"enemies":"Automaton","floor":33,"turns":8}],"seed_played":"8871829429049881336","potions_obtained":[{"floor":8,"key":"SpeedPotion"},{"floor":13,"key":"Block Potion"},{"floor":14,"key":"GhostInAJar"},{"floor":16,"key":"FearPotion"},{"floor":27,"key":"Ancient Potion"},{"floor":30,"key":"Regen Potion"}],"is_trial":false,"path_per_floor":["M","$","M","?","M","R","M","E","T","$","R","?","M","M","R","B",null,"M","?","$","$","?","R","M","R","T","M","?","?","M","E","R","B"],"character_chosen":"THE_SILENT","items_purchased":["Well Laid Plans","Poisoned Stab","Noxious Fumes","Deflect"],"campfire_rested":5,"item_purchase_floors":[2,10,20,21],"current_hp_per_floor":[70,70,70,70,70,70,55,21,21,21,42,42,41,41,62,42,70,69,20,20,20,20,41,33,54,54,52,35,31,29,17,29,0],"gold":102,"neow_bonus":"RANDOM_COMMON_RELIC","is_prod":false,"is_daily":false,"chose_seed":false,"campfire_upgraded":1,"win_rate":0.0,"timestamp":1566374167,"path_taken":["M","$","M","?","M","R","M","E","T","$","R","?","?","?","R","BOSS","M","?","?","$","?","R","M","R","T","M","?","?","M","E","R","BOSS"],"build_version":"2019-07-17","purchased_purges":3,"victory":false,"max_hp_per_floor":[70,70,70,70,70,70,70,70,70,70,70,70,70,70,70,70,70,70,70,70,70,70,70,70,70,70,70,35,40,40,40,40,40],"card_choices":[{"not_picked":["Dodge and Roll","Well Laid Plans"],"picked":"Outmaneuver","floor":1},{"not_picked":["Outmaneuver","Slice"],"picked":"Deadly Poison","floor":3},{"not_picked":["Deflect","Acrobatics"],"picked":"Bane","floor":5},{"not_picked":["Outmaneuver","Acrobatics"],"picked":"Phantasmal Killer","floor":7},{"not_picked":["Underhanded Strike","Outmaneuver"],"picked":"Calculated Gamble","floor":8},{"not_picked":["All Out Attack","Catalyst"],"picked":"Acrobatics","floor":13},{"not_picked":["Predator","Deadly Poison"],"picked":"PiercingWail","floor":14},{"not_picked":["Die Die Die","Tools of the Trade"],"picked":"Unload","floor":16},{"not_picked":[],"picked":"Flying Knee","floor":18},{"not_picked":[],"picked":"Quick Slash","floor":24},{"not_picked":[],"picked":"Dash","floor":27},{"not_picked":[],"picked":"Blade Dance","floor":30},{"not_picked":[],"picked":"Blade Dance","floor":31}],"player_experience":65632,"relics_obtained":[{"floor":8,"key":"Happy Flower"},{"floor":9,"key":"Vajra"},{"floor":26,"key":"Ice Cream"},{"floor":31,"key":"Calipers"}],"event_choices":[{"damage_healed":0,"gold_gain":0,"cards_transformed":["Strike_G"],"player_choice":"Change","damage_taken":0,"max_hp_gain":0,"max_hp_loss":0,"event_name":"Living Wall","floor":4,"gold_loss":0,"cards_obtained":["Dash"]},{"damage_healed":0,"gold_gain":0,"player_choice":"Rummage","damage_taken":0,"relics_obtained":["WarpedTongs"],"max_hp_gain":0,"max_hp_loss":0,"event_name":"Accursed Blacksmith","floor":12,"gold_loss":0,"cards_obtained":["Pain"]},{"damage_healed":0,"gold_gain":0,"player_choice":"CARD CARD CARD CARD CARD CARD ","damage_taken":49,"max_hp_gain":0,"max_hp_loss":0,"event_name":"Knowing Skull","floor":19,"potions_obtained":[],"gold_loss":0,"cards_obtained":["Enlightenment","Swift Strike","Jack Of All Trades","Dark Shackles","Flash of Steel","Swift Strike"]},{"damage_healed":0,"gold_gain":0,"player_choice":"Opened","damage_taken":0,"relics_obtained":["Juzu Bracelet"],"max_hp_gain":0,"max_hp_loss":0,"event_name":"The Mausoleum","floor":22,"gold_loss":0},{"damage_healed":0,"gold_gain":0,"player_choice":"Became a Ghost","damage_taken":0,"max_hp_gain":0,"max_hp_loss":35,"event_name":"Ghosts","floor":28,"gold_loss":0,"cards_obtained":["Ghostly","Ghostly","Ghostly","Ghostly","Ghostly"]},{"damage_healed":0,"gold_gain":0,"player_choice":"Shed Blood","damage_taken":9,"max_hp_gain":5,"max_hp_loss":0,"event_name":"Forgotten Altar","floor":29,"gold_loss":0}],"is_beta":false,"boss_relics":[{"not_picked":["Lizard Tail","Snecko Eye"],"picked":"Busted Crown"}],"items_purged_floors":[2,10,20],"is_endless":false,"potions_floor_spawned":[8,13,14,16,27,30],"killed_by":"Automaton","ascension_level":0}