{"gold_per_floor":[119,131,56,66,86,86,106,6,6,41,41,41,41,57,57,160,160,180,168,14,14],"floor_reached":21,"playtime":995,"items_purged":["Strike_R","Strike_R","Strike_R"],"score":217,"play_id":"d6d2fa79-16e1-4dc5-9d4b-7da34b6357c0","local_time":"20190716013106","is_ascension_mode":true,"campfire_choices":[{"floor":6,"key":"RECALL"},{"data":"Demon Form","floor":11,"key":"SMITH"},{"floor":13,"key":"REST"},{"floor":15,"key":"REST"}],"neow_cost":"NONE","seed_source_timestamp":122483391691802,"circlet_count":0,"master_deck":["Strike_R+1","Strike_R","Defend_R","Defend_R","Defend_R+1","Defend_R","Bash","Cleave","Infernal Blade","Clothesline","Evolve","Metallicize","Demon Form+1","Pommel Strike","Juggernaut","Shrug It Off","Entrench","Pommel Strike","Feel No Pain","Exhume","Thunderclap+1","Iron Wave"],"relics":["Burning Blood","Matryoshka","Smiling Mask","Orrery"],"potions_floor_usage":[10,10,16,18,19,21],"damage_taken":[{"damage":6,"enemies":"Cultist","floor":1,"turns":3},{"damage":4,"enemies":"2 Louse","floor":2,"turns":2},{"damage":3,"enemies":"Small Slimes","floor":4,"turns":3},{"damage":20,"enemies":"Red Slaver","floor":5,"turns":4},{"damage":9,"enemies":"Blue Slaver","floor":7,"turns":3},{"damage":28,"enemies":"3 Sentries","floor":10,"turns":8},{"damage":6,"enemies":"2 Fungi Beasts","floor":14,"turns":4},{"damage":14,"enemies":"The Guardian","floor":16,"turns":8},{"damage":59,"enemies":"3 Byrds","floor":18,"turns":6},{"damage":24,"enemies":"2 Thieves","floor":19,"turns":4},{"damage":24,"enemies":"Cultist and Chosen","floor":21,"turns":6}],"seed_played":"-4359484693115844525","potions_obtained":[{"floor":2,"key":"Dexterity Potion"},{"floor":4,"key":"Energy Potion"},{"floor":5,"key":"Swift Potion"},{"floor":16,"key":"EssenceOfSteel"},{"floor":18,"key":"Block Potion"}],"is_trial":false,"path_per_floor":["M","M","$","M","M","R","M","$","T","E","R","?","R","M","R","B",null,"M","M","$","M"],"character_chosen":"IRONCLAD","items_purchased":["Fruit Juice"],"campfire_rested":2,"item_purchase_floors":[20],"current_hp_per_floor":[88,88,88,88,74,74,71,71,71,49,49,31,57,57,83,75,88,35,17,17,0],"gold":14,"neow_bonus":"TEN_PERCENT_HP_BONUS","is_prod":false,"is_daily":false,"chose_seed":false,"campfire_upgraded":1,"win_rate":0,"timestamp":1563233466,"path_taken":["M","M","$","M","M","R","?","$","T","E","R","?","R","M","R","BOSS","M","M","$","M"],"build_version":"2019-07-05","purchased_purges":3,"victory":false,"max_hp_per_floor":[88,88,88,88,88,88,88,88,88,88,88,88,88,88,88,88,88,88,88,88,93],"card_choices":[{"not_picked":["Clothesline","Body Slam"],"picked":"Cleave","floor":1},{"not_picked":["Rage","Searing Blow"],"picked":"Infernal Blade","floor":2},{"not_picked":["Combust","Headbutt"],"picked":"Clothesline","floor":4},{"not_picked":["Headbutt","Twin Strike"],"picked":"Evolve","floor":5},{"not_picked":["Perfected Strike","Feel No Pain"],"picked":"Metallicize","floor":7},{"not_picked":["Sword Boomerang","Warcry"],"picked":"Demon Form","floor":10},{"not_picked":["Infernal Blade","Blood for Blood"],"picked":"Pommel Strike","floor":14},{"not_picked":["Immolate","Dark Embrace"],"picked":"Juggernaut","floor":16},{"not_picked":["Pommel Strike","Flame Barrier"],"picked":"Shrug It Off","floor":17},{"not_picked":["Sword Boomerang","True Grit"],"picked":"Entrench","floor":17},{"not_picked":["Wild Strike","Cleave"],"picked":"Pommel Strike","floor":17},{"not_picked":["Bloodletting","Perfected Strike"],"picked":"Feel No Pain","floor":17},{"not_picked":["Rupture","True Grit"],"picked":"Exhume","floor":17},{"not_picked":["Wild Strike","Perfected Strike"],"picked":"Thunderclap+1","floor":18},{"not_picked":["Clothesline","Uppercut"],"picked":"Iron Wave","floor":19}],"player_experience":89907,"relics_obtained":[{"floor":9,"key":"Matryoshka"},{"floor":10,"key":"Smiling Mask"}],"event_choices":[{"damage_healed":0,"gold_gain":0,"player_choice":"Entered Light","damage_taken":18,"max_hp_gain":0,"max_hp_loss":0,"event_name":"Shining Light","floor":12,"gold_loss":0,"cards_upgraded":["Defend_R","Strike_R"]}],"is_beta":false,"boss_relics":[{"not_picked":["Black Blood","Tiny House"],"picked":"Orrery"}],"items_purged_floors":[3,8,20],"is_endless":false,"potions_floor_spawned":[2,4,5,16,18],"killed_by":"Cultist and Chosen","ascension_level":4}