{"gold_per_floor":[18,18,35,49,49,49,60,71,119,136,153,173,173,103,103,202,202,222,234,247,263,47,47,47,47,73,86,97,97,97,97],"floor_reached":31,"playtime":2999,"items_purged":[],"score":233,"play_id":"e8729bf9-1fb3-48c0-891e-fd636dd33aa3","local_time":"20180911121635","is_ascension_mode":false,"campfire_choices":[{"data":"Rage","floor":6,"key":"SMITH"},{"data":"Limit Break","floor":15,"key":"SMITH"},{"data":"Demon Form","floor":23,"key":"SMITH"},{"data":"Reaper","floor":29,"key":"SMITH"}],"neow_cost":"NO_GOLD","seed_source_timestamp":2386005280046295,"circlet_count":0,"master_deck":["Strike_R","Strike_R","Strike_R","Strike_R","Strike_R+1","Defend_R","Defend_R","Defend_R","Defend_R","Bash+1","Rage+1","Shrug It Off","Offering","Flame Barrier","Fire Breathing","Shrug It Off","Armaments","Rage","Limit Break+1","Demon Form+1","Pommel Strike","Rampage","Reaper+1","Infernal Blade+1","Flex","Headbutt","Headbutt"],"relics":["Burning Blood","Pocketwatch","Vajra","Coffee Dripper","OrangePellets","PreservedInsect","Nilry\u0027s Codex"],"potions_floor_usage":[11,16,16,28,31,31],"damage_taken":[{"damage":12,"enemies":"2 Louse","floor":1,"turns":4},{"damage":10,"enemies":"Jaw Worm","floor":3,"turns":4},{"damage":0,"enemies":"Cultist","floor":4,"turns":4},{"damage":6,"enemies":"3 Louse","floor":7,"turns":5},{"damage":7,"enemies":"Looter","floor":8,"turns":5},{"damage":1,"enemies":"Exordium Wildlife","floor":10,"turns":5},{"damage":4,"enemies":"Gremlin Gang","floor":11,"turns":6},{"damage":0,"enemies":"Large Slime","floor":12,"turns":8},{"damage":30,"enemies":"Hexaghost","floor":16,"turns":9},{"damage":7,"enemies":"Chosen","floor":18,"turns":5},{"damage":0,"enemies":"3 Byrds","floor":19,"turns":1},{"damage":24,"enemies":"Cultist and Chosen","floor":20,"turns":7},{"damage":23,"enemies":"Snake Plant","floor":21,"turns":5},{"damage":16,"enemies":"Centurion and Healer","floor":27,"turns":5},{"damage":23,"enemies":"Shelled Parasite and Fungi","floor":28,"turns":8},{"damage":19,"enemies":"Cultist and Chosen","floor":31,"turns":5}],"seed_played":"5248224075166469896","potions_obtained":[{"floor":1,"key":"Block Potion"},{"floor":3,"key":"Poison Potion"},{"floor":12,"key":"SkillPotion"},{"floor":16,"key":"SmokeBomb"},{"floor":18,"key":"Poison Potion"},{"floor":24,"key":"Strength Potion"},{"floor":24,"key":"Fire Potion"},{"floor":28,"key":"Weak Potion"}],"is_trial":false,"path_per_floor":["M","?","M","M","?","R","M","M","T","M","M","M","?","$","R","B",null,"M","M","M","M","$","R","?","?","T","M","M","R","?"],"character_chosen":"IRONCLAD","items_purchased":["Limit Break","OrangePellets","Flex"],"campfire_rested":0,"item_purchase_floors":[14,22,22],"current_hp_per_floor":[74,74,70,76,60,60,60,59,59,64,66,72,72,72,72,48,80,79,80,62,52,52,52,52,37,37,34,17,17,1,0],"gold":97,"neow_bonus":"ONE_RARE_RELIC","is_prod":false,"is_daily":false,"chose_seed":false,"campfire_upgraded":4,"win_rate":0.0,"timestamp":1536686195,"path_taken":["M","?","M","M","?","R","?","M","T","M","?","M","?","$","R","BOSS","M","M","M","M","$","R","?","?","T","M","M","R","?","?"],"build_version":"2018-09-06","purchased_purges":0,"victory":false,"max_hp_per_floor":[80,80,80,80,80,80,80,80,80,80,80,80,80,80,80,80,80,80,80,80,80,80,80,80,85,85,85,85,85,85,85],"card_choices":[{"not_picked":["Shockwave","Pummel"],"picked":"Rage","floor":1},{"not_picked":["Pommel Strike","Warcry"],"picked":"Shrug It Off","floor":3},{"not_picked":["Clash","Twin Strike"],"picked":"Offering","floor":4},{"not_picked":["Clothesline","Clash"],"picked":"Flame Barrier","floor":7},{"not_picked":["Clothesline","Seeing Red"],"picked":"Fire Breathing","floor":8},{"not_picked":["Thunderclap","Headbutt"],"picked":"Shrug It Off","floor":10},{"not_picked":["Dropkick","Cleave"],"picked":"Armaments","floor":11},{"not_picked":["Uppercut","Heavy Blade"],"picked":"Rage","floor":12},{"not_picked":["Juggernaut","Fiend Fire"],"picked":"Demon Form","floor":16},{"not_picked":["Pummel","Armaments"],"picked":"Pommel Strike","floor":18},{"not_picked":["Iron Wave+1","Shockwave"],"picked":"Rampage","floor":19},{"not_picked":["Ghostly Armor+1","Headbutt"],"picked":"Reaper","floor":20},{"not_picked":["Body Slam+1","Reckless Charge"],"picked":"Infernal Blade+1","floor":21},{"not_picked":["Twin Strike+1","Body Slam"],"picked":"Headbutt","floor":27},{"not_picked":["Sword Boomerang+1","Second Wind"],"picked":"Headbutt","floor":28}],"player_experience":9434,"relics_obtained":[{"floor":9,"key":"Vajra"},{"floor":26,"key":"PreservedInsect"},{"floor":30,"key":"Nilry\u0027s Codex"}],"event_choices":[{"event_name":"Golden Wing","player_choice":"Ignored","floor":2,"damage_taken":0},{"event_name":"Shining Light","player_choice":"Entered Light","floor":5,"damage_taken":0},{"event_name":"The Cleric","player_choice":"Leave","floor":13,"damage_taken":0},{"event_name":"The Lab","player_choice":"Got Potions","floor":24,"damage_taken":0},{"event_name":"Forgotten Altar","player_choice":"Shed Blood","floor":25,"damage_taken":0},{"event_name":"Cursed Tome","player_choice":"Obtained Book","floor":30,"damage_taken":0}],"is_beta":false,"boss_relics":[{"not_picked":["Black Star","Fusion Hammer"],"picked":"Coffee Dripper"}],"items_purged_floors":[],"is_endless":false,"potions_floor_spawned":[1,3,12,16,18,28],"killed_by":"Cultist and Chosen","ascension_level":0}