{"gold_per_floor":[119,136,154,154,154,154,154,32,32,51,67,78,51,62,62,62],"floor_reached":16,"playtime":1593,"items_purged":["Strike_R"],"score":122,"play_id":"3135bf2e-88dc-4d4b-9762-a34414ea3ba5","local_time":"20181005121633","is_ascension_mode":true,"campfire_choices":[{"data":"Cleave","floor":7,"key":"SMITH"},{"floor":15,"key":"REST"}],"neow_cost":"","seed_source_timestamp":663619026871827,"circlet_count":0,"master_deck":["Strike_R","Strike_R","Strike_R","Defend_R","Defend_R","Defend_R","Defend_R","Bash+1","Shrug It Off","Cleave+1","Shrug It Off","Dark Embrace","True Grit","Flame Barrier","True Grit","Shrug It Off"],"relics":["Burning Blood","Ornamental Fan"],"potions_floor_usage":[10,16,16],"damage_taken":[{"damage":1,"enemies":"Cultist","floor":1,"turns":4},{"damage":7,"enemies":"Small Slimes","floor":2,"turns":3},{"damage":0,"enemies":"2 Louse","floor":3,"turns":3},{"damage":12,"enemies":"Exordium Wildlife","floor":10,"turns":7},{"damage":26,"enemies":"Large Slime","floor":11,"turns":11},{"damage":3,"enemies":"2 Fungi Beasts","floor":12,"turns":4},{"damage":0,"enemies":"3 Louse","floor":14,"turns":3},{"damage":98,"enemies":"Slime Boss","floor":16,"turns":15}],"seed_played":"-2418312285539613905","potions_obtained":[{"floor":2,"key":"Fire Potion"},{"floor":10,"key":"Energy Potion"},{"floor":12,"key":"SteroidPotion"},{"floor":14,"key":"Dexterity Potion"}],"is_trial":false,"path_per_floor":["M","M","M","?","?","?","R","$","T","M","M","M","$","M","R"],"character_chosen":"IRONCLAD","items_purchased":["Shrug It Off","True Grit"],"campfire_rested":1,"item_purchase_floors":[8,13],"current_hp_per_floor":[77,76,80,85,78,78,78,78,78,72,52,55,55,61,85,0],"gold":62,"neow_bonus":"","is_prod":false,"is_daily":false,"chose_seed":false,"campfire_upgraded":1,"win_rate":0,"timestamp":1538759793,"path_taken":["M","?","M","?","?","?","R","?","T","M","M","?","$","M","R","BOSS"],"build_version":"2018-10-04","purchased_purges":1,"victory":false,"max_hp_per_floor":[80,80,80,85,85,85,85,85,85,85,85,85,85,85,85,85],"card_choices":[{"not_picked":["Sword Boomerang","Thunderclap","Wild Strike"],"picked":"SKIP","floor":1},{"not_picked":["Armaments","Evolve"],"picked":"Shrug It Off","floor":2},{"not_picked":["Heavy Blade","Perfected Strike"],"picked":"Cleave","floor":3},{"not_picked":["Iron Wave","Rampage"],"picked":"Dark Embrace","floor":10},{"not_picked":["Wild Strike","Twin Strike"],"picked":"True Grit","floor":11},{"not_picked":["Havoc","Uppercut"],"picked":"Flame Barrier","floor":12},{"not_picked":["Heavy Blade","Wild Strike"],"picked":"Shrug It Off","floor":14}],"player_experience":198495,"relics_obtained":[{"floor":9,"key":"Ornamental Fan"}],"event_choices":[{"event_name":"Big Fish","player_choice":"Donut","floor":4,"damage_taken":0},{"event_name":"Golden Wing","player_choice":"Card Removal","floor":5,"damage_taken":0},{"event_name":"Living Wall","player_choice":"Grow","floor":6,"damage_taken":0}],"is_beta":false,"boss_relics":[],"items_purged_floors":[8],"is_endless":false,"potions_floor_spawned":[2,10,12,14],"killed_by":"Slime Boss","ascension_level":6}