{"gold_per_floor":[116,41,41,59,78,78,104,104,174,174,190,190,206,234,234,337,337,357,371,296,306,41,41,72,72,147,147],"floor_reached":27,"playtime":2407,"items_purged":["Pain"],"score":387,"play_id":"13f8b6b3-4095-47b3-a37c-4d7ee8cfefdb","local_time":"20190817222615","is_ascension_mode":true,"campfire_choices":[{"data":"True Grit","floor":6,"key":"SMITH"},{"floor":8,"key":"REST"},{"data":"Feed","floor":10,"key":"SMITH"},{"floor":15,"key":"REST"},{"data":"Double Tap","floor":23,"key":"SMITH"}],"neow_cost":"CURSE","seed_source_timestamp":347531847746252,"circlet_count":0,"master_deck":["AscendersBane","Strike_R","Strike_R+1","Strike_R","Strike_R+1","Defend_R","Defend_R","Defend_R","Defend_R","Bash","Feed+1","True Grit+1","Disarm","Thunderclap","Intimidate","Headbutt","Ghostly Armor","Double Tap+1","Iron Wave+1","Exhume","Searing Blow+1","Metallicize","Heavy Blade","Heavy Blade"],"relics":["Burning Blood","Happy Flower","Singing Bowl","Shuriken","Snecko Eye","PreservedInsect","Orichalcum","Bottled Tornado"],"potions_floor_usage":[14,16,19,21,27],"damage_taken":[{"damage":9,"enemies":"Small Slimes","floor":1,"turns":3},{"damage":0,"enemies":"Jaw Worm","floor":4,"turns":6},{"damage":8,"enemies":"Cultist","floor":5,"turns":5},{"damage":59,"enemies":"Lagavulin","floor":7,"turns":11},{"damage":16,"enemies":"Red Slaver","floor":11,"turns":8},{"damage":0,"enemies":"Large Slime","floor":13,"turns":7},{"damage":15,"enemies":"Gremlin Nob","floor":14,"turns":4},{"damage":47,"enemies":"Slime Boss","floor":16,"turns":10},{"damage":14,"enemies":"Chosen","floor":18,"turns":6},{"damage":16,"enemies":"3 Byrds","floor":19,"turns":7},{"damage":8,"enemies":"Centurion and Healer","floor":21,"turns":7},{"damage":51,"enemies":"Gremlin Leader","floor":24,"turns":10},{"damage":16,"enemies":"Sentry and Sphere","floor":27,"turns":3}],"seed_played":"-4370093472303407840","potions_obtained":[{"floor":4,"key":"GamblersBrew"},{"floor":7,"key":"Swift Potion"},{"floor":13,"key":"SpeedPotion"},{"floor":16,"key":"Dexterity Potion"},{"floor":18,"key":"SpeedPotion"}],"is_trial":false,"path_per_floor":["M","$","?","M","M","R","E","R","T","R","M","?","M","E","R","B",null,"M","M","?","M","$","R","E","?","T","M"],"character_chosen":"IRONCLAD","items_purchased":["PreservedInsect","Metallicize","Heavy Blade"],"campfire_rested":2,"item_purchase_floors":[22,22,22],"current_hp_per_floor":[72,72,72,78,79,79,26,51,51,51,47,29,39,30,58,17,76,68,58,58,56,56,56,15,15,15,0],"gold":147,"neow_bonus":"THREE_RARE_CARDS","is_prod":false,"is_daily":false,"chose_seed":false,"campfire_upgraded":3,"win_rate":0,"timestamp":1566095175,"path_taken":["M","$","?","M","M","R","E","R","T","R","M","?","M","E","R","BOSS","M","M","?","M","$","R","E","?","T","M"],"build_version":"2019-07-17","purchased_purges":1,"victory":false,"max_hp_per_floor":[83,83,83,83,86,86,86,86,86,86,92,92,96,96,96,96,96,96,96,96,96,96,96,100,100,100,100],"card_choices":[{"not_picked":["Impervious","Limit Break"],"picked":"Feed","floor":0},{"not_picked":["Havoc","Searing Blow"],"picked":"True Grit","floor":1},{"not_picked":["Infernal Blade","Seeing Red"],"picked":"Disarm","floor":4},{"not_picked":["Warcry","Carnage"],"picked":"Thunderclap","floor":5},{"not_picked":["Sword Boomerang","Barricade"],"picked":"Intimidate","floor":7},{"not_picked":["Sword Boomerang","Flex","Heavy Blade"],"picked":"Singing Bowl","floor":11},{"not_picked":["Cleave","Body Slam"],"picked":"Headbutt","floor":13},{"not_picked":["Whirlwind","Offering"],"picked":"Ghostly Armor","floor":14},{"not_picked":["Immolate","Juggernaut"],"picked":"Double Tap","floor":16},{"not_picked":["Twin Strike","Seeing Red"],"picked":"Iron Wave+1","floor":18},{"not_picked":["Wild Strike","Sword Boomerang"],"picked":"Exhume","floor":19},{"not_picked":["Whirlwind","Pommel Strike"],"picked":"Searing Blow+1","floor":21},{"not_picked":["Evolve+1","Brutality"],"picked":"Heavy Blade","floor":24}],"player_experience":416942,"relics_obtained":[{"floor":7,"key":"Happy Flower"},{"floor":9,"key":"Singing Bowl"},{"floor":14,"key":"Shuriken"},{"floor":24,"key":"Orichalcum"},{"floor":26,"key":"Bottled Tornado"}],"event_choices":[{"damage_healed":0,"gold_gain":0,"player_choice":"Leave","damage_taken":0,"max_hp_gain":0,"max_hp_loss":0,"event_name":"The Cleric","floor":3,"gold_loss":0},{"damage_healed":0,"gold_gain":0,"player_choice":"Entered Light","damage_taken":18,"max_hp_gain":0,"max_hp_loss":0,"event_name":"Shining Light","floor":12,"gold_loss":0,"cards_upgraded":["Strike_R","Strike_R"]},{"cards_removed":["Strike_R"],"damage_healed":0,"gold_gain":0,"player_choice":"Gave Gold","damage_taken":0,"max_hp_gain":0,"max_hp_loss":0,"event_name":"Beggar","floor":20,"gold_loss":75},{"damage_healed":0,"gold_gain":0,"player_choice":"Ignored","damage_taken":0,"max_hp_gain":0,"max_hp_loss":0,"event_name":"Cursed Tome","floor":25,"gold_loss":0}],"is_beta":false,"boss_relics":[{"not_picked":["Eternal Feather","Pandora\u0027s Box"],"picked":"Snecko Eye"}],"items_purged_floors":[2],"is_endless":false,"potions_floor_spawned":[4,7,13,16,18],"killed_by":"Sentry and Sphere","ascension_level":10}