{"gold_per_floor":[115,133,133,83,158,158,183,66,66,66,82,126,126,144,144,263,263,286,307,108,132,152,185,185,201,201,217,132,1,45,45,45,145,145,163,163,163,94,112,142,142,153,199,0,31,50,64,64,64,64],"floor_reached":51,"playtime":5797,"items_purged":[],"score":967,"play_id":"aa0cdc8b-016d-4270-a5d6-85f9d9250ff8","local_time":"20190712195136","is_ascension_mode":true,"campfire_choices":[{"data":"Body Slam","floor":6,"key":"SMITH"},{"data":"Pommel Strike","floor":10,"key":"SMITH"},{"data":"Feel No Pain","floor":13,"key":"SMITH"},{"data":"Bash","floor":15,"key":"SMITH"},{"data":"Corruption","floor":24,"key":"SMITH"},{"data":"Dark Embrace","floor":32,"key":"SMITH"},{"data":"Whirlwind","floor":41,"key":"SMITH"},{"data":"Feel No Pain","floor":49,"key":"SMITH"}],"neow_cost":"NONE","seed_source_timestamp":126951732752576,"circlet_count":0,"master_deck":["Bash+1","Body Slam+1","Feel No Pain+1","Sentinel","Bandage Up","Pommel Strike+1","Infernal Blade","Shockwave+1","Armaments+1","Dark Embrace+1","Shockwave+1","Immolate","Spot Weakness+1","Fiend Fire","Exhume+1","Body Slam","Flame Barrier+1","Shrug It Off+1","Burning Pact+1","Corruption+1","Intimidate+1","Whirlwind+1","Burning Pact+1","Armaments+1","True Grit+1","Headbutt+1","Feel No Pain+1","True Grit+1","Seeing Red+1","Limit Break+1","Madness+1","Madness+1","Reckless Charge","Uppercut+1","Entrench+1","Headbutt+1","Shrug It Off+1","Panache"],"relics":["Burning Blood","NeowsBlessing","Bloody Idol","Letter Opener","Toxic Egg 2","Pandora\u0027s Box","Shuriken","Unceasing Top","Kunai","Oddly Smooth Stone","Mark of Pain","Vajra","Blood Vial","Red Mask","Mango"],"potions_floor_usage":[16,27,35,39,40,50,50],"damage_taken":[{"damage":0,"enemies":"2 Louse","floor":1,"turns":1},{"damage":0,"enemies":"Jaw Worm","floor":2,"turns":1},{"damage":0,"enemies":"Small Slimes","floor":7,"turns":1},{"damage":6,"enemies":"Blue Slaver","floor":11,"turns":5},{"damage":19,"enemies":"3 Sentries","floor":12,"turns":9},{"damage":22,"enemies":"Large Slime","floor":14,"turns":7},{"damage":28,"enemies":"The Guardian","floor":16,"turns":14},{"damage":24,"enemies":"2 Thieves","floor":18,"turns":4},{"damage":0,"enemies":"3 Byrds","floor":19,"turns":2},{"damage":8,"enemies":"Cultist and Chosen","floor":21,"turns":7},{"damage":13,"enemies":"Snecko","floor":22,"turns":5},{"damage":43,"enemies":"Book of Stabbing","floor":23,"turns":6},{"damage":0,"enemies":"Chosen and Byrds","floor":25,"turns":8},{"damage":5,"enemies":"3 Cultists","floor":27,"turns":3},{"damage":2,"enemies":"Gremlin Leader","floor":30,"turns":5},{"damage":0,"enemies":"Champ","floor":33,"turns":3},{"damage":20,"enemies":"Orb Walker","floor":35,"turns":3},{"damage":6,"enemies":"3 Shapes","floor":39,"turns":3},{"damage":24,"enemies":"Reptomancer","floor":40,"turns":4},{"damage":8,"enemies":"Transient","floor":42,"turns":5},{"damage":33,"enemies":"Nemesis","floor":45,"turns":5},{"damage":2,"enemies":"4 Shapes","floor":46,"turns":2},{"damage":0,"enemies":"Jaw Worm Horde","floor":47,"turns":2},{"damage":20,"enemies":"Donu and Deca","floor":50,"turns":5}],"seed_played":"-3636681062792943128","potions_obtained":[{"floor":1,"key":"SpeedPotion"},{"floor":12,"key":"FairyPotion"},{"floor":14,"key":"BloodPotion"},{"floor":16,"key":"FairyPotion"},{"floor":19,"key":"Weak Potion"},{"floor":21,"key":"SpeedPotion"},{"floor":23,"key":"EssenceOfSteel"},{"floor":33,"key":"PowerPotion"},{"floor":35,"key":"SkillPotion"},{"floor":39,"key":"Fruit Juice"},{"floor":45,"key":"Strength Potion"},{"floor":46,"key":"Explosive Potion"}],"is_trial":false,"path_per_floor":["M","M","?","?","?","R","M","$","T","R","M","E","R","M","R","B",null,"M","M","$","M","M","E","R","M","T","M","?","$","E","?","R","B",null,"M","?","?","$","M","E","R","M","T","?","E","M","M","?","R","B",null],"character_chosen":"IRONCLAD","items_purchased":["Bandage Up","Pommel Strike","Corruption","Intimidate+1","Iron Wave","Feel No Pain","True Grit+1","Reckless Charge"],"campfire_rested":0,"item_purchase_floors":[8,8,20,20,20,29,29,38],"current_hp_per_floor":[80,80,60,60,49,49,55,55,55,55,59,50,50,38,38,20,80,62,76,76,80,80,51,51,65,65,74,74,74,80,80,80,80,80,75,75,65,65,75,66,66,69,74,74,77,92,99,99,99,89],"gold":64,"neow_bonus":"THREE_ENEMY_KILL","is_prod":false,"is_daily":false,"chose_seed":false,"campfire_upgraded":8,"win_rate":0,"timestamp":1562975496,"path_taken":["M","M","?","?","?","R","?","$","T","R","M","E","R","M","R","BOSS","M","M","$","M","M","E","R","M","T","M","?","$","E","?","R","BOSS","M","?","?","$","M","E","R","M","T","?","E","M","M","?","R","BOSS"],"build_version":"2019-07-05","purchased_purges":0,"victory":true,"max_hp_per_floor":[80,80,80,80,80,80,80,80,80,80,80,80,80,80,80,80,80,80,80,80,80,80,80,80,80,80,80,80,80,80,80,80,80,80,80,80,80,80,85,85,85,85,85,85,99,99,99,99,99,99],"card_choices":[{"not_picked":["Flame Barrier","Clothesline"],"picked":"Body Slam","floor":1},{"not_picked":["Second Wind","Headbutt"],"picked":"Feel No Pain","floor":2},{"not_picked":["Wild Strike","Headbutt"],"picked":"Sentinel","floor":7},{"not_picked":["Sword Boomerang","Pommel Strike"],"picked":"Infernal Blade","floor":11},{"not_picked":["Fiend Fire","Pommel Strike"],"picked":"Shockwave","floor":12},{"not_picked":["Dropkick","Seeing Red+1"],"picked":"Armaments+1","floor":14},{"not_picked":["Reaper","Immolate"],"picked":"Dark Embrace","floor":16},{"not_picked":["Power Through+1","Anger"],"picked":"Burning Pact+1","floor":18},{"not_picked":["Combust+1","Fire Breathing+1","Anger+1"],"picked":"SKIP","floor":19},{"not_picked":["Warcry+1","Flex+1"],"picked":"Whirlwind","floor":21},{"not_picked":["Anger","Warcry+1"],"picked":"Burning Pact+1","floor":22},{"not_picked":["Searing Blow","Thunderclap"],"picked":"Armaments+1","floor":23},{"not_picked":["Ghostly Armor+1","Cleave"],"picked":"True Grit+1","floor":25},{"not_picked":["Pommel Strike+1","Perfected Strike"],"picked":"Headbutt+1","floor":27},{"not_picked":["Heavy Blade","Intimidate+1"],"picked":"Seeing Red+1","floor":30},{"not_picked":["Double Tap+1","Reaper"],"picked":"Limit Break+1","floor":33},{"not_picked":["Clothesline+1","Second Wind+1","Armaments+1"],"picked":"SKIP","floor":35},{"not_picked":["Battle Trance+1","Fire Breathing","True Grit+1"],"picked":"SKIP","floor":39},{"not_picked":["Blood for Blood","Intimidate+1"],"picked":"Uppercut+1","floor":40},{"not_picked":["Headbutt","Spot Weakness+1"],"picked":"Entrench+1","floor":42},{"not_picked":["Cleave+1","Warcry+1"],"picked":"Headbutt+1","floor":45},{"not_picked":["True Grit+1","Clothesline"],"picked":"Shrug It Off+1","floor":46},{"not_picked":["Flex+1","Anger","Body Slam"],"picked":"SKIP","floor":47},{"not_picked":["Dark Shackles+1","Purity+1"],"picked":"Panache","floor":48}],"player_experience":202647,"relics_obtained":[{"floor":9,"key":"Letter Opener"},{"floor":12,"key":"Toxic Egg 2"},{"floor":23,"key":"Shuriken"},{"floor":26,"key":"Unceasing Top"},{"floor":30,"key":"Oddly Smooth Stone"},{"floor":40,"key":"Vajra"},{"floor":43,"key":"Blood Vial"},{"floor":45,"key":"Mango"}],"event_choices":[{"damage_healed":0,"gold_gain":0,"player_choice":"Take Damage","damage_taken":20,"relics_obtained":["Golden Idol"],"max_hp_gain":0,"max_hp_loss":0,"event_name":"Golden Idol","floor":3,"gold_loss":0},{"cards_removed":["Strike_R"],"damage_healed":0,"gold_gain":0,"player_choice":"Card Removal","damage_taken":0,"max_hp_gain":0,"max_hp_loss":0,"event_name":"The Cleric","floor":4,"gold_loss":50},{"damage_healed":0,"gold_gain":75,"player_choice":"Gather Gold","damage_taken":11,"max_hp_gain":0,"max_hp_loss":0,"event_name":"World of Goop","floor":5,"gold_loss":0},{"damage_healed":0,"gold_gain":0,"player_choice":"Obtained Relic","damage_taken":0,"relics_obtained":["Kunai"],"max_hp_gain":0,"max_hp_loss":0,"event_name":"Addict","floor":28,"gold_loss":85},{"damage_healed":0,"gold_gain":0,"player_choice":"Gave Idol","damage_taken":0,"relics_obtained":["Bloody Idol"],"max_hp_gain":0,"max_hp_loss":0,"event_name":"Forgotten Altar","floor":31,"relics_lost":["Golden Idol"],"gold_loss":0},{"cards_removed":["Iron Wave"],"damage_healed":0,"gold_gain":0,"player_choice":"Removed Attack","damage_taken":0,"max_hp_gain":0,"max_hp_loss":0,"event_name":"Falling","floor":36,"gold_loss":0},{"damage_healed":0,"gold_gain":0,"player_choice":"Embrace Madness","damage_taken":10,"max_hp_gain":0,"max_hp_loss":0,"event_name":"Winding Halls","floor":37,"gold_loss":0,"cards_obtained":["Madness","Madness"]},{"damage_healed":0,"gold_gain":0,"player_choice":"Paid","damage_taken":0,"relics_obtained":["Red Mask"],"max_hp_gain":0,"max_hp_loss":0,"event_name":"Tomb of Lord Red Mask","floor":44,"gold_loss":199},{"damage_healed":0,"gold_gain":0,"player_choice":"Memory 1","damage_taken":0,"max_hp_gain":0,"max_hp_loss":0,"event_name":"SensoryStone","floor":48,"gold_loss":0}],"is_beta":false,"boss_relics":[{"not_picked":["Fusion Hammer","Runic Cube"],"picked":"Pandora\u0027s Box"},{"not_picked":["Astrolabe","Runic Pyramid"],"picked":"Mark of Pain"}],"items_purged_floors":[],"is_endless":false,"potions_floor_spawned":[1,12,14,16,19,21,23,25,33,35,39,45,46],"ascension_level":3}