{"gold_per_floor":[109,109,109,89,112,155,178,193,193,193,11,32,32,55,55,175,175,199,24,24,45,64,83,116,116],"floor_reached":25,"playtime":1932,"items_purged":["Defend_B"],"score":225,"play_id":"1b205105-0684-46fb-82f5-ecc289a52ac8","local_time":"20190826172959","is_ascension_mode":false,"campfire_choices":[{"floor":10.0,"key":"REST"},{"data":"Dualcast","floor":13.0,"key":"SMITH"},{"floor":15.0,"key":"REST"}],"neow_cost":"NONE","seed_source_timestamp":0,"circlet_count":0,"master_deck":["Strike_B","Strike_B","Strike_B+1","Defend_B+1","Defend_B+1","Defend_B","Zap+1","Dualcast+1","Coolheaded","BootSequence+1","Electrodynamics","Cold Snap","Stack","Leap","Coolheaded","Streamline","Creative AI","Capacitor","Stack","Conserve Battery","Loop","Reinforced Body","Loop","Auto Shields+1"],"special_seed":0,"relics":["Cracked Core","Golden Idol","Darkstone Periapt","Letter Opener","Lantern","Runic Pyramid","War Paint"],"potions_floor_usage":[23,24],"damage_taken":[{"damage":1.0,"enemies":"Jaw Worm","floor":1.0,"turns":3.0},{"damage":0.0,"enemies":"Small Slimes","floor":5.0,"turns":3.0},{"damage":18.0,"enemies":"Gremlin Nob","floor":6.0,"turns":4.0},{"damage":1.0,"enemies":"Cultist","floor":7.0,"turns":3.0},{"damage":8.0,"enemies":"Large Slime","floor":8.0,"turns":4.0},{"damage":0.0,"enemies":"Lots of Slimes","floor":12.0,"turns":2.0},{"damage":6.0,"enemies":"Gremlin Gang","floor":14.0,"turns":3.0},{"damage":2.0,"enemies":"The Guardian","floor":16.0,"turns":13.0},{"damage":0,"enemies":"Chosen","floor":18,"turns":6},{"damage":0,"enemies":"3 Byrds","floor":21,"turns":3},{"damage":0,"enemies":"Centurion and Healer","floor":22,"turns":9},{"damage":0,"enemies":"Cultist and Chosen","floor":23,"turns":9},{"damage":25,"enemies":"Book of Stabbing","floor":24,"turns":8},{"damage":60,"enemies":"3 Cultists","floor":25,"turns":7}],"seed_played":"4419788109112523244","potions_obtained":[{"floor":1.0,"key":"AttackPotion"},{"floor":4.0,"key":"PowerPotion"},{"floor":6.0,"key":"Block Potion"},{"floor":14.0,"key":"Energy Potion"},{"floor":22,"key":"Poison Potion"}],"is_trial":false,"path_per_floor":["M","?","?","?","M","E","M","M","T","R","$","M","R","M","R","B",null,"M","$","?","M","M","M","E","M"],"character_chosen":"DEFECT","items_purchased":["Lantern","Leap","Stack","Conserve Battery"],"campfire_rested":2,"item_purchase_floors":[11,11,19,19],"current_hp_per_floor":[74,56,41,41,41,23,22,14,14,36,36,36,36,30,52,50,75,75,75,75,75,75,75,50,0],"gold":116,"neow_bonus":"UPGRADE_CARD","is_prod":false,"is_daily":false,"chose_seed":false,"campfire_upgraded":1,"win_rate":0,"timestamp":1566854999,"path_taken":["M","?","?","?","?","E","M","M","T","R","$","M","R","M","R","BOSS","M","$","?","?","M","M","E","M"],"build_version":"2019-07-17","purchased_purges":1,"victory":false,"max_hp_per_floor":[75,75,75,75,75,75,75,75,75,75,75,75,75,75,75,75,75,75,75,75,75,75,75,75,75],"card_choices":[{"not_picked":["Force Field","Ball Lightning"],"picked":"Coolheaded","floor":1.0},{"not_picked":["Sweeping Beam","Steam"],"picked":"BootSequence","floor":5.0},{"not_picked":["Fusion","Cold Snap"],"picked":"Electrodynamics","floor":6.0},{"not_picked":["Redo","Rip and Tear"],"picked":"Cold Snap","floor":7.0},{"not_picked":["Go for the Eyes","Streamline"],"picked":"Stack","floor":8.0},{"not_picked":["Melter","Gash"],"picked":"Coolheaded","floor":12.0},{"not_picked":["Leap","Turbo"],"picked":"Streamline","floor":14.0},{"not_picked":["Thunder Strike","Fission"],"picked":"Creative AI","floor":16.0},{"not_picked":["Turbo","Steam+1"],"picked":"Capacitor","floor":18},{"not_picked":["Coolheaded","Barrage"],"picked":"Loop","floor":21},{"not_picked":["Compile Driver","Steam Power"],"picked":"Reinforced Body","floor":22},{"not_picked":["Tempest","Lockon"],"picked":"Loop","floor":23},{"not_picked":["Tempest","Hologram"],"picked":"Auto Shields+1","floor":24}],"player_experience":108547,"relics_obtained":[{"floor":6.0,"key":"Darkstone Periapt"},{"floor":9.0,"key":"Letter Opener"},{"floor":24,"key":"War Paint"}],"event_choices":[{"damage_healed":0.0,"max_hp_gain":0.0,"max_hp_loss":0.0,"gold_gain":0.0,"event_name":"Golden Idol","player_choice":"Take Damage","floor":2.0,"gold_loss":0.0,"damage_taken":18.0,"relics_obtained":["Golden Idol"]},{"damage_healed":0.0,"max_hp_gain":0.0,"max_hp_loss":0.0,"gold_gain":0.0,"event_name":"Shining Light","player_choice":"Entered Light","floor":3.0,"gold_loss":0.0,"damage_taken":15.0,"cards_upgraded":["Defend_B","Strike_B"]},{"damage_healed":0.0,"max_hp_gain":0.0,"max_hp_loss":0.0,"gold_gain":0.0,"event_name":"The Woman in Blue","player_choice":"Bought 1 Potion","floor":4.0,"gold_loss":0.0,"damage_taken":0.0},{"cards_removed":["Strike_B"],"damage_healed":0,"gold_gain":0,"player_choice":"Offered Basic","damage_taken":0,"max_hp_gain":0,"max_hp_loss":0,"event_name":"Bonfire Elementals","floor":20,"gold_loss":0}],"is_beta":false,"boss_relics":[{"not_picked":["Sozu","Snecko Eye"],"picked":"Runic Pyramid"}],"items_purged_floors":[19],"is_endless":false,"potions_floor_spawned":[1,6,14,22],"killed_by":"3 Cultists","ascension_level":0}