{"gold_per_floor":[110,128,148,50,0,0,30,49,72,72,102,102,143,13,13,141,141,66,66,66,66,66,66,66,66,66,66,66,66,27,27,27,27,27,27,27,27,27,27,27,27,27,27,27,27,27,27,27,27,27,27,27,27,27,27],"floor_reached":55,"playtime":8647,"items_purged":[],"score":747,"play_id":"55d1f94a-0b71-4ea8-b7c6-67acb5fedab5","local_time":"20190829152619","is_ascension_mode":false,"campfire_choices":[{"data":"Zap","floor":6,"key":"SMITH"},{"data":"Mind Blast","floor":15,"key":"SMITH"},{"data":"Echo Form","floor":29,"key":"SMITH"},{"floor":32,"key":"REST"},{"floor":44,"key":"RECALL"},{"data":"Stack","floor":49,"key":"SMITH"},{"data":"Stack","floor":52,"key":"SMITH"}],"neow_cost":"NONE","seed_source_timestamp":69523326953369,"circlet_count":0,"master_deck":["Strike_B","Strike_B","Strike_B","Strike_B","Defend_B","Defend_B","Defend_B","Zap+1","Dualcast","Glacier","FTL","BootSequence","Self Repair","Turbo","Capacitor","Rebound","Echo Form+1","Mind Blast+1","Stack+1","Amplify","Barrage","Blizzard+1","Defragment","Leap","Glacier+1","Turbo+1","Recycle+1","Streamline+1","Reprogram","Stack+1","All For One","Defragment","Go for the Eyes","Defragment+1","Go for the Eyes+1","Blizzard+1","Fusion+1","Rebound+1","Beam Cell+1","Leap"],"relics":["Cracked Core","Pen Nib","Tiny Chest","Orichalcum","Blood Vial","Golden Idol","Regal Pillow","Ectoplasm","Mummified Hand","Juzu Bracelet","PreservedInsect","Bronze Scales","White Beast Statue","Bird Faced Urn","Bag of Marbles","Calipers","StoneCalendar","Centennial Puzzle"],"potions_floor_usage":[11,16,16,20,21,31,31,37,40,40,41,42,50,50,55,55],"damage_taken":[{"damage":0,"enemies":"Small Slimes","floor":1,"turns":3},{"damage":0,"enemies":"Cultist","floor":2,"turns":4},{"damage":0,"enemies":"Jaw Worm","floor":3,"turns":4},{"damage":0,"enemies":"Looter","floor":8,"turns":3},{"damage":13,"enemies":"Gremlin Nob","floor":11,"turns":5},{"damage":5,"enemies":"Lagavulin","floor":13,"turns":9},{"damage":21,"enemies":"Hexaghost","floor":16,"turns":10},{"damage":11,"enemies":"2 Thieves","floor":18,"turns":4},{"damage":30,"enemies":"3 Byrds","floor":20,"turns":6},{"damage":4,"enemies":"Centurion and Healer","floor":21,"turns":6},{"damage":45,"enemies":"3 Cultists","floor":22,"turns":7},{"damage":27,"enemies":"Slavers","floor":23,"turns":11},{"damage":7,"enemies":"Sentry and Sphere","floor":24,"turns":7},{"damage":0,"enemies":"Shelled Parasite and Fungi","floor":25,"turns":6},{"damage":0,"enemies":"Chosen and Byrds","floor":28,"turns":8},{"damage":23,"enemies":"Gremlin Leader","floor":31,"turns":6},{"damage":45,"enemies":"Collector","floor":33,"turns":13},{"damage":0,"enemies":"3 Shapes","floor":35,"turns":5},{"damage":8,"enemies":"Orb Walker","floor":36,"turns":3},{"damage":0,"enemies":"Mind Bloom Boss Battle","floor":37,"turns":9},{"damage":11,"enemies":"Sphere and 2 Shapes","floor":39,"turns":5},{"damage":19,"enemies":"Nemesis","floor":40,"turns":7},{"damage":26,"enemies":"2 Orb Walkers","floor":41,"turns":6},{"damage":31,"enemies":"Transient","floor":42,"turns":5},{"damage":7,"enemies":"3 Darklings","floor":46,"turns":7},{"damage":61,"enemies":"Donu and Deca","floor":50,"turns":11},{"damage":70,"enemies":"Shield and Spear","floor":54,"turns":8},{"damage":64,"enemies":"The Heart","floor":55,"turns":3}],"seed_played":"5341383210150625129","potions_obtained":[{"floor":1,"key":"Strength Potion"},{"floor":2,"key":"Poison Potion"},{"floor":3,"key":"Energy Potion"},{"floor":13,"key":"PowerPotion"},{"floor":18,"key":"Dexterity Potion"},{"floor":20,"key":"Regen Potion"},{"floor":24,"key":"FearPotion"},{"floor":25,"key":"SmokeBomb"},{"floor":28,"key":"Dexterity Potion"},{"floor":35,"key":"Strength Potion"},{"floor":36,"key":"Explosive Potion"},{"floor":37,"key":"Swift Potion"},{"floor":39,"key":"FocusPotion"},{"floor":40,"key":"LiquidBronze"},{"floor":41,"key":"Explosive Potion"},{"floor":42,"key":"Explosive Potion"},{"floor":46,"key":"SteroidPotion"},{"floor":54,"key":"Fire Potion"}],"is_trial":false,"path_per_floor":["M","M","M","$","?","R","?","M","T","T","E","?","E","$","R","B",null,"M","?","M","M","M","E","M","M","T","T","M","R","$","E","R","B",null,"M","M","?","$","M","E","?","M","T","R","$","M","?","$","R","B",null,"R","$","E","B"],"character_chosen":"DEFECT","items_purchased":["Self Repair","Turbo","Mind Blast","Stack","Reprogram"],"campfire_rested":1,"item_purchase_floors":[4,4,14,14,30],"current_hp_per_floor":[75,75,75,75,75,75,75,75,75,75,69,51,55,55,55,36,75,75,68,47,67,31,20,22,31,31,31,40,40,40,26,63,20,75,75,74,75,75,75,71,57,54,54,54,54,75,75,75,75,42,75,75,75,33,0],"gold":27,"neow_bonus":"RANDOM_COMMON_RELIC","is_prod":false,"is_daily":false,"chose_seed":false,"campfire_upgraded":5,"win_rate":0,"timestamp":1567106779,"path_taken":["M","M","M","$","?","R","?","?","T","?","E","?","E","$","R","BOSS","M","?","M","?","M","E","M","M","T","?","M","R","$","E","R","BOSS","M","M","?","$","M","E","?","M","T","R","$","M","?","$","R","BOSS","R","$","E","BOSS"],"build_version":"2019-07-17","purchased_purges":0,"victory":false,"max_hp_per_floor":[75,75,75,75,75,75,75,75,75,75,75,75,75,75,75,75,75,75,75,75,75,75,75,75,75,75,75,75,75,75,75,75,75,75,75,75,75,75,75,75,75,75,75,75,75,75,75,75,75,75,75,75,75,75,75],"card_choices":[{"not_picked":["Melter","Tempest"],"picked":"Glacier","floor":1},{"not_picked":["Heatsinks","Streamline"],"picked":"FTL","floor":2},{"not_picked":["Sweeping Beam","Chaos"],"picked":"BootSequence","floor":3},{"not_picked":["Ball Lightning","Sweeping Beam"],"picked":"Capacitor","floor":8},{"not_picked":["FTL","Rip and Tear"],"picked":"Rebound","floor":11},{"not_picked":["Recycle","Conserve Battery"],"picked":"Echo Form","floor":13},{"not_picked":["Multi-Cast","Electrodynamics"],"picked":"Amplify","floor":16},{"not_picked":["Chaos","Blizzard"],"picked":"Barrage","floor":18},{"not_picked":["Leap","Static Discharge"],"picked":"Blizzard+1","floor":20},{"not_picked":["Fusion+1","Redo+1"],"picked":"Defragment","floor":21},{"not_picked":["Compile Driver","Rebound"],"picked":"Leap","floor":22},{"not_picked":["Genetic Algorithm","Barrage"],"picked":"Glacier+1","floor":23},{"not_picked":["Chill","Redo"],"picked":"Turbo+1","floor":24},{"not_picked":["Beam Cell","Leap+1"],"picked":"Recycle+1","floor":25},{"not_picked":["Glacier+1","Hologram"],"picked":"Streamline+1","floor":28},{"not_picked":["Rainbow","Glacier"],"picked":"Stack","floor":31},{"not_picked":["Thunder Strike","Seek"],"picked":"All For One","floor":33},{"not_picked":["Rebound","Stack+1"],"picked":"Defragment","floor":35},{"not_picked":["Hologram","Cold Snap"],"picked":"Go for the Eyes","floor":36},{"not_picked":["Conserve Battery","Aggregate"],"picked":"Defragment+1","floor":37},{"not_picked":["Amplify","Scrape+1"],"picked":"Go for the Eyes+1","floor":39},{"not_picked":["Cold Snap","Scrape"],"picked":"Blizzard+1","floor":40},{"not_picked":["Streamline+1","Darkness+1"],"picked":"Fusion+1","floor":41},{"not_picked":["Turbo","Barrage"],"picked":"Rebound+1","floor":42},{"not_picked":["Lockon+1","Self Repair"],"picked":"Beam Cell+1","floor":46},{"not_picked":["Beam Cell","Darkness"],"picked":"Leap","floor":54}],"player_experience":140006,"relics_obtained":[{"floor":10,"key":"Orichalcum"},{"floor":11,"key":"Blood Vial"},{"floor":13,"key":"Regal Pillow"},{"floor":23,"key":"Mummified Hand"},{"floor":26,"key":"Juzu Bracelet"},{"floor":27,"key":"PreservedInsect"},{"floor":31,"key":"Bronze Scales"},{"floor":37,"key":"Bird Faced Urn"},{"floor":40,"key":"Bag of Marbles"},{"floor":41,"key":"Calipers"},{"floor":43,"key":"StoneCalendar"},{"floor":54,"key":"Centennial Puzzle"}],"event_choices":[{"cards_removed":["Defend_B"],"damage_healed":0,"gold_gain":0,"player_choice":"Card Removal","damage_taken":0,"max_hp_gain":0,"max_hp_loss":0,"event_name":"The Cleric","floor":5,"gold_loss":50},{"damage_healed":0,"gold_gain":0,"player_choice":"Gave Potion","damage_taken":0,"relics_obtained":["Tiny Chest"],"max_hp_gain":0,"max_hp_loss":0,"event_name":"WeMeetAgain","floor":7,"gold_loss":0},{"damage_healed":0,"gold_gain":0,"player_choice":"Take Damage","damage_taken":18,"relics_obtained":["Golden Idol"],"max_hp_gain":0,"max_hp_loss":0,"event_name":"Golden Idol","floor":12,"gold_loss":0},{"damage_healed":0,"gold_gain":0,"player_choice":"Damaged","damage_taken":7,"max_hp_gain":0,"max_hp_loss":0,"event_name":"Wheel of Change","floor":19,"gold_loss":0},{"damage_healed":0,"gold_gain":0,"player_choice":"Fight","damage_taken":0,"max_hp_gain":0,"max_hp_loss":0,"event_name":"MindBloom","floor":37,"gold_loss":0},{"damage_healed":0,"gold_gain":0,"player_choice":"Fight","damage_taken":0,"max_hp_gain":0,"max_hp_loss":0,"event_name":"Mysterious Sphere","floor":41,"gold_loss":0},{"damage_healed":0,"gold_gain":0,"player_choice":"Leave","damage_taken":0,"max_hp_gain":0,"max_hp_loss":0,"event_name":"FaceTrader","floor":47,"gold_loss":0}],"is_beta":false,"boss_relics":[{"not_picked":["Runic Dome","Tiny House"],"picked":"Ectoplasm"},{"not_picked":["Snecko Eye","Empty Cage"],"picked":"White Beast Statue"}],"items_purged_floors":[],"is_endless":false,"potions_floor_spawned":[1,2,3,13,18,20,24,25,28,35,36,37,39,40,41,42,46,54],"killed_by":"The Heart","ascension_level":0}