{"gold_per_floor":[117,117,77,91,266,266,277,46,46,63,63,63,63,76,76,176,176,189,61,61,61],"floor_reached":21,"playtime":1159,"items_purged":["Doubt"],"score":200,"play_id":"6f117494-6d15-4556-8459-2231d7912cd2","local_time":"20180920104326","is_ascension_mode":true,"campfire_choices":[{"data":"Clothesline","floor":6,"key":"SMITH"},{"data":"Reaper","floor":12,"key":"SMITH"},{"data":"Uppercut","floor":15,"key":"SMITH"}],"neow_cost":"NONE","seed_source_timestamp":654357812360456,"circlet_count":0,"master_deck":["Strike_R","Strike_R","Strike_R","Strike_R","Defend_R","Defend_R","Defend_R","Defend_R","Bash","Clothesline+1","Battle Trance","Reaper+1","Shockwave+1","Uppercut+1","Reaper","True Grit","Discovery"],"relics":["Burning Blood","Paper Frog","Eternal Feather","MutagenicStrength"],"potions_floor_usage":[],"damage_taken":[{"damage":2,"enemies":"2 Louse","floor":1,"turns":3},{"damage":0,"enemies":"Cultist","floor":4,"turns":4},{"damage":5,"enemies":"Small Slimes","floor":7,"turns":4},{"damage":24,"enemies":"3 Louse","floor":10,"turns":4},{"damage":7,"enemies":"Exordium Thugs","floor":14,"turns":4},{"damage":62,"enemies":"The Guardian","floor":16,"turns":13},{"damage":88,"enemies":"Spheric Guardian","floor":18,"turns":10},{"damage":45,"enemies":"Chosen","floor":21,"turns":6}],"seed_played":"1895185611738676142","potions_obtained":[{"floor":3,"key":"FairyPotion"},{"floor":3,"key":"PowerPotion"},{"floor":3,"key":"Poison Potion"},{"floor":16,"key":"Explosive Potion"}],"is_trial":false,"path_per_floor":["M","?","?","M","?","R","M","$","T","M","?","R","?","M","R","B",null,"M","$","?"],"character_chosen":"IRONCLAD","items_purchased":["Reaper","Shockwave","True Grit","Discovery"],"campfire_rested":0,"item_purchase_floors":[8,8,19,19],"current_hp_per_floor":[88,81,81,87,87,87,88,88,88,70,75,75,75,84,84,28,93,11,11,11,0],"gold":61,"neow_bonus":"TEN_PERCENT_HP_BONUS","is_prod":false,"is_daily":false,"chose_seed":false,"campfire_upgraded":3,"win_rate":0,"timestamp":1537458206,"path_taken":["M","?","?","M","?","R","M","$","T","M","?","R","?","M","R","BOSS","M","$","?","M"],"build_version":"2018-09-06","purchased_purges":1,"victory":false,"max_hp_per_floor":[88,88,88,88,88,88,88,88,88,88,93,93,93,93,93,93,93,93,93,93,93],"card_choices":[{"not_picked":["Heavy Blade","Iron Wave"],"picked":"Clothesline","floor":1},{"not_picked":["Feel No Pain","Cleave","Sentinel"],"picked":"SKIP","floor":4},{"not_picked":["Clash","Rampage"],"picked":"Battle Trance","floor":7},{"not_picked":["Anger","Intimidate","Clothesline"],"picked":"SKIP","floor":10},{"not_picked":["Carnage","Body Slam"],"picked":"Uppercut","floor":14},{"not_picked":["Feed","Impervious"],"picked":"Reaper","floor":16},{"not_picked":["Intimidate","Rampage","Infernal Blade"],"picked":"SKIP","floor":18}],"player_experience":182045,"relics_obtained":[{"floor":9,"key":"Paper Frog"}],"event_choices":[{"event_name":"Golden Wing","player_choice":"Card Removal","floor":2,"damage_taken":0},{"event_name":"The Woman in Blue","player_choice":"Bought 3 Potions","floor":3,"damage_taken":0},{"event_name":"Liars Game","player_choice":"agreed","floor":5,"damage_taken":0},{"event_name":"Big Fish","player_choice":"Donut","floor":11,"damage_taken":0},{"event_name":"Living Wall","player_choice":"Grow","floor":13,"damage_taken":0},{"event_name":"Drug Dealer","player_choice":"Inject Mutagens","floor":20,"damage_taken":0}],"is_beta":false,"boss_relics":[{"not_picked":["Runic Cube","Mark of Pain"],"picked":"Eternal Feather"}],"items_purged_floors":[8],"is_endless":false,"potions_floor_spawned":[4,7,16],"killed_by":"Chosen","ascension_level":4}