{"gold_per_floor":[109,125,51,68,88,88,107,107,133,148,163,197,209,206],"floor_reached":14,"playtime":1238,"items_purged":[],"score":94,"play_id":"b18bc17e-5efe-4470-af26-58454e9406a0","local_time":"20190627192609","is_ascension_mode":false,"campfire_choices":[{"data":"Reinforced Body","floor":6,"key":"SMITH"},{"data":"Chaos","floor":8,"key":"SMITH"},{"data":"Echo Form","floor":13,"key":"SMITH"}],"neow_cost":"NONE","seed_source_timestamp":1987873551147666,"circlet_count":0,"master_deck":["Strike_B","Strike_B","Strike_B","Strike_B","Defend_B","Defend_B","Defend_B","Defend_B","Zap","Dualcast","Go for the Eyes","Loop","Melter","Capacitor","Chaos+1","Reinforced Body+1","Echo Form+1","Defragment"],"relics":["Cracked Core","Potion Belt","MawBank"],"potions_floor_usage":[12],"damage_taken":[{"damage":0,"enemies":"2 Louse","floor":1,"turns":3},{"damage":2,"enemies":"Small Slimes","floor":2,"turns":3},{"damage":6,"enemies":"Jaw Worm","floor":4,"turns":3},{"damage":15,"enemies":"Exordium Wildlife","floor":5,"turns":4},{"damage":5,"enemies":"Blue Slaver","floor":7,"turns":4},{"damage":4,"enemies":"3 Louse","floor":10,"turns":4},{"damage":0,"enemies":"Looter","floor":11,"turns":3},{"damage":32,"enemies":"Gremlin Nob","floor":12,"turns":5},{"damage":20,"enemies":"Exordium Thugs","floor":14,"turns":1}],"seed_played":"6893226235051696679","potions_obtained":[{"floor":1,"key":"Block Potion"},{"floor":2,"key":"Strength Potion"},{"floor":5,"key":"Swift Potion"}],"is_trial":false,"path_per_floor":["M","M","$","M","M","R","M","R","T","M","M","E","R","M"],"character_chosen":"DEFECT","items_purchased":["Capacitor"],"campfire_rested":0,"item_purchase_floors":[3],"current_hp_per_floor":[75,73,73,67,52,52,47,47,47,43,43,11,11,0],"gold":206,"neow_bonus":"THREE_CARDS","is_prod":false,"is_daily":false,"chose_seed":false,"campfire_upgraded":3,"win_rate":0.0,"timestamp":1561631169,"path_taken":["M","M","$","M","M","R","M","R","T","M","M","E","R","M"],"build_version":"2019-01-23","purchased_purges":0,"victory":false,"max_hp_per_floor":[75,75,75,75,75,75,75,75,75,75,75,75,75,75],"card_choices":[{"not_picked":["Ball Lightning","Compile Driver"],"picked":"Go for the Eyes","floor":0},{"not_picked":["Steam","Go for the Eyes"],"picked":"Loop","floor":1},{"not_picked":["Double Energy","Ball Lightning"],"picked":"Melter","floor":2},{"not_picked":["Heatsinks","Stack"],"picked":"Chaos","floor":4},{"not_picked":["Conserve Battery","Redo"],"picked":"Reinforced Body","floor":5},{"not_picked":["Barrage","Stack"],"picked":"Echo Form","floor":7},{"not_picked":["Stack","Beam Cell","Gash"],"picked":"SKIP","floor":10},{"not_picked":["Turbo","Static Discharge"],"picked":"Defragment","floor":11},{"not_picked":["Multi-Cast","Leap","Sweeping Beam"],"picked":"SKIP","floor":12}],"player_experience":71030,"relics_obtained":[{"floor":9,"key":"Potion Belt"},{"floor":12,"key":"MawBank"}],"event_choices":[],"is_beta":false,"boss_relics":[],"items_purged_floors":[],"is_endless":false,"potions_floor_spawned":[1,2,5,7],"killed_by":"Exordium Thugs","ascension_level":0}