{"gold_per_floor":[118,118,35,35,35,59,59,84,84,99,99],"floor_reached":11,"playtime":348,"items_purged":[],"score":126,"play_id":"774b0c59-086b-45e7-8b10-d662e1e6c848","local_time":"20190823010833","is_ascension_mode":true,"campfire_choices":[{"data":"Zap","floor":7,"key":"SMITH"}],"neow_cost":"NONE","seed_source_timestamp":1851323759910757,"circlet_count":0,"master_deck":["AscendersBane","Strike_B","Strike_B","Strike_B","Defend_B","Defend_B","Defend_B","Defend_B","Zap+1","Dualcast","Reinforced Body","Defragment","Ball Lightning","Coolheaded"],"relics":["Cracked Core","Golden Idol","Smiling Mask"],"potions_floor_usage":[11],"damage_taken":[{"damage":2,"enemies":"2 Louse","floor":1,"turns":2},{"damage":0,"enemies":"Small Slimes","floor":6,"turns":4},{"damage":12,"enemies":"Jaw Worm","floor":8,"turns":3},{"damage":10,"enemies":"3 Louse","floor":10,"turns":3},{"damage":28,"enemies":"3 Sentries","floor":11,"turns":4}],"seed_played":"6393166064715923016","potions_obtained":[{"floor":1,"key":"Swift Potion"},{"floor":6,"key":"Dexterity Potion"}],"is_trial":false,"path_per_floor":["M","?","$","?","?","M","R","M","T","M","E"],"character_chosen":"DEFECT","items_purchased":["Defragment"],"campfire_rested":0,"item_purchase_floors":[3],"current_hp_per_floor":[69,74,74,74,45,45,45,33,33,23,0],"gold":99,"neow_bonus":"TEN_PERCENT_HP_BONUS","is_prod":false,"is_daily":false,"chose_seed":false,"campfire_upgraded":1,"win_rate":0,"timestamp":1566490113,"path_taken":["M","?","$","?","?","M","R","M","T","M","E"],"build_version":"2019-07-17","purchased_purges":0,"victory":false,"max_hp_per_floor":[78,83,83,83,83,83,83,83,83,83,83],"card_choices":[{"not_picked":["Hello World","Rebound"],"picked":"Reinforced Body","floor":1},{"not_picked":["Hologram","Double Energy"],"picked":"Ball Lightning","floor":6},{"not_picked":["BootSequence","Sweeping Beam"],"picked":"Coolheaded","floor":8},{"not_picked":["Hello World","Sweeping Beam","Sunder"],"picked":"SKIP","floor":10}],"player_experience":553902,"relics_obtained":[{"floor":9,"key":"Smiling Mask"}],"event_choices":[{"damage_healed":0,"gold_gain":0,"player_choice":"Donut","damage_taken":0,"max_hp_gain":5,"max_hp_loss":0,"event_name":"Big Fish","floor":2,"gold_loss":0},{"cards_removed":["Strike_B"],"damage_healed":0,"gold_gain":0,"player_choice":"Forget","damage_taken":0,"max_hp_gain":0,"max_hp_loss":0,"event_name":"Living Wall","floor":4,"gold_loss":0},{"damage_healed":0,"gold_gain":0,"player_choice":"Take Damage","damage_taken":29,"relics_obtained":["Golden Idol"],"max_hp_gain":0,"max_hp_loss":0,"event_name":"Golden Idol","floor":5,"gold_loss":0}],"is_beta":false,"boss_relics":[],"items_purged_floors":[],"is_endless":false,"potions_floor_spawned":[1,6],"killed_by":"3 Sentries","ascension_level":20}