{"gold_per_floor":[119,0,0,19,31,62,80,80,158,192,192,206,206,221,221,342,342,356,356,356,375,0,43,43,43,43,43,43,43,43,82,82,208,208,229,229,229,562,575,900,910,11,35,35,55,55,55,73,73,73],"floor_reached":51,"playtime":6793,"items_purged":[],"score":843,"play_id":"7fccb24b-a0b8-40e1-874a-e03f849cfa18","local_time":"20190711001528","is_ascension_mode":true,"campfire_choices":[{"data":"Hologram","floor":8.0,"key":"SMITH"},{"floor":15.0,"key":"REST"},{"data":"Zap","floor":24.0,"key":"SMITH"},{"floor":27.0,"key":"DIG"},{"floor":29.0,"key":"DIG"},{"floor":32.0,"key":"REST"},{"floor":46,"key":"REST"},{"floor":49,"key":"REST"}],"neow_cost":"NONE","seed_source_timestamp":0,"circlet_count":0,"master_deck":["Defend_B","Defend_B","Defend_B","Zap+1","Dualcast","Reprogram","Steam","Scrape","Rip and Tear","Coolheaded","Compile Driver","Hologram+1","Cold Snap","Ball Lightning","Parasite","Steam","Barrage","Electrodynamics","Leap+1","Storm+1","Go for the Eyes","Double Energy+1","Self Repair","Beam Cell","Buffer","Rainbow+1","Barrage+1","Trip+1","Mind Blast+1","Turbo+1","Undo+1","Consume+1","Stack+1","Madness+1","Conserve Battery+1","Normality","Shame","Skim+1","Pain","Go for the Eyes+1"],"special_seed":0,"relics":["Cracked Core","Pocketwatch","Gremlin Horn","Bronze Scales","Inserter","Toxic Egg 2","Symbiotic Virus","Bottled Lightning","Shovel","Mummified Hand","Nilry\u0027s Codex","Centennial Puzzle","Molten Egg 2","Cursed Key","Old Coin","ClockworkSouvenir","Ancient Tea Set","Letter Opener","Art of War","Kunai","Bottled Tornado"],"potions_floor_usage":[40,40,45,50,50],"damage_taken":[{"damage":1.0,"enemies":"Cultist","floor":1.0,"turns":3.0},{"damage":0.0,"enemies":"Jaw Worm","floor":4.0,"turns":3.0},{"damage":0.0,"enemies":"2 Louse","floor":5.0,"turns":3.0},{"damage":29.0,"enemies":"3 Sentries","floor":6.0,"turns":9.0},{"damage":5.0,"enemies":"Large Slime","floor":7.0,"turns":5.0},{"damage":5.0,"enemies":"Gremlin Nob","floor":10.0,"turns":4.0},{"damage":5.0,"enemies":"3 Louse","floor":12.0,"turns":2.0},{"damage":1.0,"enemies":"Blue Slaver","floor":14.0,"turns":3.0},{"damage":0.0,"enemies":"Slime Boss","floor":16.0,"turns":5.0},{"damage":2.0,"enemies":"3 Byrds","floor":18.0,"turns":2.0},{"damage":1.0,"enemies":"Chosen","floor":21.0,"turns":4.0},{"damage":16.0,"enemies":"Book of Stabbing","floor":23.0,"turns":6.0},{"damage":20.0,"enemies":"Gremlin Leader","floor":31.0,"turns":3.0},{"damage":9.0,"enemies":"Collector","floor":33.0,"turns":8.0},{"damage":10,"enemies":"Orb Walker","floor":35,"turns":4},{"damage":1,"enemies":"3 Shapes","floor":39,"turns":3},{"damage":37,"enemies":"Nemesis","floor":40,"turns":7},{"damage":17,"enemies":"Maw","floor":41,"turns":5},{"damage":0,"enemies":"Jaw Worm Horde","floor":45,"turns":3},{"damage":6,"enemies":"Transient","floor":48,"turns":5},{"damage":27,"enemies":"Awakened One","floor":50,"turns":13}],"seed_played":"-4675247263476000209","potions_obtained":[{"floor":1.0,"key":"LiquidBronze"},{"floor":10.0,"key":"AttackPotion"},{"floor":12.0,"key":"SpeedPotion"},{"floor":16.0,"key":"SteroidPotion"},{"floor":18.0,"key":"Explosive Potion"},{"floor":33.0,"key":"GamblersBrew"},{"floor":35,"key":"Strength Potion"},{"floor":39,"key":"Energy Potion"}],"is_trial":false,"path_per_floor":["M","$","?","M","M","E","M","R","T","E","?","M","?","M","R","B",null,"M","?","?","M","$","E","R","T","T","R","?","R","?","E","R","B",null,"M","?","?","?","M","E","M","$","T","T","M","R","T","M","R","B",null],"character_chosen":"DEFECT","items_purchased":["Steam","Scrape","Toxic Egg 2","Go for the Eyes","Double Energy+1","ClockworkSouvenir","Ancient Tea Set","Stack+1","Madness+1","Letter Opener","Conserve Battery+1","PowerPotion","PowerPotion"],"campfire_rested":4,"item_purchase_floors":[2,2,22,22,22,42,42,42,42,42,42,42,42],"current_hp_per_floor":[74,74,74,74,74,45,40,40,40,35,53,48,30,29,51,51,75,73,73,73,72,72,56,56,56,56,56,40,40,40,20,42,40,75,72,67,67,67,66,29,19,19,19,19,19,41,41,42,64,37],"gold":73,"neow_bonus":"REMOVE_CARD","is_prod":false,"is_daily":false,"chose_seed":false,"campfire_upgraded":2,"win_rate":0,"timestamp":1562818528,"path_taken":["M","$","?","M","?","E","M","R","T","E","?","M","?","M","R","BOSS","M","?","?","M","$","E","R","?","T","R","?","R","?","E","R","BOSS","M","?","?","?","M","E","M","$","T","?","M","R","?","M","R","BOSS"],"build_version":"2019-07-05","purchased_purges":0,"victory":true,"max_hp_per_floor":[75,75,75,75,75,75,75,75,75,75,75,75,75,75,75,75,75,75,75,75,75,75,75,75,75,75,75,75,75,75,75,75,75,75,75,75,75,75,75,75,75,75,75,75,75,75,75,75,75,75],"card_choices":[{"not_picked":["Aggregate","Barrage"],"picked":"Reprogram","floor":1.0},{"not_picked":["Reprogram","Scrape"],"picked":"Coolheaded","floor":4.0},{"not_picked":["Stack","Redo"],"picked":"Compile Driver","floor":5.0},{"not_picked":["Steam Power","Lockon"],"picked":"Hologram","floor":6.0},{"not_picked":["Hello World","Amplify"],"picked":"Cold Snap","floor":7.0},{"not_picked":["Streamline","Fusion"],"picked":"Ball Lightning","floor":10.0},{"not_picked":["Coolheaded","Cold Snap"],"picked":"Steam","floor":12.0},{"not_picked":["Darkness","Hologram"],"picked":"Barrage","floor":14.0},{"not_picked":["Thunder Strike","Amplify"],"picked":"Electrodynamics","floor":16.0},{"not_picked":["Reinforced Body+1","Chaos"],"picked":"Leap+1","floor":18.0},{"not_picked":["Heatsinks","Rip and Tear"],"picked":"Storm+1","floor":21.0},{"not_picked":["Leap+1","Chill+1"],"picked":"Self Repair","floor":23.0},{"not_picked":["Go for the Eyes","Chill+1"],"picked":"Buffer","floor":31.0},{"not_picked":["Amplify+1","Machine Learning"],"picked":"Rainbow+1","floor":33.0},{"not_picked":["Rip and Tear+1","Compile Driver+1"],"picked":"Barrage+1","floor":35},{"not_picked":["Impatience+1","Mayhem"],"picked":"Trip+1","floor":36},{"not_picked":["Forethought+1","Good Instincts+1"],"picked":"Mind Blast+1","floor":36},{"not_picked":["Self Repair+1","Streamline+1"],"picked":"Turbo+1","floor":39},{"not_picked":["Coolheaded+1","Sunder+1"],"picked":"Undo+1","floor":40},{"not_picked":["Compile Driver+1","Cold Snap+1"],"picked":"Consume+1","floor":41},{"not_picked":["Sweeping Beam+1","Ball Lightning+1"],"picked":"Skim+1","floor":45},{"not_picked":["Darkness+1","Leap+1"],"picked":"Go for the Eyes+1","floor":48}],"player_experience":194085,"relics_obtained":[{"floor":6.0,"key":"Pocketwatch"},{"floor":9.0,"key":"Gremlin Horn"},{"floor":10.0,"key":"Bronze Scales"},{"floor":23.0,"key":"Symbiotic Virus"},{"floor":25.0,"key":"Bottled Lightning"},{"floor":26.0,"key":"Shovel"},{"floor":27.0,"key":"Mummified Hand"},{"floor":28.0,"key":"Nilry\u0027s Codex"},{"floor":29.0,"key":"Centennial Puzzle"},{"floor":31.0,"key":"Molten Egg 2"},{"floor":40,"key":"Old Coin"},{"floor":43,"key":"Art of War"},{"floor":44,"key":"Kunai"},{"floor":47,"key":"Bottled Tornado"}],"event_choices":[{"damage_healed":0.0,"max_hp_gain":0.0,"max_hp_loss":0.0,"gold_gain":0.0,"cards_transformed":["Strike_B"],"event_name":"Transmorgrifier","player_choice":"Transformed","floor":3.0,"gold_loss":0.0,"damage_taken":0.0,"cards_obtained":["Rip and Tear"]},{"damage_healed":18.0,"max_hp_gain":0.0,"max_hp_loss":0.0,"gold_gain":0.0,"event_name":"Mushrooms","player_choice":"Healed and dodged fight","floor":11.0,"gold_loss":0.0,"damage_taken":0.0,"cards_obtained":["Parasite"]},{"damage_healed":0.0,"max_hp_gain":0.0,"max_hp_loss":0.0,"gold_gain":0.0,"event_name":"Golden Idol","player_choice":"Take Damage","floor":13.0,"gold_loss":0.0,"damage_taken":18.0,"relics_obtained":["Golden Idol"]},{"damage_healed":0.0,"max_hp_gain":0.0,"max_hp_loss":0.0,"gold_gain":0.0,"event_name":"Vampires","player_choice":"Ignored","floor":19.0,"gold_loss":0.0,"damage_taken":0.0},{"cards_removed":["Strike_B"],"damage_healed":0.0,"max_hp_gain":0.0,"max_hp_loss":0.0,"gold_gain":0.0,"event_name":"Back to Basics","player_choice":"Elegance","floor":20.0,"gold_loss":0.0,"damage_taken":0.0},{"damage_healed":0.0,"max_hp_gain":0.0,"max_hp_loss":0.0,"gold_gain":0.0,"event_name":"Cursed Tome","player_choice":"Obtained Book","floor":28.0,"gold_loss":0.0,"damage_taken":16.0},{"damage_healed":0.0,"max_hp_gain":0.0,"max_hp_loss":0.0,"gold_gain":0.0,"cards_transformed":["Strike_B"],"event_name":"Transmorgrifier","player_choice":"Transformed","floor":30.0,"gold_loss":0.0,"damage_taken":0.0,"cards_obtained":["Beam Cell"]},{"damage_healed":0,"gold_gain":0,"player_choice":"Memory 2","damage_taken":5,"max_hp_gain":0,"max_hp_loss":0,"event_name":"SensoryStone","floor":36,"gold_loss":0},{"cards_removed":["Defend_B"],"damage_healed":0,"gold_gain":0,"player_choice":"Removed Skill","damage_taken":0,"max_hp_gain":0,"max_hp_loss":0,"event_name":"Falling","floor":37,"gold_loss":0},{"damage_healed":0,"gold_gain":333,"player_choice":"Gave Idol","damage_taken":0,"max_hp_gain":0,"max_hp_loss":0,"event_name":"The Moai Head","floor":38,"relics_lost":["Golden Idol"],"gold_loss":0}],"is_beta":false,"boss_relics":[{"not_picked":["Lizard Tail","FrozenCore"],"picked":"Inserter"},{"not_picked":["Runic Pyramid","Fusion Hammer"],"picked":"Cursed Key"}],"items_purged_floors":[],"is_endless":false,"potions_floor_spawned":[1,10,12,16,18,33,35,39],"ascension_level":2}