{"gold_per_floor":[117,117,128,56,70,70,87,87,114,114,144,1,1,1,1,1],"floor_reached":16,"playtime":1141,"items_purged":["Strike_B"],"score":147,"play_id":"74341c6a-82b7-4616-974b-cd47bf29f7af","local_time":"20190715110922","is_ascension_mode":true,"campfire_choices":[{"data":"Zap","floor":6,"key":"SMITH"},{"data":"Dualcast","floor":8,"key":"SMITH"},{"data":"Glacier","floor":10,"key":"SMITH"},{"floor":15,"key":"REST"}],"neow_cost":"NONE","seed_source_timestamp":729905544972577,"circlet_count":0,"master_deck":["AscendersBane","Strike_B","Strike_B+1","Strike_B","Defend_B+1","Defend_B","Defend_B","Defend_B","Zap+1","Dualcast+1","Buffer","Glacier+1","Defragment"],"relics":["Cracked Core","Lantern","Orichalcum","Golden Idol"],"potions_floor_usage":[16,16],"damage_taken":[{"damage":0,"enemies":"Cultist","floor":1,"turns":4},{"damage":0,"enemies":"Jaw Worm","floor":3,"turns":3},{"damage":0,"enemies":"Small Slimes","floor":5,"turns":4},{"damage":2,"enemies":"Blue Slaver","floor":7,"turns":5},{"damage":30,"enemies":"3 Sentries","floor":11,"turns":12},{"damage":29,"enemies":"Hexaghost","floor":16,"turns":16}],"seed_played":"8378684966575229146","potions_obtained":[{"floor":3,"key":"Swift Potion"},{"floor":7,"key":"EssenceOfSteel"},{"floor":11,"key":"GamblersBrew"}],"is_trial":false,"path_per_floor":["M","?","M","$","M","R","M","R","T","R","E","$","?","$","R","B"],"character_chosen":"DEFECT","items_purchased":["Glacier","Defragment"],"campfire_rested":1,"item_purchase_floors":[4,12],"current_hp_per_floor":[68,53,53,53,53,53,51,51,51,51,21,21,3,3,25,0],"gold":1,"neow_bonus":"ONE_RANDOM_RARE_CARD","is_prod":false,"is_daily":false,"chose_seed":false,"campfire_upgraded":3,"win_rate":0,"timestamp":1563156562,"path_taken":["M","?","M","$","M","R","M","R","T","R","E","$","?","?","R","BOSS"],"build_version":"2019-07-05","purchased_purges":1,"victory":false,"max_hp_per_floor":[75,75,75,75,75,75,75,75,75,75,75,75,75,75,75,75],"card_choices":[{"not_picked":["Sweeping Beam","Beam Cell","Barrage"],"picked":"SKIP","floor":1},{"not_picked":["Darkness","Rebound","Aggregate"],"picked":"SKIP","floor":3},{"not_picked":["Sweeping Beam","Hello World","Double Energy"],"picked":"SKIP","floor":5},{"not_picked":["Redo","Beam Cell","Storm"],"picked":"SKIP","floor":7},{"not_picked":["Multi-Cast","Hello World","Auto Shields"],"picked":"SKIP","floor":11}],"player_experience":282267,"relics_obtained":[{"floor":9,"key":"Lantern"},{"floor":11,"key":"Orichalcum"}],"event_choices":[{"damage_healed":0,"gold_gain":0,"player_choice":"Entered Light","damage_taken":15,"max_hp_gain":0,"max_hp_loss":0,"event_name":"Shining Light","floor":2,"gold_loss":0,"cards_upgraded":["Defend_B","Strike_B"]},{"damage_healed":0,"gold_gain":0,"player_choice":"Take Damage","damage_taken":18,"relics_obtained":["Golden Idol"],"max_hp_gain":0,"max_hp_loss":0,"event_name":"Golden Idol","floor":13,"gold_loss":0}],"is_beta":false,"boss_relics":[],"items_purged_floors":[12],"is_endless":false,"potions_floor_spawned":[3,7,11],"killed_by":"Hexaghost","ascension_level":10}