{"gold_per_floor":[118,129,147,161,172,203,203,213,213,213,232,251,263,263,263,363,363,379,362,373,14,14],"floor_reached":22,"playtime":2148,"items_purged":[],"score":194,"play_id":"d65f09f5-92ca-494d-806e-5c8f4d36a11a","local_time":"20190824181327","is_ascension_mode":false,"campfire_choices":[{"floor":7,"key":"RECALL"},{"floor":10,"key":"REST"},{"data":"Zap","floor":15,"key":"SMITH"}],"neow_cost":"TEN_PERCENT_HP_LOSS","seed_source_timestamp":44719872732607,"circlet_count":0,"master_deck":["Strike_B","Strike_B","Strike_B","Strike_B","Defend_B","Defend_B","Defend_B","Zap+1","Dualcast","Multi-Cast","Leap","Undo","Melter","Self Repair","Sunder","Core Surge","Force Field","Leap","Barrage","Turbo","Amplify","Glacier+1","BootSequence","Skim+1","Secret Weapon","Beam Cell","Blizzard","Genetic Algorithm"],"relics":["Cracked Core","Thread and Needle","Runic Pyramid"],"potions_floor_usage":[6,6,16,16,19,20],"damage_taken":[{"damage":6,"enemies":"Cultist","floor":1,"turns":3},{"damage":11,"enemies":"Small Slimes","floor":2,"turns":4},{"damage":0,"enemies":"Jaw Worm","floor":3,"turns":3},{"damage":13,"enemies":"3 Louse","floor":4,"turns":2},{"damage":5,"enemies":"Blue Slaver","floor":5,"turns":7},{"damage":42,"enemies":"3 Sentries","floor":6,"turns":6},{"damage":9,"enemies":"Lots of Slimes","floor":8,"turns":4},{"damage":0,"enemies":"2 Fungi Beasts","floor":11,"turns":4},{"damage":0,"enemies":"3 Louse","floor":12,"turns":4},{"damage":4,"enemies":"Red Slaver","floor":13,"turns":3},{"damage":42,"enemies":"Slime Boss","floor":16,"turns":13},{"damage":8,"enemies":"Shell Parasite","floor":18,"turns":7},{"damage":16,"enemies":"2 Thieves","floor":19,"turns":4},{"damage":19,"enemies":"Centurion and Healer","floor":20,"turns":19},{"damage":57,"enemies":"Masked Bandits","floor":22,"turns":5}],"seed_played":"-2411958483775582152","potions_obtained":[{"floor":2,"key":"Regen Potion"},{"floor":5,"key":"SkillPotion"},{"floor":6,"key":"Strength Potion"},{"floor":11,"key":"Poison Potion"},{"floor":12,"key":"SkillPotion"},{"floor":16,"key":"Ancient Potion"},{"floor":19,"key":"AttackPotion"},{"floor":20,"key":"SpeedPotion"}],"is_trial":false,"path_per_floor":["M","M","M","M","M","E","R","M","T","R","M","M","M","?","R","B",null,"M","M","M","$","?"],"character_chosen":"DEFECT","items_purchased":["Secret Weapon","Beam Cell","Blizzard","Genetic Algorithm"],"campfire_rested":1,"item_purchase_floors":[21,21,21,21],"current_hp_per_floor":[62,51,51,38,40,20,20,18,18,38,45,52,55,55,55,13,68,68,59,54,54,0],"gold":14,"neow_bonus":"THREE_RARE_CARDS","is_prod":false,"is_daily":false,"chose_seed":false,"campfire_upgraded":1,"win_rate":0,"timestamp":1566684807,"path_taken":["M","M","M","M","?","E","R","M","T","R","M","M","M","?","R","BOSS","M","?","M","$","?"],"build_version":"2019-07-17","purchased_purges":0,"victory":false,"max_hp_per_floor":[68,68,68,68,68,68,68,68,68,68,68,68,68,68,68,68,68,68,68,68,68,68],"card_choices":[{"not_picked":["Seek","Fission"],"picked":"Multi-Cast","floor":0},{"not_picked":["Compile Driver","Streamline"],"picked":"Leap","floor":1},{"not_picked":["Double Energy","Ball Lightning"],"picked":"Undo","floor":2},{"not_picked":["Sweeping Beam","Rebound"],"picked":"Melter","floor":3},{"not_picked":["Steam","Loop"],"picked":"Self Repair","floor":4},{"not_picked":["Compile Driver","Lockon"],"picked":"Sunder","floor":5},{"not_picked":["Streamline","Biased Cognition"],"picked":"Core Surge","floor":6},{"not_picked":["Gash","Heatsinks"],"picked":"Force Field","floor":8},{"not_picked":["Sweeping Beam","Compile Driver"],"picked":"Leap","floor":11},{"not_picked":["Sunder","Blizzard"],"picked":"Barrage","floor":12},{"not_picked":["Sweeping Beam","Hyperbeam"],"picked":"Turbo","floor":13},{"not_picked":["Hyperbeam","Machine Learning"],"picked":"Amplify","floor":16},{"not_picked":["Rebound","Undo"],"picked":"Glacier+1","floor":18},{"not_picked":["Ball Lightning","Skim"],"picked":"BootSequence","floor":19},{"not_picked":["Steam Power","Glacier"],"picked":"Skim+1","floor":20}],"player_experience":97939,"relics_obtained":[{"floor":6,"key":"Thread and Needle"}],"event_choices":[{"cards_removed":["Defend_B"],"damage_healed":0,"gold_gain":0,"player_choice":"Purged","damage_taken":0,"max_hp_gain":0,"max_hp_loss":0,"event_name":"Purifier","floor":14,"gold_loss":0},{"damage_healed":0,"gold_gain":0,"player_choice":"Fought Bandits","damage_taken":0,"max_hp_gain":0,"max_hp_loss":0,"event_name":"Masked Bandits","floor":22,"gold_loss":0}],"is_beta":false,"boss_relics":[{"not_picked":["Runic Dome","Lizard Tail"],"picked":"Runic Pyramid"}],"items_purged_floors":[],"is_endless":false,"potions_floor_spawned":[2,5,6,11,12,16,19,20],"killed_by":"Masked Bandits","ascension_level":0}