{"gold_per_floor":[118,118,118,193,92,92,127,146,146,158,136,136,151,169,169,248,248,266,283,283,36,36,36,36],"floor_reached":24,"playtime":1367,"items_purged":["Strike_B","Defend_B"],"score":383,"play_id":"1b8538f3-67fd-4f0f-a4ff-1a794787cee2","local_time":"20190812181359","is_ascension_mode":true,"campfire_choices":[{"data":"Zap","floor":6,"key":"SMITH"},{"data":"Dualcast","floor":12,"key":"SMITH"},{"data":"Capacitor","floor":15,"key":"SMITH"},{"floor":23,"key":"REST"}],"neow_cost":"NONE","seed_source_timestamp":961476839031831,"circlet_count":0,"master_deck":["AscendersBane","Strike_B+1","Strike_B+1","Defend_B+1","Defend_B+1","Zap+1","Dualcast+1","Coolheaded","Streamline","Rip and Tear","Gash","Capacitor+1","Leap","Gash","Conserve Battery","Buffer","Hologram+1"],"relics":["Cracked Core","NeowsBlessing","Pocketwatch","Singing Bowl","Inserter","Strawberry"],"potions_floor_usage":[16,24,24],"damage_taken":[{"damage":0,"enemies":"Small Slimes","floor":1,"turns":1},{"damage":0,"enemies":"3 Sentries","floor":7,"turns":1},{"damage":0,"enemies":"2 Louse","floor":8,"turns":1},{"damage":0,"enemies":"Jaw Worm","floor":10,"turns":3},{"damage":1,"enemies":"Looter","floor":13,"turns":3},{"damage":0,"enemies":"3 Louse","floor":14,"turns":2},{"damage":42,"enemies":"Hexaghost","floor":16,"turns":10},{"damage":3,"enemies":"Chosen","floor":18,"turns":5},{"damage":2,"enemies":"3 Byrds","floor":19,"turns":6},{"damage":89,"enemies":"Slavers","floor":24,"turns":5}],"seed_played":"1359040419951154285","potions_obtained":[{"floor":7,"key":"FocusPotion"},{"floor":8,"key":"SkillPotion"},{"floor":16,"key":"GamblersBrew"},{"floor":18,"key":"Regen Potion"}],"is_trial":false,"path_per_floor":["M","?","?","?","$","R","E","M","T","M","$","R","M","M","R","B",null,"M","M","?","$","?","R","E"],"character_chosen":"DEFECT","items_purchased":["Streamline","Leap","Strawberry"],"campfire_rested":1,"item_purchase_floors":[5,11,21],"current_hp_per_floor":[64,57,57,46,46,46,46,46,46,46,46,46,45,45,45,3,54,53,51,30,37,37,62,0],"gold":36,"neow_bonus":"THREE_ENEMY_KILL","is_prod":false,"is_daily":false,"chose_seed":false,"campfire_upgraded":3,"win_rate":0,"timestamp":1565601239,"path_taken":["M","?","?","?","$","R","E","?","T","M","$","R","M","M","R","BOSS","M","M","?","$","?","R","E"],"build_version":"2019-07-17","purchased_purges":2,"victory":false,"max_hp_per_floor":[71,71,71,71,71,71,71,71,71,71,71,71,71,71,71,71,71,73,73,78,85,85,85,85],"card_choices":[{"not_picked":["Beam Cell","Conserve Battery"],"picked":"Coolheaded","floor":1},{"not_picked":["Compile Driver","Aggregate"],"picked":"Rip and Tear","floor":7},{"not_picked":["Double Energy","Chaos"],"picked":"Gash","floor":8},{"not_picked":["Turbo","Cold Snap"],"picked":"Capacitor","floor":10},{"not_picked":["Redo","Sweeping Beam"],"picked":"Gash","floor":13},{"not_picked":["Creative AI","Rebound"],"picked":"Conserve Battery","floor":14},{"not_picked":["Thunder Strike","Reboot"],"picked":"Buffer","floor":16},{"not_picked":["Beam Cell","White Noise","Conserve Battery"],"picked":"Singing Bowl","floor":18},{"not_picked":["Leap","Reinforced Body"],"picked":"Hologram+1","floor":19}],"player_experience":483448,"relics_obtained":[{"floor":7,"key":"Pocketwatch"},{"floor":9,"key":"Singing Bowl"}],"event_choices":[{"cards_removed":["Strike_B"],"damage_healed":0,"gold_gain":0,"player_choice":"Card Removal","damage_taken":7,"max_hp_gain":0,"max_hp_loss":0,"event_name":"Golden Wing","floor":2,"gold_loss":0},{"cards_removed":["Defend_B"],"damage_healed":0,"gold_gain":0,"player_choice":"Forget","damage_taken":0,"max_hp_gain":0,"max_hp_loss":0,"event_name":"Living Wall","floor":3,"gold_loss":0},{"damage_healed":0,"gold_gain":75,"player_choice":"Gather Gold","damage_taken":11,"max_hp_gain":0,"max_hp_loss":0,"event_name":"World of Goop","floor":4,"gold_loss":0},{"damage_healed":0,"gold_gain":0,"player_choice":"Shed Blood","damage_taken":26,"max_hp_gain":5,"max_hp_loss":0,"event_name":"Forgotten Altar","floor":20,"gold_loss":0},{"damage_healed":0,"gold_gain":0,"player_choice":"Simplicity","damage_taken":0,"max_hp_gain":0,"max_hp_loss":0,"event_name":"Back to Basics","floor":22,"gold_loss":0,"cards_upgraded":["Strike_B","Strike_B","Defend_B","Defend_B"]}],"is_beta":false,"boss_relics":[{"not_picked":["Astrolabe","Ectoplasm"],"picked":"Inserter"}],"items_purged_floors":[5,21],"is_endless":false,"potions_floor_spawned":[7,8,14,16,18,19],"killed_by":"Slavers","ascension_level":15}