{"gold_per_floor":[111,61,61,81,96,96,115,115,185,110,120,132,151,164,164,264,264,275,275,275,275,289,316,316,316,316,316,328,146,146,160,160,262,262,278,278,293,84,0,30,30,43,66,76,93,393,446,459,459,459],"floor_reached":51,"playtime":3049,"items_purged":["Strike_R","Strike_R"],"score":966,"play_id":"4a2e7507-1c98-4f40-b78c-dbd4ff435b9b","local_time":"20181005135104","is_ascension_mode":true,"campfire_choices":[{"data":"Inflame","floor":6,"key":"SMITH"},{"data":"Bash","floor":8,"key":"SMITH"},{"data":"Armaments","floor":15,"key":"SMITH"},{"data":"Heavy Blade","floor":24,"key":"SMITH"},{"data":"Battle Trance","floor":32,"key":"SMITH"},{"data":"Demon Form","floor":41,"key":"SMITH"},{"data":"Battle Trance","floor":49,"key":"SMITH"}],"neow_cost":"NONE","seed_source_timestamp":667821583298001,"circlet_count":0,"master_deck":["Strike_R+1","Defend_R+1","Defend_R","Defend_R","Bash+1","Pommel Strike+1","Shrug It Off","Inflame+1","Reaper","Heavy Blade+1","Armaments+1","Perfected Strike+1","Flex+1","Reaper","Pommel Strike+1","Battle Trance+1","Perfected Strike+1","Demon Form+1","Battle Trance+1","Mayhem","Carnage+1","Spot Weakness+1","Carnage+1","Clothesline","Headbutt","Dual Wield+1"],"relics":["Burning Blood","Gremlin Horn","Snecko Eye","Juzu Bracelet","Boot","Coffee Dripper","Red Mask","Blue Candle","Strawberry","Old Coin","Ice Cream"],"potions_floor_usage":[7,50,50,50],"damage_taken":[{"damage":9,"enemies":"2 Louse","floor":1,"turns":3},{"damage":0,"enemies":"Small Slimes","floor":4,"turns":3},{"damage":1,"enemies":"Cultist","floor":5,"turns":3},{"damage":3,"enemies":"Looter","floor":7,"turns":4},{"damage":18,"enemies":"3 Louse","floor":11,"turns":3},{"damage":2,"enemies":"Red Slaver","floor":12,"turns":4},{"damage":6,"enemies":"Lots of Slimes","floor":13,"turns":4},{"damage":6,"enemies":"Looter","floor":14,"turns":3},{"damage":83,"enemies":"Hexaghost","floor":16,"turns":11},{"damage":0,"enemies":"Spheric Guardian","floor":18,"turns":3},{"damage":23,"enemies":"3 Byrds","floor":22,"turns":6},{"damage":10,"enemies":"Gremlin Leader","floor":23,"turns":6},{"damage":21,"enemies":"Colosseum Slavers","floor":27,"turns":3},{"damage":2,"enemies":"Shelled Parasite and Fungi","floor":28,"turns":3},{"damage":9,"enemies":"Centurion and Healer","floor":31,"turns":3},{"damage":64,"enemies":"Automaton","floor":33,"turns":7},{"damage":30,"enemies":"3 Darklings","floor":35,"turns":4},{"damage":11,"enemies":"Orb Walker","floor":37,"turns":2},{"damage":8,"enemies":"Giant Head","floor":40,"turns":4},{"damage":22,"enemies":"Spire Growth","floor":42,"turns":4},{"damage":24,"enemies":"Maw","floor":44,"turns":3},{"damage":24,"enemies":"Reptomancer","floor":45,"turns":4},{"damage":0,"enemies":"Mind Bloom Boss Battle","floor":46,"turns":2},{"damage":42,"enemies":"Mysterious Sphere","floor":47,"turns":3},{"damage":37,"enemies":"Sphere and 2 Shapes","floor":48,"turns":4},{"damage":68,"enemies":"Awakened One","floor":50,"turns":7}],"seed_played":"-1261830225669176970","potions_obtained":[{"floor":1,"key":"Block Potion"},{"floor":5,"key":"EssenceOfSteel"},{"floor":11,"key":"SteroidPotion"},{"floor":23,"key":"LiquidBronze"},{"floor":28,"key":"Dexterity Potion"},{"floor":42,"key":"BloodPotion"}],"is_trial":false,"path_per_floor":["M","?","?","M","M","R","M","R","T","$","M","M","M","M","R","B",null,"M","?","?","?","M","E","R","?","T","?","M","$","?","M","R","B",null,"M","?","M","$","?","E","R","M","T","M","M","?","?","M","R","B"],"character_chosen":"IRONCLAD","items_purchased":["Battle Trance","Mayhem"],"campfire_rested":0,"item_purchase_floors":[29,38],"current_hp_per_floor":[77,77,59,65,70,70,73,73,73,73,73,77,85,85,85,20,71,77,98,98,98,81,89,89,89,89,83,98,98,98,98,98,40,84,81,81,87,87,87,96,96,82,89,71,75,81,96,68,68,74],"gold":459,"neow_bonus":"TEN_PERCENT_HP_BONUS","is_prod":false,"is_daily":false,"chose_seed":false,"campfire_upgraded":7,"win_rate":0,"timestamp":1538765464,"path_taken":["M","?","?","?","M","R","M","R","T","$","M","M","?","M","R","BOSS","M","?","?","?","M","E","R","?","T","?","M","?","?","M","R","BOSS","M","?","M","$","?","E","R","M","T","M","M","?","?","M","R","BOSS"],"build_version":"2018-10-04","purchased_purges":2,"victory":true,"max_hp_per_floor":[88,88,88,88,88,88,88,88,88,88,88,88,88,88,88,88,88,88,98,98,98,98,98,98,98,98,98,98,98,98,98,98,98,98,98,98,98,98,98,98,98,98,105,105,105,105,105,105,105,105],"card_choices":[{"not_picked":["Evolve","Headbutt"],"picked":"Pommel Strike","floor":1},{"not_picked":["Cleave","Heavy Blade"],"picked":"Shrug It Off","floor":4},{"not_picked":["Blood for Blood","Havoc"],"picked":"Inflame","floor":5},{"not_picked":["Body Slam","Ghostly Armor"],"picked":"Reaper","floor":7},{"not_picked":["Sever Soul","Sword Boomerang","Searing Blow"],"picked":"SKIP","floor":11},{"not_picked":["Cleave","Evolve"],"picked":"Heavy Blade","floor":12},{"not_picked":["Sentinel","Clash","Rupture"],"picked":"SKIP","floor":13},{"not_picked":["Twin Strike","Rage"],"picked":"Armaments","floor":14},{"not_picked":["Barricade","Dark Embrace"],"picked":"Immolate","floor":16},{"not_picked":["Thunderclap+1","Warcry"],"picked":"Perfected Strike+1","floor":18},{"not_picked":["Power Through","Clash"],"picked":"Flex+1","floor":22},{"not_picked":["Body Slam","Bludgeon"],"picked":"Reaper","floor":23},{"not_picked":["Clash","Heavy Blade+1"],"picked":"Pommel Strike+1","floor":28},{"not_picked":["Intimidate","Sever Soul"],"picked":"Perfected Strike+1","floor":31},{"not_picked":["Feed","Dark Embrace"],"picked":"Demon Form","floor":33},{"not_picked":["Havoc","Feel No Pain+1"],"picked":"Battle Trance","floor":35},{"not_picked":["Thunderclap+1","Rupture","Anger"],"picked":"SKIP","floor":37},{"not_picked":["Dark Embrace","Thunderclap"],"picked":"Carnage+1","floor":40},{"not_picked":["Rupture+1","Shrug It Off"],"picked":"Spot Weakness+1","floor":42},{"not_picked":["Spot Weakness","Ghostly Armor"],"picked":"Carnage+1","floor":44},{"not_picked":["Body Slam","Iron Wave"],"picked":"Clothesline","floor":45},{"not_picked":["Entrench+1","Searing Blow"],"picked":"Headbutt","floor":47},{"not_picked":["Infernal Blade","Second Wind+1"],"picked":"Dual Wield+1","floor":48}],"player_experience":202656,"relics_obtained":[{"floor":9,"key":"Gremlin Horn"},{"floor":23,"key":"Juzu Bracelet"},{"floor":26,"key":"Boot"},{"floor":40,"key":"Blue Candle"},{"floor":43,"key":"Strawberry"},{"floor":46,"key":"Old Coin"},{"floor":47,"key":"Ice Cream"}],"event_choices":[{"event_name":"The Cleric","player_choice":"Card Removal","floor":2,"damage_taken":0},{"event_name":"Shining Light","player_choice":"Entered Light","floor":3,"damage_taken":0},{"event_name":"Bonfire Elementals","player_choice":"RARE","floor":19,"damage_taken":0},{"event_name":"Ghosts","player_choice":"Ignored","floor":20,"damage_taken":0},{"event_name":"Vampires","player_choice":"Ignored","floor":21,"damage_taken":0},{"event_name":"Purifier","player_choice":"One Purge","floor":25,"damage_taken":0},{"event_name":"Colosseum","player_choice":"Fight","floor":27,"damage_taken":0},{"event_name":"Colosseum","player_choice":"Fled From Nobs","floor":27,"damage_taken":0},{"event_name":"Upgrade Shrine","player_choice":"Upgraded","floor":30,"damage_taken":0},{"event_name":"Falling","player_choice":"Removed Skill","floor":36,"damage_taken":0},{"event_name":"Tomb of Lord Red Mask","player_choice":"Paid","floor":39,"damage_taken":0},{"event_name":"MindBloom","player_choice":"Fight","floor":46,"damage_taken":0},{"event_name":"Mysterious Sphere","player_choice":"Fight","floor":47,"damage_taken":0}],"is_beta":false,"boss_relics":[{"not_picked":["Orrery","Cursed Key"],"picked":"Snecko Eye"},{"not_picked":["Black Star","Philosopher\u0027s Stone"],"picked":"Coffee Dripper"}],"items_purged_floors":[10,29],"is_endless":false,"potions_floor_spawned":[1,5,11,23,27,28,35,42,48],"ascension_level":6}