{"gold_per_floor":[143,143,256,373,485,485,85,85,199,310,421,421,0,0,116,236,346,461],"floor_reached":19,"playtime":2157,"items_purged":["Strike_R","Strike_R","Strike_R"],"score":2590,"play_id":"15bf19d1-3067-489d-ac19-659d65c2b974","local_time":"20190819223148","daily_mods":["challengethespire:Bronze Difficulty","challengethespire:Boss Rush","Uncertain Future"],"is_ascension_mode":false,"campfire_choices":[{"data":"Bash","floor":2,"key":"SMITH"},{"floor":8,"key":"REST"}],"neow_cost":"","seed_source_timestamp":0,"circlet_count":0,"master_deck":["Strike_R","Strike_R","Defend_R","Defend_R+1","Defend_R+1","Defend_R","Bash+1","Shrug It Off+1","True Grit+1","Anger+1","Havoc+1","Twin Strike+1","Pummel+1","Evolve+1","Inflame+1","Feel No Pain+1","Headbutt+1","Twin Strike+1","True Grit+1","Disarm+1","Infernal Blade+1","Warcry+1","Exhume+1","Corruption+1","Double Tap+1","Dark Embrace+1","Burning Pact+1","Wild Strike+1","Power Through+1","Feel No Pain+1","Spot Weakness+1","Inflame+1","Enlightenment+1","Mayhem+1","Master of Strategy+1","Juggernaut+1","Reaper+1","Infernal Blade+1","Body Slam+1","Swift Strike+1","Shrug It Off+1","Uppercut+1","Pommel Strike+1","Impervious+1","Shrug It Off+1","Exhume+1","Flame Barrier+1","Feel No Pain+1"],"relics":["Burning Blood","The Courier","Molten Egg 2","Toxic Egg 2","Frozen Egg 2","Membership Card","Shuriken","Ornamental Fan","Anchor","Happy Flower","Blue Candle","Bottled Flame","Mark of Pain","War Paint","Darkstone Periapt","Bronze Scales","Coffee Dripper","Toy Ornithopter","Dodecahedron","Smiling Mask","Gremlin Horn","Charon\u0027s Ashes","Pear"],"potions_floor_usage":[15,15,18],"damage_taken":[{"damage":0,"enemies":"Slime Boss","floor":3,"turns":6},{"damage":0,"enemies":"The Guardian","floor":4,"turns":8},{"damage":32,"enemies":"Hexaghost","floor":5,"turns":6},{"damage":3,"enemies":"Champ","floor":9,"turns":6},{"damage":4,"enemies":"Automaton","floor":10,"turns":6},{"damage":13,"enemies":"Collector","floor":11,"turns":4},{"damage":29,"enemies":"Donu and Deca","floor":15,"turns":6},{"damage":55,"enemies":"Awakened One","floor":16,"turns":13},{"damage":2,"enemies":"Time Eater","floor":17,"turns":6},{"damage":51,"enemies":"The Heart","floor":18,"turns":8}],"seed_played":"-4488463036729776800","potions_obtained":[{"floor":5,"key":"Swift Potion"},{"floor":9,"key":"Ancient Potion"},{"floor":10,"key":"GamblersBrew"},{"floor":16,"key":"FairyPotion"}],"is_trial":true,"path_per_floor":["$","R","M","M","M","T","$","R","M","M","M","T","$","$","M","M","M","M",null],"character_chosen":"IRONCLAD","items_purchased":["Membership Card","Shuriken","Ornamental Fan","Anchor","Shrug It Off+1","True Grit+1","Anger+1","Havoc+1","Twin Strike+1","Pummel+1","Evolve+1","Inflame+1","Feel No Pain+1","Headbutt+1","Twin Strike+1","True Grit+1","Disarm+1","Infernal Blade+1","Warcry+1","Exhume+1","Burning Pact+1","Wild Strike+1","Power Through+1","Feel No Pain+1","Spot Weakness+1","Inflame+1","Enlightenment+1","Mayhem+1","Master of Strategy+1","Body Slam+1","Swift Strike+1","Shrug It Off+1","Uppercut+1","Pommel Strike+1","Impervious+1","Toy Ornithopter","Dodecahedron"],"campfire_rested":1,"item_purchase_floors":[1,1,1,1,1,1,1,1,1,1,1,1,1,1,1,1,1,1,1,1,7,7,7,7,7,7,7,7,7,13,13,13,13,13,13,13,13],"current_hp_per_floor":[80,80,80,80,54,54,54,78,80,80,73,73,73,73,68,30,72,42],"gold":461,"neow_bonus":"","is_prod":false,"is_daily":false,"chose_seed":false,"campfire_upgraded":1,"win_rate":0,"timestamp":1566268308,"path_taken":["$","R","M","M","M","T","$","R","M","M","M","T","$","$","M","M","M","M"],"build_version":"2019-07-17","purchased_purges":3,"victory":true,"max_hp_per_floor":[80,80,80,80,80,80,80,80,80,80,80,80,80,80,80,80,80,90],"card_choices":[],"player_experience":469634,"relics_obtained":[{"floor":3,"key":"Happy Flower"},{"floor":4,"key":"Blue Candle"},{"floor":5,"key":"Bottled Flame"},{"floor":9,"key":"War Paint"},{"floor":10,"key":"Darkstone Periapt"},{"floor":11,"key":"Bronze Scales"},{"floor":15,"key":"Smiling Mask"},{"floor":16,"key":"Gremlin Horn"},{"floor":17,"key":"Charon\u0027s Ashes"},{"floor":18,"key":"Pear"}],"event_choices":[],"is_beta":false,"boss_relics":[{"not_picked":["Black Blood","Runic Pyramid"],"picked":"Mark of Pain"},{"not_picked":["Velvet Choker","White Beast Statue"],"picked":"Coffee Dripper"}],"items_purged_floors":[1,7,13],"is_endless":false,"potions_floor_spawned":[5,9,10,16],"ascension_level":0}