{"gold_per_floor":[111,32,32,47,63,63,63,63,63,77,96,96,15,31,31,134,134,148,15,32,32,32],"floor_reached":22,"playtime":1821,"items_purged":[],"score":176,"play_id":"5d3fa0d5-8492-4c5d-8054-b310a76a0a3d","local_time":"20190810150844","is_ascension_mode":false,"campfire_choices":[{"data":"Caltrops","floor":6,"key":"SMITH"},{"data":"Survivor","floor":8,"key":"SMITH"},{"floor":12,"key":"REST"},{"floor":15,"key":"REST"}],"neow_cost":"NONE","seed_source_timestamp":145965405136219,"circlet_count":0,"master_deck":["Strike_G","Strike_G","Strike_G","Strike_G","Strike_G","Defend_G","Defend_G","Defend_G","Defend_G","Defend_G","Survivor+1","Neutralize","Deadly Poison","Caltrops+1","Heel Hook","Underhanded Strike","Deflect","Leg Sweep","Calculated Gamble","Outmaneuver","A Thousand Cuts","Prepared","Panacea","Outmaneuver","Dash+1","Writhe"],"relics":["Ring of the Snake","Dodecahedron","Eternal Feather","Bronze Scales"],"potions_floor_usage":[16,16,20],"damage_taken":[{"damage":0,"enemies":"Jaw Worm","floor":1,"turns":4},{"damage":3,"enemies":"Cultist","floor":4,"turns":5},{"damage":5,"enemies":"Small Slimes","floor":5,"turns":4},{"damage":23,"enemies":"Gremlin Gang","floor":10,"turns":4},{"damage":0,"enemies":"3 Louse","floor":11,"turns":2},{"damage":13,"enemies":"2 Fungi Beasts","floor":14,"turns":4},{"damage":29,"enemies":"Hexaghost","floor":16,"turns":9},{"damage":32,"enemies":"Chosen","floor":18,"turns":7},{"damage":30,"enemies":"Shell Parasite","floor":20,"turns":10},{"damage":21,"enemies":"Cultist and Chosen","floor":22,"turns":4}],"seed_played":"-8065274333975355436","potions_obtained":[{"floor":3,"key":"GhostInAJar"},{"floor":3,"key":"SmokeBomb"},{"floor":3,"key":"LiquidBronze"},{"floor":4,"key":"LiquidBronze"},{"floor":5,"key":"GhostInAJar"},{"floor":18,"key":"GamblersBrew"}],"is_trial":false,"path_per_floor":["M","$","?","M","M","R","?","R","T","M","M","R","$","M","R","B",null,"M","$","M","?","M"],"character_chosen":"THE_SILENT","items_purchased":["Caltrops","Calculated Gamble","Panacea","Outmaneuver"],"campfire_rested":2,"item_purchase_floors":[2,13,19,19],"current_hp_per_floor":[77,77,77,74,69,69,69,69,69,46,46,69,69,56,77,48,77,45,45,15,15,0],"gold":32,"neow_bonus":"TEN_PERCENT_HP_BONUS","is_prod":false,"is_daily":false,"chose_seed":false,"campfire_upgraded":2,"win_rate":0.0,"timestamp":1565464124,"path_taken":["M","$","?","?","M","R","?","R","T","?","M","R","$","M","R","BOSS","M","$","M","?","M"],"build_version":"2019-07-17","purchased_purges":0,"victory":false,"max_hp_per_floor":[77,77,77,77,77,77,77,77,77,77,77,77,77,77,77,77,77,77,77,77,77,77],"card_choices":[{"not_picked":["Dagger Spray","PiercingWail"],"picked":"Deadly Poison","floor":1},{"not_picked":["Riddle With Holes","Caltrops"],"picked":"Heel Hook","floor":4},{"not_picked":["Prepared","Outmaneuver"],"picked":"Underhanded Strike","floor":5},{"not_picked":["Finisher","Heel Hook"],"picked":"Deflect","floor":10},{"not_picked":["Reflex","Backflip"],"picked":"Leg Sweep","floor":11},{"not_picked":["Footwork","Deadly Poison"],"picked":"Outmaneuver","floor":14},{"not_picked":["Burst","Night Terror"],"picked":"A Thousand Cuts","floor":16},{"not_picked":["Acrobatics","Flying Knee"],"picked":"Prepared","floor":18},{"not_picked":["Expertise","Prepared"],"picked":"Dash+1","floor":20}],"player_experience":3872,"relics_obtained":[{"floor":9,"key":"Dodecahedron"}],"event_choices":[{"damage_healed":0,"gold_gain":0,"player_choice":"Got Potions","damage_taken":0,"max_hp_gain":0,"max_hp_loss":0,"event_name":"Lab","floor":3,"gold_loss":0},{"damage_healed":0,"gold_gain":0,"player_choice":"Bought 0 Potions","damage_taken":0,"max_hp_gain":0,"max_hp_loss":0,"event_name":"The Woman in Blue","floor":7,"gold_loss":0},{"damage_healed":0,"gold_gain":0,"player_choice":"Opened","damage_taken":0,"relics_obtained":["Bronze Scales"],"max_hp_gain":0,"max_hp_loss":0,"event_name":"The Mausoleum","floor":21,"gold_loss":0,"cards_obtained":["Writhe"]}],"is_beta":false,"boss_relics":[{"not_picked":["Philosopher\u0027s Stone","Black Star"],"picked":"Eternal Feather"}],"items_purged_floors":[],"is_endless":false,"potions_floor_spawned":[4,5,11,14,18],"killed_by":"Cultist and Chosen","ascension_level":0}