{"gold_per_floor":[116,116,128,128,54,54,86,100,100,129,141,141,151,76,76,76],"floor_reached":16,"playtime":2036,"items_purged":["Strike_R"],"score":115,"play_id":"85d98754-2f6d-4bc9-adaf-d0d6d6231fd9","local_time":"20180919092024","is_ascension_mode":true,"campfire_choices":[{"data":"Battle Trance","floor":6,"key":"SMITH"},{"floor":12,"key":"REST"},{"data":"Pommel Strike","floor":15,"key":"SMITH"}],"neow_cost":"TEN_PERCENT_HP_LOSS","seed_source_timestamp":562096393815470,"circlet_count":0,"master_deck":["Strike_R","Strike_R","Defend_R","Defend_R","Defend_R","Defend_R","Bash","Reaper","Heavy Blade","Thunderclap","Battle Trance+1","Shrug It Off","Clothesline","Pommel Strike+1","Shrug It Off"],"relics":["Burning Blood","Oddly Smooth Stone","Matryoshka","Odd Mushroom"],"potions_floor_usage":[10,13,16],"damage_taken":[{"damage":14,"enemies":"2 Louse","floor":1,"turns":5},{"damage":0,"enemies":"Small Slimes","floor":3,"turns":3},{"damage":48,"enemies":"Gremlin Nob","floor":7,"turns":5},{"damage":0,"enemies":"Jaw Worm","floor":8,"turns":5},{"damage":35,"enemies":"The Mushroom Lair","floor":10,"turns":6},{"damage":1,"enemies":"Blue Slaver","floor":11,"turns":5},{"damage":0,"enemies":"Large Slime","floor":13,"turns":8},{"damage":54,"enemies":"Hexaghost","floor":16,"turns":11}],"seed_played":"1290408851077292103","potions_obtained":[{"floor":1,"key":"EssenceOfSteel"},{"floor":10,"key":"FearPotion"},{"floor":11,"key":"FearPotion"},{"floor":13,"key":"AttackPotion"}],"is_trial":false,"path_per_floor":["M","?","M","?","$","R","E","M","T","?","M","R","M","$","R"],"character_chosen":"IRONCLAD","items_purchased":["Battle Trance"],"campfire_rested":1,"item_purchase_floors":[5],"current_hp_per_floor":[68,68,72,65,65,65,24,34,34,17,22,43,52,52,52,0],"gold":76,"neow_bonus":"THREE_RARE_CARDS","is_prod":false,"is_daily":false,"chose_seed":false,"campfire_upgraded":2,"win_rate":0,"timestamp":1537366824,"path_taken":["M","?","M","?","$","R","E","?","T","?","?","R","M","?","R","BOSS"],"build_version":"2018-09-06","purchased_purges":1,"victory":false,"max_hp_per_floor":[72,72,72,72,72,72,72,72,72,72,72,72,72,72,72,72],"card_choices":[{"not_picked":["Berserk","Exhume"],"picked":"Reaper","floor":0},{"not_picked":["Hemokinesis","Sword Boomerang"],"picked":"Heavy Blade","floor":1},{"not_picked":["Havoc","Searing Blow"],"picked":"Thunderclap","floor":3},{"not_picked":["Whirlwind","Twin Strike"],"picked":"Shrug It Off","floor":7},{"not_picked":["Rage","Fire Breathing"],"picked":"Clothesline","floor":8},{"not_picked":["Clash","Second Wind"],"picked":"Pommel Strike","floor":10},{"not_picked":["Armaments","True Grit"],"picked":"Shrug It Off","floor":11},{"not_picked":["Sword Boomerang","Anger","Bludgeon"],"picked":"SKIP","floor":13}],"player_experience":158993,"relics_obtained":[{"floor":7,"key":"Oddly Smooth Stone"},{"floor":9,"key":"Matryoshka"},{"floor":10,"key":"Odd Mushroom"}],"event_choices":[{"event_name":"Living Wall","player_choice":"Forget","floor":2,"damage_taken":0},{"event_name":"Golden Wing","player_choice":"Card Removal","floor":4,"damage_taken":0},{"event_name":"Mushrooms","player_choice":"Fought Mushrooms","floor":10,"damage_taken":0}],"is_beta":false,"boss_relics":[],"items_purged_floors":[14],"is_endless":false,"potions_floor_spawned":[1,10,11,13],"killed_by":"Hexaghost","ascension_level":3}