{"gold_per_floor":[111,111,61,80,80,80,90,90,90,109,109,121,121,139,139,238,238,258,62,62,76,76,76,87,87,87,100,120,120,20,35,35,35],"floor_reached":33,"playtime":957,"items_purged":["Strike_B","Defend_B"],"score":239,"play_id":"4125876c-7d20-45fb-b79c-7d8783293d79","local_time":"20190728192346","is_ascension_mode":false,"campfire_choices":[{"data":"Dualcast","floor":6,"key":"SMITH"},{"data":"Auto Shields","floor":8,"key":"SMITH"},{"data":"Glacier","floor":15,"key":"SMITH"},{"data":"Biased Cognition","floor":25,"key":"SMITH"},{"data":"All For One","floor":29,"key":"SMITH"},{"data":"Hologram","floor":32,"key":"SMITH"}],"neow_cost":"NONE","seed_source_timestamp":1882891236002591,"circlet_count":0,"master_deck":["Strike_B","Strike_B+1","Defend_B+1","Defend_B","Zap+1","Dualcast+1","Auto Shields+1","Biased Cognition+1","BootSequence","Self Repair","Glacier+1","All For One+1","Beam Cell","Flash of Steel","Hologram+1"],"relics":["Cracked Core","DataDisk","Question Card","Busted Crown","Kunai"],"potions_floor_usage":[16,16,33],"damage_taken":[{"damage":6,"enemies":"Jaw Worm","floor":1,"turns":2},{"damage":0,"enemies":"2 Louse","floor":4,"turns":3},{"damage":0,"enemies":"Small Slimes","floor":7,"turns":3},{"damage":6,"enemies":"Exordium Thugs","floor":10,"turns":4},{"damage":0,"enemies":"Large Slime","floor":12,"turns":4},{"damage":0,"enemies":"Blue Slaver","floor":14,"turns":3},{"damage":17,"enemies":"The Guardian","floor":16,"turns":11},{"damage":30,"enemies":"3 Byrds","floor":18,"turns":8},{"damage":0,"enemies":"Chosen","floor":21,"turns":3},{"damage":12,"enemies":"Snecko","floor":24,"turns":5},{"damage":4,"enemies":"Snake Plant","floor":27,"turns":5},{"damage":0,"enemies":"Centurion and Healer","floor":28,"turns":8},{"damage":0,"enemies":"Chosen and Byrds","floor":31,"turns":3},{"damage":93,"enemies":"Collector","floor":33,"turns":9}],"seed_played":"-5405711375853114665","potions_obtained":[{"floor":1,"key":"Fire Potion"},{"floor":4,"key":"Energy Potion"},{"floor":14,"key":"LiquidBronze"},{"floor":21,"key":"Ancient Potion"},{"floor":24,"key":"Dexterity Potion"}],"is_trial":false,"path_per_floor":["M","?","?","M","T","R","M","R","T","M","?","M","?","M","R","B",null,"M","$","?","M","?","?","M","R","T","M","M","R","$","M","R","B"],"character_chosen":"DEFECT","items_purchased":["Beam Cell","Flash of Steel"],"campfire_rested":0,"item_purchase_floors":[19,19],"current_hp_per_floor":[69,54,54,54,54,54,54,54,54,48,48,48,48,55,55,45,75,52,52,75,75,75,75,70,70,70,73,75,75,75,75,75,0],"gold":35,"neow_bonus":"UPGRADE_CARD","is_prod":false,"is_daily":false,"chose_seed":false,"campfire_upgraded":6,"win_rate":0,"timestamp":1564309426,"path_taken":["M","?","?","M","?","R","M","R","T","M","?","?","?","?","R","BOSS","M","$","?","M","?","?","M","R","T","M","M","R","$","?","R","BOSS"],"build_version":"2019-07-17","purchased_purges":2,"victory":false,"max_hp_per_floor":[75,75,75,75,75,75,75,75,75,75,75,75,75,75,75,75,75,75,75,75,75,75,75,75,75,75,75,75,75,75,75,75,75],"card_choices":[{"not_picked":["Heatsinks","Sweeping Beam"],"picked":"Auto Shields","floor":1},{"not_picked":["Conserve Battery","Sweeping Beam","Compile Driver"],"picked":"SKIP","floor":4},{"not_picked":["Tempest","Steam Power"],"picked":"Biased Cognition","floor":7},{"not_picked":["Force Field","Go for the Eyes","Sweeping Beam"],"picked":"BootSequence","floor":10},{"not_picked":["Tempest","Ball Lightning","Compile Driver"],"picked":"Self Repair","floor":12},{"not_picked":["Cold Snap","Turbo","Gash"],"picked":"Glacier","floor":14},{"not_picked":["Multi-Cast","Thunder Strike","Creative AI"],"picked":"All For One","floor":16},{"not_picked":["Beam Cell","Hello World"],"picked":"SKIP","floor":18},{"not_picked":["Compile Driver","Storm"],"picked":"SKIP","floor":21},{"not_picked":["Stack+1","Redo"],"picked":"SKIP","floor":24},{"not_picked":["Barrage","Electrodynamics"],"picked":"SKIP","floor":27},{"not_picked":["Conserve Battery","Redo"],"picked":"SKIP","floor":28},{"not_picked":["Leap+1"],"picked":"Hologram","floor":31}],"player_experience":405747,"relics_obtained":[{"floor":5,"key":"DataDisk"},{"floor":9,"key":"Question Card"},{"floor":26,"key":"Kunai"}],"event_choices":[{"damage_healed":0,"gold_gain":0,"player_choice":"Entered Light","damage_taken":15,"max_hp_gain":0,"max_hp_loss":0,"event_name":"Shining Light","floor":2,"gold_loss":0,"cards_upgraded":["Defend_B","Strike_B"]},{"cards_removed":["Strike_B"],"damage_healed":0,"gold_gain":0,"player_choice":"Card Removal","damage_taken":0,"max_hp_gain":0,"max_hp_loss":0,"event_name":"The Cleric","floor":3,"gold_loss":50},{"damage_healed":0,"gold_gain":0,"player_choice":"Fled","damage_taken":0,"max_hp_gain":0,"max_hp_loss":0,"event_name":"Scrap Ooze","floor":11,"gold_loss":0},{"cards_removed":["Defend_B"],"damage_healed":0,"gold_gain":0,"player_choice":"Purged","damage_taken":0,"max_hp_gain":0,"max_hp_loss":0,"event_name":"Purifier","floor":13,"gold_loss":0},{"damage_healed":25,"gold_gain":0,"player_choice":"Heal","damage_taken":0,"max_hp_gain":0,"max_hp_loss":0,"event_name":"The Library","floor":20,"gold_loss":0},{"damage_healed":0,"gold_gain":0,"player_choice":"Ignored","damage_taken":0,"max_hp_gain":0,"max_hp_loss":0,"event_name":"Vampires","floor":22,"gold_loss":0},{"damage_healed":0,"gold_gain":0,"player_choice":"Ignored","damage_taken":0,"max_hp_gain":0,"max_hp_loss":0,"event_name":"The Mausoleum","floor":23,"gold_loss":0}],"is_beta":false,"boss_relics":[{"not_picked":["Nuclear Battery","Eternal Feather"],"picked":"Busted Crown"}],"items_purged_floors":[19,30],"is_endless":false,"potions_floor_spawned":[1,4,14,21,24],"killed_by":"Collector","ascension_level":0}