{"gold_per_floor":[12,31,31,46,46,46,60,73,118,137,137,102,102,102,102,228,228,244,244,257,276,70,70,89,129,154,154,179,218,218,218],"floor_reached":31,"playtime":2014,"items_purged":["Strike_R"],"score":307,"play_id":"f6dc90ff-5136-4ede-9d69-149b442780a4","local_time":"20180919095412","is_ascension_mode":true,"campfire_choices":[{"floor":6,"key":"DIG"},{"floor":11,"key":"REST"},{"floor":15,"key":"DIG"},{"floor":23,"key":"REST"},{"floor":30,"key":"DIG"}],"neow_cost":"NO_GOLD","seed_source_timestamp":564146015556566,"circlet_count":0,"master_deck":["Strike_R","Strike_R","Strike_R","Defend_R","Defend_R","Defend_R","Defend_R","Bash","Inflame","Feel No Pain","Flame Barrier","Immolate","Disarm","Evolve","Clothesline","Secret Technique","Shrug It Off+1"],"relics":["Burning Blood","Shovel","The Courier","Vajra","Bronze Scales","PreservedInsect","Golden Idol","Orichalcum","Busted Crown","Centennial Puzzle","Juzu Bracelet","Oddly Smooth Stone","Pantograph"],"potions_floor_usage":[7,8,16,29,31],"damage_taken":[{"damage":10,"enemies":"Jaw Worm","floor":1,"turns":5},{"damage":4,"enemies":"2 Louse","floor":2,"turns":3},{"damage":1,"enemies":"Cultist","floor":4,"turns":3},{"damage":45,"enemies":"Gremlin Gang","floor":7,"turns":9},{"damage":15,"enemies":"Lots of Slimes","floor":8,"turns":7},{"damage":4,"enemies":"Large Slime","floor":10,"turns":5},{"damage":29,"enemies":"Hexaghost","floor":16,"turns":9},{"damage":22,"enemies":"2 Thieves","floor":18,"turns":3},{"damage":22,"enemies":"Spheric Guardian","floor":20,"turns":4},{"damage":13,"enemies":"Centurion and Healer","floor":21,"turns":5},{"damage":23,"enemies":"Shelled Parasite and Fungi","floor":24,"turns":5},{"damage":31,"enemies":"Slavers","floor":25,"turns":3},{"damage":18,"enemies":"Snecko","floor":28,"turns":6},{"damage":3,"enemies":"Book of Stabbing","floor":29,"turns":5},{"damage":59,"enemies":"Cultist and Chosen","floor":31,"turns":6}],"seed_played":"1836914862300616175","potions_obtained":[{"floor":1,"key":"EssenceOfSteel"},{"floor":4,"key":"SpeedPotion"},{"floor":8,"key":"Strength Potion"},{"floor":20,"key":"Energy Potion"},{"floor":25,"key":"Block Potion"},{"floor":28,"key":"BloodPotion"}],"is_trial":false,"path_per_floor":["M","M","?","M","?","R","M","M","T","M","R","?","T","?","R","B",null,"M","?","M","M","$","R","M","E","T","?","M","E","R"],"character_chosen":"IRONCLAD","items_purchased":["Secret Technique"],"campfire_rested":2,"item_purchase_floors":[22],"current_hp_per_floor":[76,78,71,76,58,58,19,10,10,12,36,56,56,56,56,33,74,58,58,42,35,35,57,40,15,15,39,27,30,30,0],"gold":218,"neow_bonus":"ONE_RARE_RELIC","is_prod":false,"is_daily":false,"chose_seed":false,"campfire_upgraded":0,"win_rate":0,"timestamp":1537368852,"path_taken":["M","M","?","M","?","R","?","?","T","?","R","?","?","?","R","BOSS","M","?","M","M","$","R","M","E","T","?","M","E","R","M"],"build_version":"2018-09-06","purchased_purges":1,"victory":false,"max_hp_per_floor":[80,80,80,80,80,80,80,80,80,80,80,80,80,74,74,74,74,74,74,74,74,74,74,74,74,74,74,74,74,74,74],"card_choices":[{"not_picked":["Armaments","Reckless Charge"],"picked":"Inflame","floor":1},{"not_picked":["Havoc","Thunderclap"],"picked":"Feel No Pain","floor":2},{"not_picked":["Sword Boomerang","Clash","Combust"],"picked":"SKIP","floor":4},{"not_picked":["Rage","Perfected Strike","Clash"],"picked":"SKIP","floor":7},{"not_picked":["Twin Strike","Body Slam","Sword Boomerang"],"picked":"SKIP","floor":8},{"not_picked":["Dual Wield","Wild Strike"],"picked":"Flame Barrier","floor":10},{"not_picked":["Exhume","Bludgeon"],"picked":"Immolate","floor":16},{"not_picked":[],"picked":"Disarm","floor":18},{"not_picked":[],"picked":"Evolve","floor":20},{"not_picked":[],"picked":"Clothesline","floor":21},{"not_picked":["Clash+1"],"picked":"SKIP","floor":24},{"not_picked":[],"picked":"Shrug It Off+1","floor":25},{"not_picked":["Power Through"],"picked":"SKIP","floor":28},{"not_picked":["Heavy Blade"],"picked":"SKIP","floor":29}],"player_experience":161029,"relics_obtained":[{"floor":6,"key":"Vajra"},{"floor":9,"key":"Bronze Scales"},{"floor":13,"key":"PreservedInsect"},{"floor":15,"key":"Orichalcum"},{"floor":25,"key":"Centennial Puzzle"},{"floor":26,"key":"Juzu Bracelet"},{"floor":29,"key":"Oddly Smooth Stone"},{"floor":30,"key":"Pantograph"}],"event_choices":[{"event_name":"Golden Wing","player_choice":"Card Removal","floor":3,"damage_taken":0},{"event_name":"Scrap Ooze","player_choice":"success","floor":5,"damage_taken":18},{"event_name":"The Cleric","player_choice":"Healed","floor":12,"damage_taken":0},{"event_name":"Golden Idol","player_choice":"Lose Max HP","floor":14,"damage_taken":0},{"event_name":"The Mausoleum","player_choice":"No","floor":19,"damage_taken":0},{"event_name":"The Library","player_choice":"Heal","floor":27,"damage_taken":0}],"is_beta":false,"boss_relics":[{"not_picked":["Runic Cube","Mark of Pain"],"picked":"Busted Crown"}],"items_purged_floors":[22],"is_endless":false,"potions_floor_spawned":[1,4,8,20,25,28],"killed_by":"Cultist and Chosen","ascension_level":3}