{"gold_per_floor":[219,219,236,186,198,34,51,51,51,51,86,86,120,133,133,230,230,245,260,0,16,32,65,65,65,65,18,31,59,59,86,86,182,182,192,208,208,59,73,73,98,98,125,138,150,164,192,41,41,41],"floor_reached":51,"playtime":5445,"items_purged":[],"score":1141,"play_id":"070fa668-b857-4d63-ab8f-518fc34cdd97","local_time":"20190819132936","is_ascension_mode":true,"campfire_choices":[{"data":"Apotheosis","floor":8,"key":"SMITH"},{"data":"Caltrops","floor":10,"key":"SMITH"},{"data":"Neutralize","floor":12,"key":"SMITH"},{"floor":15,"key":"REST"},{"floor":25,"key":"REST"},{"data":"Noxious Fumes","floor":30,"key":"SMITH"},{"data":"Well Laid Plans","floor":32,"key":"SMITH"},{"data":"Dash","floor":40,"key":"SMITH"},{"floor":42,"key":"REST"},{"floor":49,"key":"REST"}],"neow_cost":"NONE","seed_source_timestamp":428978137609716,"circlet_count":0,"master_deck":["AscendersBane","Survivor","Neutralize+1","PiercingWail","Caltrops+1","Dash+1","Apotheosis+1","Flying Knee","Cloak And Dagger","Noxious Fumes+1","Flying Knee","Wraith Form v2","Deadly Poison+1","PiercingWail+1","Cloak And Dagger+1","Well Laid Plans+1","Escape Plan+1","Dagger Throw","Leg Sweep+1","Acrobatics+1","Terror+1","Burst+1","Predator","Bouncing Flask+1","Choke","Quick Slash","Bane","Deflect+1","Storm of Steel+1","Phantasmal Killer+1","Backflip+1","Enlightenment+1","Crippling Poison+1","Burst+1","Poisoned Stab+1","Deadly Poison+1"],"relics":["Ring of the Snake","Art of War","Singing Bowl","Toxic Egg 2","Cursed Key","Omamori","Bag of Preparation","Ninja Scroll","Bottled Flame","Lantern","Pandora\u0027s Box","Orichalcum","Anchor","PreservedInsect","Vajra"],"potions_floor_usage":[7,13,16,18,23,23,39,50,50,50],"damage_taken":[{"damage":1,"enemies":"Small Slimes","floor":1,"turns":3},{"damage":3,"enemies":"Jaw Worm","floor":3,"turns":6},{"damage":0,"enemies":"Cultist","floor":5,"turns":5},{"damage":0,"enemies":"Lots of Slimes","floor":7,"turns":4},{"damage":21,"enemies":"3 Sentries","floor":11,"turns":10},{"damage":16,"enemies":"Gremlin Nob","floor":13,"turns":5},{"damage":0,"enemies":"Looter","floor":14,"turns":4},{"damage":26,"enemies":"Slime Boss","floor":16,"turns":10},{"damage":1,"enemies":"3 Byrds","floor":18,"turns":4},{"damage":7,"enemies":"Shell Parasite","floor":19,"turns":6},{"damage":3,"enemies":"Snake Plant","floor":21,"turns":4},{"damage":0,"enemies":"Centurion and Healer","floor":22,"turns":7},{"damage":16,"enemies":"Gremlin Leader","floor":23,"turns":6},{"damage":0,"enemies":"Chosen and Byrds","floor":28,"turns":5},{"damage":5,"enemies":"Book of Stabbing","floor":29,"turns":6},{"damage":4,"enemies":"Slavers","floor":31,"turns":7},{"damage":16,"enemies":"Automaton","floor":33,"turns":12},{"damage":12,"enemies":"3 Darklings","floor":35,"turns":6},{"damage":2,"enemies":"Orb Walker","floor":36,"turns":3},{"damage":0,"enemies":"Maw","floor":39,"turns":6},{"damage":17,"enemies":"Reptomancer","floor":41,"turns":7},{"damage":22,"enemies":"Transient","floor":44,"turns":5},{"damage":8,"enemies":"Sphere and 2 Shapes","floor":45,"turns":3},{"damage":0,"enemies":"Maw","floor":46,"turns":7},{"damage":8,"enemies":"Nemesis","floor":47,"turns":7},{"damage":62,"enemies":"Awakened One","floor":50,"turns":12}],"seed_played":"5922060600928167416","potions_obtained":[{"floor":1,"key":"Explosive Potion"},{"floor":5,"key":"LiquidBronze"},{"floor":7,"key":"Poison Potion"},{"floor":14,"key":"Energy Potion"},{"floor":21,"key":"SkillPotion"},{"floor":22,"key":"LiquidBronze"},{"floor":29,"key":"SteroidPotion"},{"floor":35,"key":"LiquidBronze"},{"floor":36,"key":"Regen Potion"},{"floor":44,"key":"Swift Potion"}],"is_trial":false,"path_per_floor":["M","?","M","?","M","$","M","R","T","R","E","R","E","M","R","B",null,"M","M","$","M","M","E","?","R","T","$","M","E","R","E","R","B",null,"M","M","?","$","M","R","E","R","T","M","M","M","E","$","R","B",null],"character_chosen":"THE_SILENT","items_purchased":["Apotheosis","Omamori","Cloak And Dagger+1","Well Laid Plans","Acrobatics+1","Enlightenment+1","Crippling Poison+1","Vajra"],"campfire_rested":4,"item_purchase_floors":[6,20,20,20,27,38,38,48],"current_hp_per_floor":[62,67,64,64,64,64,64,64,64,64,43,43,27,27,49,23,62,61,54,54,51,51,35,35,57,57,57,59,56,56,52,52,36,68,56,54,54,54,71,71,56,80,80,58,52,52,44,44,69,7],"gold":41,"neow_bonus":"HUNDRED_GOLD","is_prod":false,"is_daily":false,"chose_seed":false,"campfire_upgraded":6,"win_rate":0,"timestamp":1566235776,"path_taken":["M","?","M","?","?","$","M","R","T","R","E","R","E","M","R","BOSS","M","M","?","M","?","E","?","R","T","$","?","E","R","E","R","BOSS","M","M","?","$","M","R","E","R","T","M","M","M","E","$","R","BOSS"],"build_version":"2019-07-17","purchased_purges":0,"victory":true,"max_hp_per_floor":[70,75,75,75,75,75,75,75,75,75,75,75,75,75,75,75,75,75,75,75,75,75,75,75,75,75,75,77,79,79,79,79,79,79,79,79,79,79,81,81,83,83,83,83,85,85,85,85,85,85],"card_choices":[{"not_picked":["Blur","Tactician"],"picked":"PiercingWail","floor":1},{"not_picked":["Masterful Stab","Deflect"],"picked":"Caltrops","floor":3},{"not_picked":["PiercingWail","Bane"],"picked":"Dash","floor":5},{"not_picked":["Dash","Dodge and Roll"],"picked":"Flying Knee","floor":7},{"not_picked":["Acrobatics","Outmaneuver"],"picked":"Cloak And Dagger","floor":11},{"not_picked":["Distraction","A Thousand Cuts"],"picked":"Noxious Fumes","floor":13},{"not_picked":["Underhanded Strike","Finisher"],"picked":"Flying Knee","floor":14},{"not_picked":["A Thousand Cuts","Venomology+1"],"picked":"Wraith Form v2","floor":16},{"not_picked":["Flying Knee","Acrobatics+1"],"picked":"Deadly Poison+1","floor":18},{"not_picked":["Caltrops+1","Finisher+1"],"picked":"PiercingWail+1","floor":19},{"not_picked":["Deflect+1","Dagger Throw"],"picked":"Escape Plan+1","floor":21},{"not_picked":["Predator","Distraction+1"],"picked":"Dagger Throw","floor":22},{"not_picked":["Reflex+1","Die Die Die"],"picked":"Leg Sweep+1","floor":23},{"not_picked":["Slice+1","PiercingWail+1","Underhanded Strike"],"picked":"Singing Bowl","floor":28},{"not_picked":["Tools of the Trade","Dagger Throw","Bane"],"picked":"Singing Bowl","floor":29},{"not_picked":["Quick Slash","Heel Hook"],"picked":"Terror+1","floor":31},{"not_picked":["Night Terror+1","Adrenaline+1"],"picked":"Burst+1","floor":33},{"not_picked":["Bouncing Flask+1","Slice+1"],"picked":"Backflip+1","floor":35},{"not_picked":["Outmaneuver+1","Deflect+1"],"picked":"Poisoned Stab+1","floor":36},{"not_picked":["Masterful Stab+1","Outmaneuver+1","Accuracy+1"],"picked":"Singing Bowl","floor":39},{"not_picked":["Cloak And Dagger+1","Well Laid Plans","Quick Slash"],"picked":"Singing Bowl","floor":41},{"not_picked":["Predator+1","Outmaneuver+1"],"picked":"Burst+1","floor":44},{"not_picked":["Deflect+1","Cloak And Dagger+1","Blade Dance+1"],"picked":"Singing Bowl","floor":45},{"not_picked":["Dodge and Roll+1","Underhanded Strike"],"picked":"Poisoned Stab+1","floor":46},{"not_picked":["Dagger Spray+1","Finisher+1"],"picked":"Deadly Poison+1","floor":47}],"player_experience":444541,"relics_obtained":[{"floor":9,"key":"Art of War"},{"floor":11,"key":"Singing Bowl"},{"floor":13,"key":"Toxic Egg 2"},{"floor":23,"key":"Bag of Preparation"},{"floor":26,"key":"Ninja Scroll"},{"floor":29,"key":"Bottled Flame"},{"floor":31,"key":"Lantern"},{"floor":41,"key":"Orichalcum"},{"floor":43,"key":"Anchor"},{"floor":47,"key":"PreservedInsect"}],"event_choices":[{"damage_healed":0,"gold_gain":0,"player_choice":"Donut","damage_taken":0,"max_hp_gain":5,"max_hp_loss":0,"event_name":"Big Fish","floor":2,"gold_loss":0},{"cards_removed":["Strike_G"],"damage_healed":0,"gold_gain":0,"player_choice":"Card Removal","damage_taken":0,"max_hp_gain":0,"max_hp_loss":0,"event_name":"The Cleric","floor":4,"gold_loss":50},{"cards_removed":["Strike_G"],"damage_healed":0,"gold_gain":0,"player_choice":"Offered Basic","damage_taken":0,"max_hp_gain":0,"max_hp_loss":0,"event_name":"Bonfire Elementals","floor":24,"gold_loss":0},{"cards_removed":["Poisoned Stab"],"damage_healed":0,"gold_gain":0,"player_choice":"Removed Attack","damage_taken":0,"max_hp_gain":0,"max_hp_loss":0,"event_name":"Falling","floor":37,"gold_loss":0}],"is_beta":false,"boss_relics":[{"not_picked":["White Beast Statue","Philosopher\u0027s Stone"],"picked":"Cursed Key"},{"not_picked":["HoveringKite","Calling Bell"],"picked":"Pandora\u0027s Box"}],"items_purged_floors":[],"is_endless":false,"potions_floor_spawned":[1,5,7,14,21,22,29,35,36,44,45],"ascension_level":10}