{"gold_per_floor":[113,131,131,56,67,67,77,87,87,187,202,214,214,227,227,325,325,338,413,431,447,447],"floor_reached":22,"playtime":2002,"items_purged":["Strike_B"],"score":182,"play_id":"046064bc-c582-409f-a1bd-dadbe8781438","local_time":"20190724071147","is_ascension_mode":false,"campfire_choices":[{"data":"Zap","floor":6,"key":"SMITH"},{"data":"Hologram","floor":13,"key":"SMITH"},{"data":"Cold Snap","floor":15,"key":"SMITH"}],"neow_cost":"NONE","seed_source_timestamp":1492348837141336,"circlet_count":0,"master_deck":["Strike_B","Strike_B","Strike_B","Defend_B","Defend_B","Defend_B","Defend_B","Zap+1","Dualcast","Hologram+1","Streamline","Chill","Cold Snap+1","Meteor Strike","FTL","Double Energy","All For One","Auto Shields","Self Repair","Gash"],"relics":["Cracked Core","DataDisk","Gremlin Horn","Black Star"],"potions_floor_usage":[8,16,21],"damage_taken":[{"damage":0,"enemies":"Small Slimes","floor":1,"turns":3},{"damage":0,"enemies":"Cultist","floor":2,"turns":3},{"damage":0,"enemies":"2 Louse","floor":5,"turns":2},{"damage":4,"enemies":"Blue Slaver","floor":7,"turns":4},{"damage":0,"enemies":"Exordium Wildlife","floor":8,"turns":4},{"damage":0,"enemies":"3 Louse","floor":11,"turns":2},{"damage":1,"enemies":"Lots of Slimes","floor":12,"turns":2},{"damage":0,"enemies":"Looter","floor":14,"turns":2},{"damage":27,"enemies":"The Guardian","floor":16,"turns":12},{"damage":6,"enemies":"3 Byrds","floor":18,"turns":4},{"damage":18,"enemies":"Chosen","floor":20,"turns":5},{"damage":32,"enemies":"Snake Plant","floor":21,"turns":7},{"damage":39,"enemies":"Cultist and Chosen","floor":22,"turns":6}],"seed_played":"1103793857954842833","potions_obtained":[{"floor":2,"key":"FearPotion"},{"floor":8,"key":"Fruit Juice"},{"floor":11,"key":"SpeedPotion"},{"floor":12,"key":"EssenceOfSteel"},{"floor":21,"key":"LiquidBronze"}],"is_trial":false,"path_per_floor":["M","M","?","$","M","R","M","M","T","?","M","M","R","M","R","B",null,"M","?","M","M","M"],"character_chosen":"DEFECT","items_purchased":[],"campfire_rested":0,"item_purchase_floors":[],"current_hp_per_floor":[75,75,75,75,75,75,71,76,76,76,76,75,75,75,75,48,80,74,66,48,23,0],"gold":447,"neow_bonus":"THREE_CARDS","is_prod":false,"is_daily":false,"chose_seed":false,"campfire_upgraded":3,"win_rate":0,"timestamp":1563919907,"path_taken":["M","M","?","$","?","R","M","M","T","?","?","M","R","M","R","BOSS","M","?","?","M","M"],"build_version":"2019-07-17","purchased_purges":1,"victory":false,"max_hp_per_floor":[75,75,75,75,75,75,75,80,80,80,80,80,80,80,80,80,80,80,80,80,80,80],"card_choices":[{"not_picked":["White Noise","Go for the Eyes"],"picked":"Hologram","floor":0},{"not_picked":["Turbo","Ball Lightning"],"picked":"Streamline","floor":1},{"not_picked":["Skim","Redo"],"picked":"Chill","floor":2},{"not_picked":["Undo","Tempest","Rebound"],"picked":"SKIP","floor":5},{"not_picked":["Ball Lightning","Genetic Algorithm"],"picked":"Cold Snap","floor":7},{"not_picked":["Go for the Eyes","Lockon","Hologram"],"picked":"SKIP","floor":8},{"not_picked":["Steam Power","Streamline"],"picked":"Meteor Strike","floor":11},{"not_picked":["Cold Snap","Compile Driver"],"picked":"FTL","floor":12},{"not_picked":["Reprogram","White Noise"],"picked":"Double Energy","floor":14},{"not_picked":["Thunder Strike","Seek"],"picked":"All For One","floor":16},{"not_picked":["Hologram+1","Steam+1"],"picked":"Auto Shields","floor":18},{"not_picked":["Stack","Streamline+1"],"picked":"Self Repair","floor":20},{"not_picked":["Go for the Eyes","Barrage"],"picked":"Gash","floor":21}],"player_experience":372997,"relics_obtained":[{"floor":9,"key":"Gremlin Horn"}],"event_choices":[{"damage_healed":0,"gold_gain":0,"player_choice":"Gave Potion","damage_taken":0,"relics_obtained":["DataDisk"],"max_hp_gain":0,"max_hp_loss":0,"event_name":"WeMeetAgain","floor":3,"gold_loss":0},{"damage_healed":0,"gold_gain":100,"player_choice":"Gold","damage_taken":0,"max_hp_gain":0,"max_hp_loss":0,"event_name":"Wheel of Change","floor":10,"gold_loss":0},{"damage_healed":0,"gold_gain":75,"player_choice":"Touch","damage_taken":8,"max_hp_gain":0,"max_hp_loss":0,"event_name":"FaceTrader","floor":19,"gold_loss":0}],"is_beta":false,"boss_relics":[{"not_picked":["Busted Crown","Calling Bell"],"picked":"Black Star"}],"items_purged_floors":[4],"is_endless":false,"potions_floor_spawned":[2,8,11,12,21],"killed_by":"Cultist and Chosen","ascension_level":0}