{"gold_per_floor":[118,129,144,144,163,163,195,10,57,86,99,73,73,73,73,176,176,189,205,223,241,4,4,14,40,66,66,66,66,95,109,109,208,208,227,237,254,39,58,58,89,105,183,183,183,28,28,39,39,39],"floor_reached":51,"playtime":5643,"items_purged":[],"score":1069,"play_id":"7bc84b4d-21c9-464a-a1db-fb3900a4c384","local_time":"20190805232518","is_ascension_mode":true,"campfire_choices":[{"floor":6.0,"key":"REST"},{"data":"Capacitor","floor":13.0,"key":"SMITH"},{"data":"Zap","floor":15.0,"key":"SMITH"},{"data":"Fission","floor":23,"key":"SMITH"},{"data":"Defragment","floor":29,"key":"SMITH"},{"data":"Loop","floor":32,"key":"SMITH"},{"data":"Fission","floor":40,"key":"SMITH"},{"data":"Panacea","floor":45,"key":"SMITH"},{"floor":49,"key":"REST"}],"neow_cost":"NONE","seed_source_timestamp":153975237266011,"circlet_count":0,"master_deck":["AscendersBane","Strike_B+1","Defend_B","Defend_B","Defend_B+1","Zap+1","Dualcast+1","Go for the Eyes","Cold Snap","Conserve Battery+1","Lockon","All For One","Capacitor+1","Coolheaded","Compile Driver","Turbo","FTL","Go for the Eyes","Leap","Fission+1","Gash","Compile Driver+1","Sweeping Beam","Gash","Loop+1","Defragment+1","Leap","Barrage+1","Gash","Fission+1","Sweeping Beam+1","Barrage+1","Barrage+1","Beam Cell","Redo+1","Biased Cognition","Panacea+1","Beam Cell","Turbo+1","Gash+1","Parasite","Conserve Battery","Blizzard","Flash of Steel"],"special_seed":0,"relics":["FrozenCore","Potion Belt","Meat on the Bone","Boot","Bag of Marbles","Runic Capacitor","Pear","War Paint","Matryoshka","Astrolabe","Darkstone Periapt","Dodecahedron","Bottled Flame"],"potions_floor_usage":[20,25,33,33,36,39,41,41,41,50,50],"damage_taken":[{"damage":13.0,"enemies":"Jaw Worm","floor":1.0,"turns":4.0},{"damage":0.0,"enemies":"Small Slimes","floor":2.0,"turns":3.0},{"damage":0.0,"enemies":"2 Louse","floor":3.0,"turns":2.0},{"damage":21.0,"enemies":"Large Slime","floor":5.0,"turns":6.0},{"damage":15.0,"enemies":"3 Sentries","floor":7.0,"turns":11.0},{"damage":9.0,"enemies":"Lagavulin","floor":10.0,"turns":6.0},{"damage":2.0,"enemies":"Lots of Slimes","floor":11.0,"turns":3.0},{"damage":15.0,"enemies":"Hexaghost","floor":16.0,"turns":15.0},{"damage":9.0,"enemies":"Spheric Guardian","floor":18.0,"turns":4.0},{"damage":0,"enemies":"Chosen","floor":19,"turns":4},{"damage":1,"enemies":"3 Cultists","floor":20,"turns":8},{"damage":0,"enemies":"Snecko","floor":21,"turns":4},{"damage":5,"enemies":"Chosen and Byrds","floor":24,"turns":6},{"damage":20,"enemies":"Book of Stabbing","floor":25,"turns":8},{"damage":5,"enemies":"Gremlin Leader","floor":30,"turns":9},{"damage":2,"enemies":"Sentry and Sphere","floor":31,"turns":5},{"damage":14,"enemies":"Collector","floor":33,"turns":11},{"damage":0,"enemies":"3 Shapes","floor":35,"turns":4},{"damage":0,"enemies":"Orb Walker","floor":36,"turns":3},{"damage":3,"enemies":"Sphere and 2 Shapes","floor":37,"turns":6},{"damage":13,"enemies":"Transient","floor":39,"turns":5},{"damage":18,"enemies":"Reptomancer","floor":41,"turns":6},{"damage":51,"enemies":"Writhing Mass","floor":42,"turns":8},{"damage":42,"enemies":"Jaw Worm Horde","floor":48,"turns":5},{"damage":32,"enemies":"Donu and Deca","floor":50,"turns":11}],"seed_played":"-6373236117163475082","potions_obtained":[{"floor":5.0,"key":"Energy Potion"},{"floor":7.0,"key":"FearPotion"},{"floor":10.0,"key":"Dexterity Potion"},{"floor":16.0,"key":"GamblersBrew"},{"floor":20,"key":"Explosive Potion"},{"floor":25,"key":"SpeedPotion"},{"floor":28,"key":"Strength Potion"},{"floor":28,"key":"SmokeBomb"},{"floor":28,"key":"FocusPotion"},{"floor":30,"key":"GamblersBrew"},{"floor":37,"key":"Energy Potion"},{"floor":39,"key":"SkillPotion"},{"floor":48,"key":"PowerPotion"}],"is_trial":false,"path_per_floor":["M","M","M","?","M","R","E","$","T","E","M","$","R","?","R","B",null,"M","M","M","M","$","R","M","E","T","?","?","R","E","M","R","B",null,"M","M","M","$","M","R","E","M","T","?","R","$","?","M","R","B",null],"character_chosen":"DEFECT","items_purchased":["Capacitor","Coolheaded","Compile Driver","Turbo","Leap","Runic Capacitor","Loop","Panacea","Ancient Potion","Beam Cell","Blizzard","Flash of Steel"],"campfire_rested":2,"item_purchase_floors":[8,8,8,8,12,22,22,38,38,38,46,46],"current_hp_per_floor":[55,55,55,40,19,41,26,26,26,29,39,39,39,39,39,36,65,56,56,55,55,55,55,50,52,52,52,52,52,47,45,45,43,75,75,75,72,72,59,59,53,20,20,80,80,80,80,50,74,42],"gold":39,"neow_bonus":"RANDOM_COMMON_RELIC","is_prod":false,"is_daily":false,"chose_seed":false,"campfire_upgraded":7,"win_rate":0,"timestamp":1565061918,"path_taken":["M","M","M","?","M","R","E","$","T","E","M","$","R","?","R","BOSS","M","M","M","M","$","R","M","E","T","?","?","R","E","?","R","BOSS","M","M","M","$","M","R","E","M","T","?","R","$","?","M","R","BOSS"],"build_version":"2019-07-17","purchased_purges":0,"victory":true,"max_hp_per_floor":[75,75,75,75,75,75,75,75,75,75,75,75,75,75,75,75,75,75,75,75,75,75,75,75,85,85,85,85,85,85,85,85,85,85,85,85,85,85,85,85,85,91,91,80,80,80,80,80,80,80],"card_choices":[{"not_picked":["Stack","Streamline"],"picked":"Go for the Eyes","floor":1.0},{"not_picked":["Scrape","BootSequence"],"picked":"Cold Snap","floor":2.0},{"not_picked":["Redo","Cold Snap"],"picked":"Conserve Battery","floor":3.0},{"not_picked":["Hello World","Steam"],"picked":"Lockon","floor":5.0},{"not_picked":["Leap","White Noise"],"picked":"All For One","floor":7.0},{"not_picked":["Go for the Eyes","Darkness"],"picked":"FTL","floor":10.0},{"not_picked":["Darkness","Streamline"],"picked":"Go for the Eyes","floor":11.0},{"not_picked":["All For One","Hyperbeam"],"picked":"Fission","floor":16.0},{"not_picked":["Hologram","Cold Snap"],"picked":"Gash","floor":18.0},{"not_picked":["Beam Cell","Tempest"],"picked":"Compile Driver+1","floor":19},{"not_picked":["Biased Cognition","Hello World"],"picked":"Sweeping Beam","floor":20},{"not_picked":["Stack+1","Hologram"],"picked":"Gash","floor":21},{"not_picked":["Steam","Hyperbeam"],"picked":"Defragment","floor":24},{"not_picked":["Streamline","Auto Shields"],"picked":"Leap","floor":25},{"not_picked":["Compile Driver","Go for the Eyes"],"picked":"Barrage+1","floor":30},{"not_picked":["Leap","Steam"],"picked":"Gash","floor":31},{"not_picked":["Reboot","Creative AI"],"picked":"Fission","floor":33},{"not_picked":["Undo","Barrage+1"],"picked":"Beam Cell","floor":35},{"not_picked":["Compile Driver+1","Stack+1"],"picked":"Redo+1","floor":36},{"not_picked":["Go for the Eyes+1","Doom and Gloom+1"],"picked":"Biased Cognition","floor":37},{"not_picked":["Blizzard","Recycle"],"picked":"Turbo+1","floor":39},{"not_picked":["Compile Driver","Steam+1"],"picked":"Gash+1","floor":41},{"not_picked":["Gash","Storm"],"picked":"Conserve Battery","floor":42},{"not_picked":["Hyperbeam","Turbo+1","Rebound+1"],"picked":"SKIP","floor":48}],"player_experience":375283,"relics_obtained":[{"floor":7.0,"key":"Meat on the Bone"},{"floor":9.0,"key":"Boot"},{"floor":10.0,"key":"Bag of Marbles"},{"floor":25,"key":"Pear"},{"floor":26,"key":"War Paint"},{"floor":30,"key":"Matryoshka"},{"floor":41,"key":"Darkstone Periapt"},{"floor":43,"key":"Dodecahedron"},{"floor":43,"key":"Bottled Flame"}],"event_choices":[{"damage_healed":0.0,"max_hp_gain":0.0,"max_hp_loss":0.0,"gold_gain":0.0,"event_name":"Shining Light","player_choice":"Entered Light","floor":4.0,"gold_loss":0.0,"damage_taken":15.0,"cards_upgraded":["Defend_B","Strike_B"]},{"damage_healed":0.0,"max_hp_gain":0.0,"max_hp_loss":0.0,"gold_gain":0.0,"event_name":"Liars Game","player_choice":"Ignored","floor":14.0,"gold_loss":0.0,"damage_taken":0.0},{"damage_healed":0,"gold_gain":0,"player_choice":"Got Potions","damage_taken":0,"max_hp_gain":0,"max_hp_loss":0,"event_name":"Lab","floor":28,"gold_loss":0},{"damage_healed":80,"gold_gain":0,"player_choice":"Heal","damage_taken":0,"max_hp_gain":0,"max_hp_loss":11,"event_name":"The Moai Head","floor":44,"gold_loss":0},{"cards_removed":["Strike_B"],"damage_healed":0,"gold_gain":0,"player_choice":"Purged","damage_taken":0,"max_hp_gain":0,"max_hp_loss":0,"event_name":"Purifier","floor":47,"gold_loss":0}],"is_beta":false,"boss_relics":[{"not_picked":["Coffee Dripper","Philosopher\u0027s Stone"],"picked":"FrozenCore"},{"not_picked":["Black Star","Lizard Tail"],"picked":"Astrolabe"}],"items_purged_floors":[],"is_endless":false,"potions_floor_spawned":[5,7,10,16,20,25,30,37,39,48],"ascension_level":10}