{"gold_per_floor":[117,133,133,149,149,149,167,207,231,268,294,306,357,388,400,543,555,585,621,656,668,694,746,779,791,857,883,919,950,962,1013,1025,1158,1170,1198,804,827,484,552,586,586,600,600,614,627,627,671,691,691,691],"floor_reached":50,"playtime":5093,"items_purged":[],"score":746,"play_id":"6bcf4f5a-a024-493a-be1e-4f45891228db","local_time":"20180912143420","is_ascension_mode":true,"campfire_choices":[{"data":"Pommel Strike","floor":6.0,"key":"SMITH"},{"data":"Armaments","floor":15.0,"key":"SMITH"},{"floor":25.0,"key":"REST"},{"floor":30.0,"key":"REST"},{"floor":32.0,"key":"REST"},{"floor":41,"key":"REST"},{"data":"Double Tap","floor":49,"key":"SMITH"}],"neow_cost":"NONE","seed_source_timestamp":0,"circlet_count":0,"master_deck":["Strike_R","Strike_R","Strike_R","Strike_R","Strike_R","Defend_R","Defend_R","Defend_R+1","Bash","Twin Strike","Thunderclap","Pommel Strike+1","Twin Strike+1","Seeing Red","Clash","Armaments+1","Shockwave","Perfected Strike","Immolate","Twin Strike+1","True Grit+1","Shrug It Off","Perfected Strike+1","Perfected Strike+1","Feed","Clash","Armaments","Wild Strike","Shrug It Off","Reaper","Clash","Dual Wield","Twin Strike","Rampage","Infernal Blade","Double Tap+1","Flex+1","Twin Strike","Shrug It Off","Anger+1","Flex","Flex+1","Thunderclap+1"],"special_seed":0,"relics":["Burning Blood","Centennial Puzzle","Golden Idol","Mercury Hourglass","War Paint","MawBank","Pen Nib","Black Star","Strawberry","Whetstone","Tiny Chest","Juzu Bracelet","Regal Pillow","Mark of Pain","Meat on the Bone","Medical Kit","Unceasing Top","Paper Frog","Question Card","Molten Egg 2","Kunai","Pantograph"],"potions_floor_usage":[40,45,50,50],"damage_taken":[{"damage":3.0,"enemies":"Small Slimes","floor":1.0,"turns":5.0},{"damage":2.0,"enemies":"2 Louse","floor":2.0,"turns":3.0},{"damage":1.0,"enemies":"Cultist","floor":4.0,"turns":4.0},{"damage":2.0,"enemies":"Exordium Wildlife","floor":7.0,"turns":3.0},{"damage":26.0,"enemies":"Lagavulin","floor":8.0,"turns":5.0},{"damage":3.0,"enemies":"Looter","floor":10.0,"turns":2.0},{"damage":2.0,"enemies":"Lots of Slimes","floor":11.0,"turns":2.0},{"damage":13.0,"enemies":"3 Sentries","floor":13.0,"turns":5.0},{"damage":0.0,"enemies":"2 Fungi Beasts","floor":14.0,"turns":2.0},{"damage":27.0,"enemies":"Hexaghost","floor":16.0,"turns":6.0},{"damage":20.0,"enemies":"2 Thieves","floor":18.0,"turns":3.0},{"damage":0.0,"enemies":"Chosen","floor":19.0,"turns":3.0},{"damage":21.0,"enemies":"Snake Plant","floor":20.0,"turns":4.0},{"damage":11.0,"enemies":"Sentry and Sphere","floor":22.0,"turns":5.0},{"damage":25.0,"enemies":"Slavers","floor":23.0,"turns":3.0},{"damage":38.0,"enemies":"Shelled Parasite and Fungi","floor":24.0,"turns":5.0},{"damage":42.0,"enemies":"Centurion and Healer","floor":27.0,"turns":5.0},{"damage":5.0,"enemies":"Sentry and Sphere","floor":28.0,"turns":5.0},{"damage":4.0,"enemies":"Chosen and Byrds","floor":29.0,"turns":3.0},{"damage":37.0,"enemies":"Gremlin Leader","floor":31.0,"turns":6.0},{"damage":43.0,"enemies":"Champ","floor":33.0,"turns":9.0},{"damage":53.0,"enemies":"3 Darklings","floor":35.0,"turns":5.0},{"damage":3.0,"enemies":"Orb Walker","floor":37.0,"turns":2.0},{"damage":14.0,"enemies":"Mysterious Sphere","floor":39.0,"turns":5.0},{"damage":26,"enemies":"Giant Head","floor":40,"turns":6},{"damage":21,"enemies":"Transient","floor":42,"turns":5},{"damage":14,"enemies":"3 Darklings","floor":44,"turns":3},{"damage":27,"enemies":"Sphere and 2 Shapes","floor":45,"turns":4},{"damage":22,"enemies":"2 Orb Walkers","floor":47,"turns":4},{"damage":28,"enemies":"Transient","floor":48,"turns":5},{"damage":107,"enemies":"Time Eater","floor":50,"turns":8}],"seed_played":"-4088713116068904496","potions_obtained":[{"floor":8.0,"key":"Poison Potion"},{"floor":11.0,"key":"FearPotion"},{"floor":13.0,"key":"LiquidBronze"},{"floor":16.0,"key":"Swift Potion"},{"floor":19.0,"key":"BloodPotion"},{"floor":22.0,"key":"Fire Potion"},{"floor":28.0,"key":"FairyPotion"},{"floor":29.0,"key":"SteroidPotion"},{"floor":31.0,"key":"BloodPotion"},{"floor":33.0,"key":"Regen Potion"},{"floor":39.0,"key":"SkillPotion"},{"floor":42,"key":"BloodPotion"},{"floor":44,"key":"Regen Potion"},{"floor":48,"key":"PowerPotion"}],"is_trial":false,"path_per_floor":["M","M","?","M","T","R","M","E","T","M","M","?","E","M","R","B",null,"M","M","M","?","M","E","M","R","T","M","M","M","R","E","R","B",null,"M","$","M","$","?","E","R","M","T","M","M","?","E","M","R"],"character_chosen":"IRONCLAD","items_purchased":["Dual Wield","Twin Strike","Meat on the Bone","Rampage","Medical Kit","Double Tap"],"campfire_rested":4,"item_purchase_floors":[36,36,36,36,38,38],"current_hp_per_floor":[80,80,80,80,80,80,80,60,60,63,67,67,60,66,66,45,80,66,72,57,80,75,71,39,65,65,29,33,38,65,34,76,39,93,58,58,65,65,66,55,93,78,78,70,61,61,60,58,58,0],"gold":691,"neow_bonus":"RANDOM_COMMON_RELIC","is_prod":false,"is_daily":false,"chose_seed":false,"campfire_upgraded":3,"win_rate":0,"timestamp":1536780860,"path_taken":["M","M","?","M","?","R","M","E","T","M","M","?","E","M","R","BOSS","M","M","?","?","M","E","?","R","T","M","M","M","R","E","R","BOSS","M","$","M","$","?","E","R","M","T","M","M","?","E","M","R","BOSS"],"build_version":"2018-09-06","purchased_purges":0,"victory":false,"max_hp_per_floor":[80,80,80,80,80,80,80,80,80,80,80,80,80,80,80,80,80,80,80,80,80,80,87,87,87,87,87,90,93,93,93,93,93,93,93,93,93,93,93,93,93,93,93,93,93,93,96,96,96,96],"card_choices":[{"not_picked":["Body Slam","Anger"],"picked":"Twin Strike","floor":1.0},{"not_picked":["Berserk","Combust"],"picked":"Thunderclap","floor":2.0},{"not_picked":["Flex","Pummel"],"picked":"Pommel Strike","floor":4.0},{"not_picked":["Anger","Shrug It Off"],"picked":"Twin Strike","floor":7.0},{"not_picked":["Combust","Fire Breathing"],"picked":"Seeing Red","floor":8.0},{"not_picked":["Heavy Blade","Clothesline"],"picked":"Clash","floor":10.0},{"not_picked":["Disarm","Impervious"],"picked":"Armaments","floor":11.0},{"not_picked":["Warcry","Brutality"],"picked":"Shockwave","floor":13.0},{"not_picked":["Headbutt","Rage"],"picked":"Perfected Strike","floor":14.0},{"not_picked":["Berserk","Offering"],"picked":"Immolate","floor":16.0},{"not_picked":["Flame Barrier","Dropkick"],"picked":"Twin Strike","floor":18.0},{"not_picked":["Body Slam","Sword Boomerang"],"picked":"True Grit+1","floor":19.0},{"not_picked":["Sword Boomerang","Dropkick"],"picked":"Shrug It Off","floor":20.0},{"not_picked":["Entrench","Flex+1"],"picked":"Perfected Strike+1","floor":22.0},{"not_picked":["Carnage+1","Body Slam"],"picked":"Perfected Strike+1","floor":23.0},{"not_picked":["Heavy Blade","Dual Wield+1"],"picked":"Feed","floor":24.0},{"not_picked":["Hemokinesis","True Grit"],"picked":"Clash","floor":27.0},{"not_picked":["Immolate","Warcry"],"picked":"Armaments","floor":28.0},{"not_picked":["Feel No Pain","Intimidate"],"picked":"Wild Strike","floor":29.0},{"not_picked":["Fire Breathing","Power Through"],"picked":"Shrug It Off","floor":31.0},{"not_picked":["Juggernaut","Brutality"],"picked":"Reaper","floor":33.0},{"not_picked":["Corruption","Sword Boomerang+1"],"picked":"Clash","floor":35.0},{"not_picked":["Evolve+1","Warcry"],"picked":"Infernal Blade","floor":37.0},{"not_picked":["Inflame","Pummel"],"picked":"Flex+1","floor":39.0},{"not_picked":["Offering","Clash+1"],"picked":"Twin Strike","floor":40},{"not_picked":["Battle Trance","Headbutt+1","Pummel"],"picked":"Shrug It Off","floor":42},{"not_picked":["Shrug It Off+1","Sever Soul+1","Hemokinesis+1"],"picked":"Anger+1","floor":44},{"not_picked":["Carnage+1","Armaments","Flame Barrier"],"picked":"Flex","floor":45},{"not_picked":["Bludgeon+1","Searing Blow+1","Clothesline+1"],"picked":"Flex+1","floor":47},{"not_picked":["Clothesline+1","Pummel+1","Cleave+1"],"picked":"Thunderclap+1","floor":48}],"player_experience":40009,"relics_obtained":[{"floor":5.0,"key":"Mercury Hourglass"},{"floor":8.0,"key":"War Paint"},{"floor":9.0,"key":"MawBank"},{"floor":13.0,"key":"Pen Nib"},{"floor":23.0,"key":"Strawberry"},{"floor":23.0,"key":"Whetstone"},{"floor":26.0,"key":"Tiny Chest"},{"floor":31.0,"key":"Juzu Bracelet"},{"floor":31.0,"key":"Regal Pillow"},{"floor":39.0,"key":"Unceasing Top"},{"floor":40,"key":"Paper Frog"},{"floor":40,"key":"Question Card"},{"floor":43,"key":"Molten Egg 2"},{"floor":47,"key":"Kunai"},{"floor":47,"key":"Pantograph"}],"event_choices":[{"event_name":"Golden Idol","player_choice":"Take Wound","floor":3.0,"damage_taken":0.0},{"event_name":"Wheel of Change","player_choice":"Card Removal","floor":12.0,"damage_taken":0.0},{"event_name":"The Library","player_choice":"Heal","floor":21.0,"damage_taken":0.0},{"event_name":"Mysterious Sphere","player_choice":"Fight","floor":39.0,"damage_taken":0.0},{"event_name":"Falling","player_choice":"Removed Skill","floor":46,"damage_taken":0}],"is_beta":false,"boss_relics":[{"not_picked":["Coffee Dripper","Sozu"],"picked":"Black Star"},{"not_picked":["Snecko Eye","Runic Pyramid"],"picked":"Mark of Pain"}],"items_purged_floors":[],"is_endless":false,"potions_floor_spawned":[8,11,13,16,19,22,28,29,31,33,39,42,44,48],"killed_by":"Time Eater","ascension_level":2}