{"gold_per_floor":[118,118,118,83,47,87,87,112,112,112,137,312,312,326,326,326],"floor_reached":16,"playtime":823,"items_purged":[],"score":118,"play_id":"bafcf35c-ae46-4cdc-96a9-91d2e247e0cb","local_time":"20180920084640","is_ascension_mode":true,"campfire_choices":[{"data":"Hemokinesis","floor":7,"key":"SMITH"},{"data":"Limit Break","floor":10,"key":"SMITH"},{"data":"Pommel Strike","floor":13,"key":"SMITH"},{"data":"Heavy Blade","floor":15,"key":"SMITH"}],"neow_cost":"NONE","seed_source_timestamp":647686461327984,"circlet_count":0,"master_deck":["Strike_R","Strike_R","Strike_R","Strike_R","Defend_R","Defend_R","Defend_R","Defend_R","Bash","Disarm","Limit Break+1","Hemokinesis+1","Rupture","Pommel Strike+1","Iron Wave","Doubt","Heavy Blade+1"],"relics":["Burning Blood","Oddly Smooth Stone","Golden Idol","Ornamental Fan","Darkstone Periapt"],"potions_floor_usage":[11],"damage_taken":[{"damage":5,"enemies":"Jaw Worm","floor":1,"turns":4},{"damage":56,"enemies":"3 Sentries","floor":6,"turns":12},{"damage":2,"enemies":"2 Louse","floor":8,"turns":2},{"damage":2,"enemies":"Small Slimes","floor":11,"turns":2},{"damage":8,"enemies":"3 Louse","floor":14,"turns":5},{"damage":48,"enemies":"Slime Boss","floor":16,"turns":8}],"seed_played":"-3586559159950971533","potions_obtained":[{"floor":1,"key":"Poison Potion"},{"floor":8,"key":"FearPotion"}],"is_trial":false,"path_per_floor":["M","?","?","?","$","E","R","M","T","R","M","?","R","M","R"],"character_chosen":"IRONCLAD","items_purchased":["Hemokinesis"],"campfire_rested":0,"item_purchase_floors":[5],"current_hp_per_floor":[80,60,60,80,80,30,30,34,34,34,38,44,44,42,42,0],"gold":326,"neow_bonus":"RANDOM_COMMON_RELIC","is_prod":false,"is_daily":false,"chose_seed":false,"campfire_upgraded":4,"win_rate":0,"timestamp":1537451200,"path_taken":["M","?","?","?","$","E","R","M","T","R","M","?","R","M","R","BOSS"],"build_version":"2018-09-06","purchased_purges":0,"victory":false,"max_hp_per_floor":[80,80,80,80,80,80,80,80,80,80,80,86,86,86,86,86],"card_choices":[{"not_picked":["Bloodletting","Heavy Blade"],"picked":"Disarm","floor":1},{"not_picked":["Fire Breathing","Juggernaut"],"picked":"Rupture","floor":6},{"not_picked":["Seeing Red","Dropkick"],"picked":"Pommel Strike","floor":8},{"not_picked":["Pummel","Power Through"],"picked":"Iron Wave","floor":11},{"not_picked":["Wild Strike","Twin Strike"],"picked":"Heavy Blade","floor":14}],"player_experience":175526,"relics_obtained":[{"floor":6,"key":"Ornamental Fan"},{"floor":9,"key":"Darkstone Periapt"}],"event_choices":[{"event_name":"Golden Idol","player_choice":"Take Damage","floor":2,"damage_taken":0},{"event_name":"Living Wall","player_choice":"Change","floor":3,"damage_taken":0},{"event_name":"The Cleric","player_choice":"Healed","floor":4,"damage_taken":0},{"event_name":"Liars Game","player_choice":"agreed","floor":12,"damage_taken":0}],"is_beta":false,"boss_relics":[],"items_purged_floors":[],"is_endless":false,"potions_floor_spawned":[1,8],"killed_by":"Slime Boss","ascension_level":4}