{"gold_per_floor":[109,120,133,147,163,163,163,163,188,188,202,232,157,171,171,270,270,283,283,297,297],"floor_reached":21,"playtime":1087,"items_purged":[],"score":303,"play_id":"ca570240-0686-4064-a8c6-51eabc4fa553","local_time":"20190816163002","is_ascension_mode":true,"campfire_choices":[{"data":"Zap","floor":6,"key":"SMITH"},{"data":"Dualcast","floor":8,"key":"SMITH"},{"data":"Hologram","floor":10,"key":"SMITH"},{"floor":15,"key":"REST"}],"neow_cost":"NONE","seed_source_timestamp":1301094163199226,"circlet_count":0,"master_deck":["AscendersBane","Strike_B","Strike_B","Strike_B","Defend_B","Defend_B","Defend_B","Defend_B","Zap+1","Dualcast+1","Static Discharge","Gash","Barrage","Self Repair","Hologram+1","BootSequence","Buffer","Conserve Battery","Coolheaded"],"relics":["Cracked Core","Golden Idol","Boot","Dream Catcher","Runic Dome","Regal Pillow"],"potions_floor_usage":[16],"damage_taken":[{"damage":0,"enemies":"Cultist","floor":1,"turns":3},{"damage":7,"enemies":"Jaw Worm","floor":2,"turns":3},{"damage":0,"enemies":"2 Louse","floor":3,"turns":3},{"damage":11,"enemies":"Blue Slaver","floor":4,"turns":4},{"damage":17,"enemies":"Large Slime","floor":5,"turns":6},{"damage":16,"enemies":"Gremlin Gang","floor":11,"turns":3},{"damage":7,"enemies":"2 Fungi Beasts","floor":14,"turns":3},{"damage":42,"enemies":"Hexaghost","floor":16,"turns":9},{"damage":33,"enemies":"Spheric Guardian","floor":18,"turns":6},{"damage":11,"enemies":"Shell Parasite","floor":20,"turns":7},{"damage":29,"enemies":"Snecko","floor":21,"turns":7}],"seed_played":"-2812305840430638837","potions_obtained":[{"floor":1,"key":"Strength Potion"},{"floor":2,"key":"SteroidPotion"},{"floor":5,"key":"AttackPotion"}],"is_trial":false,"path_per_floor":["M","M","M","M","M","R","?","R","T","R","M","?","?","M","R","B",null,"M","?","M","M"],"character_chosen":"DEFECT","items_purchased":[],"campfire_rested":1,"item_purchase_floors":[],"current_hp_per_floor":[71,64,64,53,43,43,43,43,43,43,34,34,34,27,48,13,57,31,31,27,0],"gold":297,"neow_bonus":"TEN_PERCENT_HP_BONUS","is_prod":false,"is_daily":false,"chose_seed":false,"campfire_upgraded":3,"win_rate":0,"timestamp":1565940602,"path_taken":["M","M","M","M","M","R","?","R","T","R","M","?","?","?","R","BOSS","M","?","M","?"],"build_version":"2019-07-17","purchased_purges":0,"victory":false,"max_hp_per_floor":[78,78,78,78,78,78,71,71,71,71,71,71,71,71,71,71,71,71,71,71,71],"card_choices":[{"not_picked":["White Noise","Storm"],"picked":"Static Discharge","floor":1},{"not_picked":["Redo","Stack"],"picked":"Gash","floor":2},{"not_picked":["Ball Lightning","Rebound"],"picked":"Barrage","floor":3},{"not_picked":["Coolheaded","Rip and Tear"],"picked":"Self Repair","floor":4},{"not_picked":["Static Discharge","Rebound"],"picked":"Hologram","floor":5},{"not_picked":["Streamline","Creative AI","Turbo"],"picked":"SKIP","floor":11},{"not_picked":["Steam Power","Beam Cell","Steam"],"picked":"SKIP","floor":14},{"not_picked":["Force Field","Sweeping Beam"],"picked":"BootSequence","floor":15},{"not_picked":["Meteor Strike","Amplify"],"picked":"Buffer","floor":16},{"not_picked":["Hologram","Barrage"],"picked":"Conserve Battery","floor":18},{"not_picked":["Ball Lightning","Cold Snap"],"picked":"Coolheaded","floor":20}],"player_experience":494917,"relics_obtained":[{"floor":9,"key":"Boot"},{"floor":19,"key":"Regal Pillow"}],"event_choices":[{"damage_healed":0,"gold_gain":0,"player_choice":"Lose Max HP","damage_taken":0,"relics_obtained":["Golden Idol"],"max_hp_gain":0,"max_hp_loss":7,"event_name":"Golden Idol","floor":7,"gold_loss":0},{"damage_healed":0,"gold_gain":30,"player_choice":"Searched \u00272\u0027 times","damage_taken":0,"relics_obtained":["Dream Catcher"],"max_hp_gain":0,"max_hp_loss":0,"event_name":"Dead Adventurer","floor":12,"gold_loss":0},{"cards_removed":["Strike_B"],"damage_healed":0,"gold_gain":0,"player_choice":"Card Removal","damage_taken":0,"max_hp_gain":0,"max_hp_loss":0,"event_name":"The Cleric","floor":13,"gold_loss":75},{"damage_healed":0,"gold_gain":0,"player_choice":"Relic","damage_taken":0,"max_hp_gain":0,"max_hp_loss":0,"event_name":"Wheel of Change","floor":19,"gold_loss":0}],"is_beta":false,"boss_relics":[{"not_picked":["Lizard Tail","Calling Bell"],"picked":"Runic Dome"}],"items_purged_floors":[],"is_endless":false,"potions_floor_spawned":[1,2,5,14],"killed_by":"Snecko","ascension_level":15}