{"gold_per_floor":[109,109,109,120,137,137,170,58,58,58,58,8,37,48,48,48],"floor_reached":16,"playtime":632,"items_purged":["Strike_R"],"score":108,"play_id":"785be3a9-d674-4613-9abd-64aaa1fc1f88","local_time":"20190823175741","is_ascension_mode":false,"campfire_choices":[{"data":"True Grit","floor":6,"key":"SMITH"},{"floor":15,"key":"REST"}],"neow_cost":"NONE","seed_source_timestamp":5899480650317,"circlet_count":0,"master_deck":["Strike_R","Strike_R","Strike_R","Defend_R","Defend_R","Defend_R","Defend_R","Bash+1","True Grit+1","Pommel Strike","Juggernaut","Burning Pact","Headbutt","Seeing Red","Sentinel"],"relics":["Burning Blood","NeowsBlessing","Anchor","Matryoshka","Dream Catcher","Sundial","Charon\u0027s Ashes"],"potions_floor_usage":[16,16],"damage_taken":[{"damage":0,"enemies":"Jaw Worm","floor":1,"turns":1},{"damage":0,"enemies":"2 Louse","floor":4,"turns":1},{"damage":0,"enemies":"Small Slimes","floor":5,"turns":1},{"damage":28,"enemies":"Gremlin Nob","floor":7,"turns":4},{"damage":31,"enemies":"3 Sentries","floor":13,"turns":9},{"damage":12,"enemies":"Blue Slaver","floor":14,"turns":4},{"damage":74,"enemies":"The Guardian","floor":16,"turns":13}],"seed_played":"-6895324606960769828","potions_obtained":[{"floor":1,"key":"Poison Potion"},{"floor":7,"key":"BloodPotion"}],"is_trial":false,"path_per_floor":["M","?","?","M","M","R","E","$","T","?","?","?","E","M","R","B"],"character_chosen":"IRONCLAD","items_purchased":["Burning Pact"],"campfire_rested":1,"item_purchase_floors":[8],"current_hp_per_floor":[80,80,62,68,74,74,52,52,52,52,57,57,32,26,51,0],"gold":48,"neow_bonus":"THREE_ENEMY_KILL","is_prod":false,"is_daily":false,"chose_seed":false,"campfire_upgraded":1,"win_rate":0,"timestamp":1566554261,"path_taken":["M","?","?","?","M","R","E","$","T","?","?","?","E","M","R","BOSS"],"build_version":"2019-07-17","purchased_purges":1,"victory":false,"max_hp_per_floor":[80,80,80,80,80,80,80,80,80,80,85,85,85,85,85,85],"card_choices":[{"not_picked":["Ghostly Armor","Flex"],"picked":"True Grit","floor":1},{"not_picked":["Blood for Blood","Clash"],"picked":"Pommel Strike","floor":4},{"not_picked":["True Grit","Blood for Blood","Infernal Blade"],"picked":"SKIP","floor":5},{"not_picked":["Cleave","Twin Strike"],"picked":"Juggernaut","floor":7},{"not_picked":["Clothesline","Burning Pact"],"picked":"Headbutt","floor":13},{"not_picked":["True Grit","Twin Strike"],"picked":"Seeing Red","floor":14},{"not_picked":["Anger","Rage"],"picked":"Sentinel","floor":15}],"player_experience":228591,"relics_obtained":[{"floor":7,"key":"Matryoshka"},{"floor":9,"key":"Dream Catcher"},{"floor":9,"key":"Sundial"},{"floor":13,"key":"Charon\u0027s Ashes"}],"event_choices":[{"damage_healed":0,"gold_gain":0,"player_choice":"Grow","damage_taken":0,"max_hp_gain":0,"max_hp_loss":0,"event_name":"Living Wall","floor":2,"gold_loss":0,"cards_upgraded":["Bash"]},{"damage_healed":0,"gold_gain":0,"player_choice":"Success","damage_taken":18,"relics_obtained":["Anchor"],"max_hp_gain":0,"max_hp_loss":0,"event_name":"Scrap Ooze","floor":3,"gold_loss":0},{"damage_healed":0,"gold_gain":0,"player_choice":"Ignored","damage_taken":0,"max_hp_gain":0,"max_hp_loss":0,"event_name":"Liars Game","floor":10,"gold_loss":0},{"damage_healed":0,"gold_gain":0,"player_choice":"Donut","damage_taken":0,"max_hp_gain":5,"max_hp_loss":0,"event_name":"Big Fish","floor":11,"gold_loss":0},{"cards_removed":["Strike_R"],"damage_healed":0,"gold_gain":0,"player_choice":"Card Removal","damage_taken":0,"max_hp_gain":0,"max_hp_loss":0,"event_name":"The Cleric","floor":12,"gold_loss":50}],"is_beta":false,"boss_relics":[],"items_purged_floors":[8],"is_endless":false,"potions_floor_spawned":[1,7],"killed_by":"The Guardian","ascension_level":0}