{"gold_per_floor":[218,218,218,238,58,76,76,94,140,140,140,152,152,164,164,240,240,251,266,21,35,35,35,45,55,55,65,65,65,65,81,81,155,155,168,181,200,212,64,64,64,64,64,82,82,82,11,29,29,29],"floor_reached":51,"playtime":4428,"items_purged":[],"score":1082,"play_id":"3b40afa7-65f8-42f6-a9b9-e82bbb3cdf03","local_time":"20190816181256","is_ascension_mode":true,"campfire_choices":[{"data":"Zap","floor":7.0,"key":"SMITH"},{"floor":13.0,"key":"REST"},{"data":"Defragment","floor":15.0,"key":"SMITH"},{"data":"Dualcast","floor":23.0,"key":"SMITH"},{"floor":29.0,"key":"REST"},{"floor":32.0,"key":"REST"},{"data":"Redo","floor":40.0,"key":"SMITH"},{"data":"Echo Form","floor":42.0,"key":"SMITH"},{"floor":45.0,"key":"REST"},{"data":"Go for the Eyes","floor":49.0,"key":"SMITH"}],"neow_cost":"NONE","seed_source_timestamp":0,"circlet_count":0,"master_deck":["AscendersBane","Zap+1","Dualcast+1","Go for the Eyes+1","Defragment+1","All For One","Redo+1","Coolheaded","Conserve Battery","Echo Form+1","Genetic Algorithm","Seek","Reprogram","Tempest","Auto Shields","Skim","Ball Lightning","Electrodynamics","Steam","Loop","Gash","Gash","FTL","Reinforced Body","Hologram+1","Madness","Madness","Capacitor","Gash+1"],"special_seed":0,"relics":["Cracked Core","Centennial Puzzle","Ornamental Fan","Pandora\u0027s Box","MealTicket","Nunchaku","Cursed Key","Happy Flower"],"potions_floor_usage":[50],"damage_taken":[{"damage":2.0,"enemies":"Jaw Worm","floor":1.0,"turns":5.0},{"damage":1.0,"enemies":"Cultist","floor":4.0,"turns":3.0},{"damage":9.0,"enemies":"Small Slimes","floor":6.0,"turns":3.0},{"damage":25.0,"enemies":"Gremlin Gang","floor":8.0,"turns":5.0},{"damage":23.0,"enemies":"Lots of Slimes","floor":12.0,"turns":4.0},{"damage":5.0,"enemies":"Blue Slaver","floor":14.0,"turns":3.0},{"damage":19.0,"enemies":"Slime Boss","floor":16.0,"turns":14.0},{"damage":11.0,"enemies":"Chosen","floor":18.0,"turns":5.0},{"damage":18.0,"enemies":"3 Byrds","floor":19.0,"turns":4.0},{"damage":5.0,"enemies":"3 Cultists","floor":21.0,"turns":3.0},{"damage":29.0,"enemies":"Shelled Parasite and Fungi","floor":24.0,"turns":6.0},{"damage":8.0,"enemies":"Snake Plant","floor":25.0,"turns":4.0},{"damage":0.0,"enemies":"3 Cultists","floor":27.0,"turns":5.0},{"damage":16.0,"enemies":"Snecko","floor":31.0,"turns":5.0},{"damage":33.0,"enemies":"Collector","floor":33.0,"turns":9.0},{"damage":5.0,"enemies":"Orb Walker","floor":35.0,"turns":4.0},{"damage":7.0,"enemies":"3 Shapes","floor":36.0,"turns":2.0},{"damage":7.0,"enemies":"Jaw Worm Horde","floor":37.0,"turns":2.0},{"damage":7.0,"enemies":"Writhing Mass","floor":38.0,"turns":6.0},{"damage":24.0,"enemies":"Transient","floor":44.0,"turns":5.0},{"damage":15.0,"enemies":"4 Shapes","floor":48.0,"turns":2.0},{"damage":41,"enemies":"Donu and Deca","floor":50,"turns":5}],"seed_played":"-4518836739681667078","potions_obtained":[{"floor":6.0,"key":"Ancient Potion"},{"floor":14.0,"key":"PowerPotion"},{"floor":16.0,"key":"FearPotion"},{"floor":19.0,"key":"SpeedPotion"},{"floor":25.0,"key":"AttackPotion"},{"floor":28.0,"key":"Swift Potion"},{"floor":33.0,"key":"Poison Potion"},{"floor":38.0,"key":"Fruit Juice"}],"is_trial":false,"path_per_floor":["M","?","?","M","$","M","R","M","T","?","T","M","R","M","R","B",null,"M","M","$","M","$","R","M","M","T","M","?","R","$","M","R","B",null,"M","M","M","M","$","R","?","R","T","M","R","?","$","M","R","B",null],"character_chosen":"DEFECT","items_purchased":["Defragment","All For One","MealTicket","Loop","Happy Flower","Capacitor"],"campfire_rested":4,"item_purchase_floors":[5,5,20,20,39,47],"current_hp_per_floor":[62,67,67,66,66,57,57,32,32,32,32,9,31,26,26,7,59,48,30,30,25,40,40,11,3,3,3,3,25,40,24,46,13,60,55,48,41,39,54,54,39,39,39,15,39,66,66,51,51,10],"gold":29,"neow_bonus":"HUNDRED_GOLD","is_prod":false,"is_daily":false,"chose_seed":false,"campfire_upgraded":6,"win_rate":0,"timestamp":1565946776,"path_taken":["M","?","?","?","$","M","R","M","T","?","?","M","R","M","R","BOSS","M","?","$","M","?","R","M","M","T","M","?","R","$","M","R","BOSS","M","M","?","?","$","R","?","R","T","M","R","?","?","M","R","BOSS"],"build_version":"2019-07-17","purchased_purges":0,"victory":true,"max_hp_per_floor":[71,76,76,76,76,76,76,76,76,76,76,76,76,76,76,76,76,76,76,76,76,76,76,76,76,76,76,76,76,76,76,76,76,76,76,76,76,81,81,81,81,81,81,81,81,66,66,66,66,66],"card_choices":[{"not_picked":["Compile Driver","Rebound"],"picked":"Go for the Eyes","floor":1.0},{"not_picked":["Heatsinks","Steam","Hello World"],"picked":"SKIP","floor":4.0},{"not_picked":["Chaos","Doom and Gloom","Fusion"],"picked":"SKIP","floor":6.0},{"not_picked":["Streamline","Compile Driver"],"picked":"Redo","floor":8.0},{"not_picked":["Echo Form","Go for the Eyes"],"picked":"Coolheaded","floor":12.0},{"not_picked":["Compile Driver","Rip and Tear"],"picked":"Conserve Battery","floor":14.0},{"not_picked":["All For One","Amplify"],"picked":"Echo Form","floor":16.0},{"not_picked":["Melter","Scrape"],"picked":"Steam","floor":18.0},{"not_picked":["Redo","Skim","Stack"],"picked":"SKIP","floor":19.0},{"not_picked":["Turbo","Rebound"],"picked":"Gash","floor":21.0},{"not_picked":["Ball Lightning","Self Repair"],"picked":"Gash","floor":24.0},{"not_picked":["Consume","Ball Lightning"],"picked":"FTL","floor":25.0},{"not_picked":["Tempest","Skim+1"],"picked":"Reinforced Body","floor":27.0},{"not_picked":["Sunder","Static Discharge","Reinforced Body"],"picked":"SKIP","floor":31.0},{"not_picked":["Cold Snap","FTL","Ball Lightning"],"picked":"SKIP","floor":35.0},{"not_picked":["Sweeping Beam","Heatsinks","Cold Snap"],"picked":"SKIP","floor":36.0},{"not_picked":["Steam","Coolheaded","Leap"],"picked":"SKIP","floor":37.0},{"not_picked":["Scrape+1","Conserve Battery"],"picked":"Hologram+1","floor":38.0},{"not_picked":["Leap+1","Cold Snap","Melter"],"picked":"SKIP","floor":44.0},{"not_picked":["Creative AI","Tempest+1"],"picked":"Gash+1","floor":48.0}],"player_experience":496004,"relics_obtained":[{"floor":9.0,"key":"Centennial Puzzle"},{"floor":11.0,"key":"Ornamental Fan"},{"floor":26.0,"key":"Nunchaku"}],"event_choices":[{"damage_healed":0.0,"max_hp_gain":5.0,"max_hp_loss":0.0,"gold_gain":0.0,"event_name":"Big Fish","player_choice":"Donut","floor":2.0,"gold_loss":0.0,"damage_taken":0.0},{"damage_healed":0.0,"max_hp_gain":0.0,"max_hp_loss":0.0,"gold_gain":0.0,"event_name":"WeMeetAgain","player_choice":"Ignored","floor":3.0,"gold_loss":0.0,"damage_taken":0.0},{"damage_healed":0.0,"max_hp_gain":0.0,"max_hp_loss":0.0,"gold_gain":0.0,"event_name":"Shining Light","player_choice":"Ignored","floor":10.0,"gold_loss":0.0,"damage_taken":0.0},{"damage_healed":0.0,"max_hp_gain":0.0,"max_hp_loss":0.0,"gold_gain":0.0,"event_name":"Lab","player_choice":"Got Potions","floor":28.0,"gold_loss":0.0,"damage_taken":0.0},{"damage_healed":0.0,"max_hp_gain":0.0,"max_hp_loss":0.0,"gold_gain":0.0,"event_name":"Winding Halls","player_choice":"Embrace Madness","floor":41.0,"gold_loss":0.0,"damage_taken":15.0,"cards_obtained":["Madness","Madness"]},{"damage_healed":66.0,"max_hp_gain":0.0,"max_hp_loss":15.0,"gold_gain":0.0,"event_name":"The Moai Head","player_choice":"Heal","floor":46.0,"gold_loss":0.0,"damage_taken":0.0}],"is_beta":false,"boss_relics":[{"not_picked":["Velvet Choker","Ectoplasm"],"picked":"Pandora\u0027s Box"},{"not_picked":["Fusion Hammer","Orrery"],"picked":"Cursed Key"}],"items_purged_floors":[],"is_endless":false,"potions_floor_spawned":[6,14,16,19,24,25,33,35,38],"ascension_level":15}