{"gold_per_floor":[114,125,10,10,85,85,98,98,98,98,98,98,141,162,162,288,288,308,308,308,333,359,359,359,371,416,441,441,458,477,307,307,409,409,424],"floor_reached":35,"playtime":1053,"items_purged":["Strike_B","Defend_B"],"score":400,"play_id":"3027e376-8622-45d7-8686-92e609715c28","local_time":"20190728194217","is_ascension_mode":false,"campfire_choices":[{"data":"Zap","floor":6,"key":"SMITH"},{"data":"Dualcast","floor":8,"key":"SMITH"},{"floor":11,"key":"REST"},{"floor":15,"key":"REST"},{"data":"Reinforced Body","floor":23,"key":"SMITH"},{"data":"Glacier","floor":32,"key":"SMITH"}],"neow_cost":"NONE","seed_source_timestamp":1883906264045006,"circlet_count":0,"master_deck":["Defend_B","Defend_B+1","Zap+1","Dualcast+1","Beam Cell","Go for the Eyes","FTL","Gash","Coolheaded","Machine Learning","Thunder Strike+1","Loop","Bite+1","Bite+1","Bite+1","Bite+1","Bite+1","Reinforced Body+1","Cold Snap+1","Glacier+1","Echo Form","Gash+1"],"relics":["Cracked Core","Bloody Idol","Pantograph","Molten Egg 2","Happy Flower","Philosopher\u0027s Stone","MutagenicStrength","Anchor","Omamori","Meat on the Bone","Eternal Feather"],"potions_floor_usage":[27,33],"damage_taken":[{"damage":12,"enemies":"Small Slimes","floor":1,"turns":3},{"damage":1,"enemies":"2 Louse","floor":2,"turns":2},{"damage":0,"enemies":"Cultist","floor":7,"turns":3},{"damage":16,"enemies":"Gremlin Nob","floor":13,"turns":4},{"damage":4,"enemies":"3 Louse","floor":14,"turns":3},{"damage":29,"enemies":"Hexaghost","floor":16,"turns":10},{"damage":29,"enemies":"2 Thieves","floor":18,"turns":5},{"damage":12,"enemies":"Chosen","floor":21,"turns":5},{"damage":21,"enemies":"Sentry and Sphere","floor":25,"turns":5},{"damage":28,"enemies":"Book of Stabbing","floor":27,"turns":5},{"damage":11,"enemies":"Cultist and Chosen","floor":29,"turns":7},{"damage":26,"enemies":"Snake Plant","floor":30,"turns":4},{"damage":43,"enemies":"Champ","floor":33,"turns":12},{"damage":28,"enemies":"3 Shapes","floor":35,"turns":6}],"seed_played":"-552592595738468996","potions_obtained":[{"floor":14,"key":"Swift Potion"},{"floor":16,"key":"Explosive Potion"},{"floor":27,"key":"Ancient Potion"},{"floor":29,"key":"FearPotion"},{"floor":35,"key":"Energy Potion"}],"is_trial":false,"path_per_floor":["M","M","$","?","?","R","M","R","T","?","R","?","E","M","R","B",null,"M","?","?","M","T","R","?","M","T","E","?","M","M","$","R","B",null,"M"],"character_chosen":"DEFECT","items_purchased":["FTL","Glacier"],"campfire_rested":2,"item_purchase_floors":[3,31],"current_hp_per_floor":[70,69,69,49,41,41,41,41,41,25,49,42,26,22,46,42,82,53,53,53,49,49,49,49,51,56,46,46,57,46,46,46,41,57,37],"gold":424,"neow_bonus":"TEN_PERCENT_HP_BONUS","is_prod":false,"is_daily":false,"chose_seed":false,"campfire_upgraded":4,"win_rate":0,"timestamp":1564310537,"path_taken":["M","M","$","?","?","R","?","R","T","?","R","?","E","M","R","BOSS","M","?","?","M","?","R","?","M","T","E","?","M","M","$","R","BOSS","M"],"build_version":"2019-07-17","purchased_purges":2,"victory":false,"max_hp_per_floor":[82,82,82,82,82,82,82,82,82,82,82,82,82,82,82,82,82,82,82,57,57,57,57,57,57,57,57,57,57,57,57,57,57,57,57],"card_choices":[{"not_picked":["Streamline","Barrage"],"picked":"Beam Cell","floor":1},{"not_picked":["Turbo","Conserve Battery"],"picked":"Go for the Eyes","floor":2},{"not_picked":["Doom and Gloom","Tempest"],"picked":"Gash","floor":7},{"not_picked":["Stack","Blizzard+1"],"picked":"Coolheaded","floor":13},{"not_picked":["Ball Lightning+1","Chaos"],"picked":"Machine Learning","floor":14},{"not_picked":["Reboot","Multi-Cast"],"picked":"Thunder Strike+1","floor":16},{"not_picked":["Hello World","Blizzard+1"],"picked":"Loop","floor":18},{"not_picked":["Storm","Redo"],"picked":"Reinforced Body","floor":21},{"not_picked":["Leap+1","Rebound+1","Stack+1"],"picked":"SKIP","floor":25},{"not_picked":["Creative AI","Consume+1","Sweeping Beam+1"],"picked":"SKIP","floor":27},{"not_picked":["Barrage+1","Recycle+1"],"picked":"Cold Snap+1","floor":29},{"not_picked":["Turbo+1","Rebound+1","Stack"],"picked":"SKIP","floor":30},{"not_picked":["Machine Learning","Multi-Cast"],"picked":"Echo Form","floor":33},{"not_picked":["Coolheaded+1","Loop"],"picked":"Gash+1","floor":35}],"player_experience":406715,"relics_obtained":[{"floor":9,"key":"Pantograph"},{"floor":13,"key":"Happy Flower"},{"floor":22,"key":"Anchor"},{"floor":26,"key":"Omamori"},{"floor":27,"key":"Meat on the Bone"}],"event_choices":[{"damage_healed":0,"gold_gain":0,"player_choice":"Take Damage","damage_taken":20,"relics_obtained":["Golden Idol"],"max_hp_gain":0,"max_hp_loss":0,"event_name":"Golden Idol","floor":4,"gold_loss":0},{"damage_healed":0,"gold_gain":75,"player_choice":"Touch","damage_taken":8,"max_hp_gain":0,"max_hp_loss":0,"event_name":"FaceTrader","floor":5,"gold_loss":0},{"damage_healed":0,"gold_gain":0,"player_choice":"Entered Light","damage_taken":16,"max_hp_gain":0,"max_hp_loss":0,"event_name":"Shining Light","floor":10,"gold_loss":0,"cards_upgraded":["Strike_B","Defend_B"]},{"damage_healed":0,"gold_gain":0,"player_choice":"Success","damage_taken":7,"relics_obtained":["Molten Egg 2"],"max_hp_gain":0,"max_hp_loss":0,"event_name":"Scrap Ooze","floor":12,"gold_loss":0},{"damage_healed":0,"gold_gain":0,"player_choice":"Inject Mutagens","damage_taken":0,"relics_obtained":["MutagenicStrength"],"max_hp_gain":0,"max_hp_loss":0,"event_name":"Drug Dealer","floor":19,"gold_loss":0},{"damage_healed":0,"gold_gain":0,"player_choice":"Became a vampire","damage_taken":0,"max_hp_gain":0,"max_hp_loss":25,"event_name":"Vampires","floor":20,"gold_loss":0,"cards_obtained":["Bite","Bite","Bite","Bite","Bite"]},{"damage_healed":0,"gold_gain":0,"player_choice":"Gave Idol","damage_taken":0,"relics_obtained":["Bloody Idol"],"max_hp_gain":0,"max_hp_loss":0,"event_name":"Forgotten Altar","floor":24,"relics_lost":["Golden Idol"],"gold_loss":0},{"cards_removed":["Defend_B"],"damage_healed":0,"gold_gain":0,"player_choice":"Offered Basic","damage_taken":0,"max_hp_gain":0,"max_hp_loss":0,"event_name":"Bonfire Elementals","floor":28,"gold_loss":0}],"is_beta":false,"boss_relics":[{"not_picked":["Calling Bell","FrozenCore"],"picked":"Philosopher\u0027s Stone"},{"not_picked":["Coffee Dripper","Black Star"],"picked":"Eternal Feather"}],"items_purged_floors":[3,31],"is_endless":false,"potions_floor_spawned":[14,16,27,29,30,35],"killed_by":"3 Shapes","ascension_level":0}