{"gold_per_floor":[118,118,131,146,158,193,193,268,268,268,282,282,282,299,299,400,400,412,412,412,425,92,122,122],"floor_reached":24,"playtime":2036,"items_purged":[],"score":248,"play_id":"8932b39f-a4e6-488d-b207-4b0a809dcf16","local_time":"20190713202010","is_ascension_mode":true,"campfire_choices":[{"floor":10,"key":"REST"},{"floor":13,"key":"REST"},{"data":"Neutralize","floor":15,"key":"SMITH"}],"neow_cost":"NONE","seed_source_timestamp":153436716880412,"circlet_count":0,"master_deck":["Strike_G+1","Strike_G+1","Strike_G+1","Strike_G+1","Defend_G+1","Defend_G+1","Defend_G+1","Defend_G+1","Defend_G+1","Survivor","Neutralize+1","Die Die Die","Quick Slash+1","Dagger Spray+1","Deadly Poison","Crippling Poison","Tactician","PiercingWail","Infinite Blades","After Image","Dash","Finisher","Deadly Poison","Panache","Caltrops","Storm of Steel"],"relics":["Ring of the Serpent","Pen Nib","Snake Skull","Shuriken"],"potions_floor_usage":[6,16,16,23,23],"damage_taken":[{"damage":4,"enemies":"Small Slimes","floor":1,"turns":4},{"damage":1,"enemies":"Cultist","floor":3,"turns":3},{"damage":0,"enemies":"2 Louse","floor":4,"turns":2},{"damage":4,"enemies":"Blue Slaver","floor":5,"turns":4},{"damage":36,"enemies":"Gremlin Nob","floor":6,"turns":5},{"damage":3,"enemies":"Looter","floor":11,"turns":3},{"damage":7,"enemies":"Exordium Thugs","floor":14,"turns":3},{"damage":22,"enemies":"The Guardian","floor":16,"turns":13},{"damage":30,"enemies":"2 Thieves","floor":18,"turns":4},{"damage":13,"enemies":"Shell Parasite","floor":21,"turns":8},{"damage":24,"enemies":"Book of Stabbing","floor":23,"turns":6},{"damage":8,"enemies":"Snake Plant","floor":24,"turns":3}],"seed_played":"6751337032340659576","potions_obtained":[{"floor":3,"key":"FairyPotion"},{"floor":4,"key":"Dexterity Potion"},{"floor":11,"key":"Dexterity Potion"},{"floor":14,"key":"Explosive Potion"},{"floor":21,"key":"SneckoOil"}],"is_trial":false,"path_per_floor":["M","?","M","M","M","E","?","?","T","R","M","?","R","M","R","B",null,"M","?","?","M","$","E","M"],"character_chosen":"THE_SILENT","items_purchased":["Deadly Poison","Panache","Caltrops","Strength Potion"],"campfire_rested":2,"item_purchase_floors":[22,22,22,22],"current_hp_per_floor":[66,66,65,65,61,25,11,7,7,28,25,25,46,39,39,17,70,40,40,40,27,27,3,0],"gold":122,"neow_bonus":"ONE_RANDOM_RARE_CARD","is_prod":false,"is_daily":false,"chose_seed":false,"campfire_upgraded":1,"win_rate":0,"timestamp":1563063610,"path_taken":["M","?","M","?","M","E","?","?","T","R","M","?","R","?","R","BOSS","M","?","?","M","$","E","M"],"build_version":"2019-07-05","purchased_purges":0,"victory":false,"max_hp_per_floor":[70,70,70,70,70,70,70,70,70,70,70,70,70,70,70,70,70,70,70,70,70,70,70,70],"card_choices":[{"not_picked":["Poisoned Stab","Accuracy"],"picked":"Quick Slash","floor":1},{"not_picked":["Deadly Poison","Flying Knee"],"picked":"Dagger Spray","floor":3},{"not_picked":["Deflect","Bane"],"picked":"Deadly Poison","floor":4},{"not_picked":["Blade Dance","All Out Attack"],"picked":"Crippling Poison","floor":5},{"not_picked":["Blade Dance","Deadly Poison"],"picked":"Tactician","floor":6},{"not_picked":["Predator","Flying Knee"],"picked":"PiercingWail","floor":11},{"not_picked":["Prepared","Flechettes"],"picked":"Infinite Blades","floor":14},{"not_picked":["Venomology","Phantasmal Killer"],"picked":"After Image","floor":16},{"not_picked":["Expertise","Deflect"],"picked":"Dash","floor":18},{"not_picked":["Endless Agony","Expertise"],"picked":"Finisher","floor":21},{"not_picked":["Finisher+1","Choke"],"picked":"Storm of Steel","floor":23}],"player_experience":210246,"relics_obtained":[{"floor":6,"key":"Pen Nib"},{"floor":9,"key":"Snake Skull"},{"floor":23,"key":"Shuriken"}],"event_choices":[{"cards_removed":["Strike_G"],"damage_healed":0,"gold_gain":0,"player_choice":"Offered Basic","damage_taken":0,"max_hp_gain":0,"max_hp_loss":0,"event_name":"Bonfire Elementals","floor":2,"gold_loss":0},{"damage_healed":0,"gold_gain":0,"player_choice":"Entered Light","damage_taken":14,"max_hp_gain":0,"max_hp_loss":0,"event_name":"Shining Light","floor":7,"gold_loss":0,"cards_upgraded":["Quick Slash","Strike_G"]},{"damage_healed":0,"gold_gain":75,"player_choice":"Gather Gold","damage_taken":11,"max_hp_gain":0,"max_hp_loss":0,"event_name":"World of Goop","floor":8,"gold_loss":0},{"damage_healed":0,"gold_gain":0,"player_choice":"Ignored","damage_taken":0,"max_hp_gain":0,"max_hp_loss":0,"event_name":"Liars Game","floor":12,"gold_loss":0},{"damage_healed":0,"gold_gain":0,"player_choice":"Simplicity","damage_taken":0,"max_hp_gain":0,"max_hp_loss":0,"event_name":"Back to Basics","floor":19,"gold_loss":0,"cards_upgraded":["Strike_G","Strike_G","Strike_G","Defend_G","Defend_G","Defend_G","Defend_G","Defend_G"]},{"damage_healed":0,"gold_gain":0,"player_choice":"Upgraded","damage_taken":0,"max_hp_gain":0,"max_hp_loss":0,"event_name":"Upgrade Shrine","floor":20,"gold_loss":0,"cards_upgraded":["Dagger Spray"]}],"is_beta":false,"boss_relics":[{"not_picked":["Runic Dome","Philosopher\u0027s Stone"],"picked":"Ring of the Serpent"}],"items_purged_floors":[],"is_endless":false,"potions_floor_spawned":[3,4,11,14,21],"killed_by":"Snake Plant","ascension_level":3}