{"gold_per_floor":[118,135,147,147,160,180,180,214,290,290,290,303,23,54,54,54],"floor_reached":16,"playtime":911,"items_purged":[],"score":153,"play_id":"f53a0b87-9795-450a-a1fe-de3af8e45d88","local_time":"20190720021202","is_ascension_mode":true,"campfire_choices":[{"floor":7,"key":"REST"},{"floor":11,"key":"REST"},{"floor":15,"key":"REST"}],"neow_cost":"NONE","seed_source_timestamp":10517996386809,"circlet_count":0,"master_deck":["Strike_R","Strike_R","Strike_R","Strike_R","Defend_R","Defend_R","Defend_R","Defend_R","Bash","Pommel Strike","Disarm","Armaments","Intimidate","Infernal Blade","Metallicize","Dual Wield"],"relics":["Burning Blood","NeowsBlessing","Regal Pillow","Shuriken","ClockworkSouvenir","Ancient Tea Set"],"potions_floor_usage":[8,10,16,16],"damage_taken":[{"damage":0,"enemies":"Cultist","floor":1,"turns":1},{"damage":0,"enemies":"Small Slimes","floor":2,"turns":1},{"damage":0,"enemies":"Jaw Worm","floor":3,"turns":1},{"damage":16,"enemies":"3 Louse","floor":5,"turns":4},{"damage":12,"enemies":"Looter","floor":6,"turns":3},{"damage":40,"enemies":"Gremlin Nob","floor":8,"turns":5},{"damage":45,"enemies":"3 Sentries","floor":10,"turns":8},{"damage":29,"enemies":"Gremlin Gang","floor":12,"turns":5},{"damage":7,"enemies":"Gremlin Nob","floor":14,"turns":3},{"damage":61,"enemies":"Slime Boss","floor":16,"turns":14}],"seed_played":"-2462805355916765375","potions_obtained":[{"floor":1,"key":"Energy Potion"},{"floor":3,"key":"SmokeBomb"},{"floor":12,"key":"Weak Potion"},{"floor":14,"key":"Explosive Potion"}],"is_trial":false,"path_per_floor":["M","M","M","?","M","M","R","E","T","E","R","M","$","E","R","B"],"character_chosen":"IRONCLAD","items_purchased":["Dual Wield","ClockworkSouvenir"],"campfire_rested":3,"item_purchase_floors":[13,13],"current_hp_per_floor":[80,80,80,73,63,57,80,46,46,7,46,23,23,22,61,0],"gold":54,"neow_bonus":"THREE_ENEMY_KILL","is_prod":false,"is_daily":false,"chose_seed":false,"campfire_upgraded":0,"win_rate":0,"timestamp":1563581522,"path_taken":["M","?","M","?","M","M","R","E","T","E","R","M","$","E","R","BOSS"],"build_version":"2019-07-17","purchased_purges":0,"victory":false,"max_hp_per_floor":[80,80,80,80,80,80,80,80,80,80,80,80,80,80,80,80],"card_choices":[{"not_picked":["Disarm","Thunderclap"],"picked":"Pommel Strike","floor":1},{"not_picked":["Anger","Heavy Blade","Cleave"],"picked":"SKIP","floor":2},{"not_picked":["Metallicize","Body Slam"],"picked":"Disarm","floor":3},{"not_picked":["Anger","Infernal Blade"],"picked":"Armaments","floor":5},{"not_picked":["Flex","Twin Strike"],"picked":"Intimidate","floor":6},{"not_picked":["Armaments","Hemokinesis"],"picked":"Infernal Blade","floor":8},{"not_picked":["Twin Strike","Warcry"],"picked":"Metallicize","floor":12},{"not_picked":["Thunderclap","Warcry","Sword Boomerang"],"picked":"SKIP","floor":14}],"player_experience":95837,"relics_obtained":[{"floor":8,"key":"Regal Pillow"},{"floor":9,"key":"Shuriken"},{"floor":14,"key":"Ancient Tea Set"}],"event_choices":[{"cards_removed":["Strike_R"],"damage_healed":0,"gold_gain":0,"player_choice":"Card Removal","damage_taken":7,"max_hp_gain":0,"max_hp_loss":0,"event_name":"Golden Wing","floor":4,"gold_loss":0}],"is_beta":false,"boss_relics":[],"items_purged_floors":[],"is_endless":false,"potions_floor_spawned":[1,3,12,14],"killed_by":"Slime Boss","ascension_level":5}