{"gold_per_floor":[116,17,17,30,43,43,43,43,66,18,33,33,33,51,51,151,151,169,186,186,11,110,110,130,130,130,130],"floor_reached":27,"playtime":3045,"items_purged":["Normality","Writhe"],"score":201,"play_id":"b2f8d3af-671a-41a7-9f24-cda2963dd97b","local_time":"20190706083732","is_ascension_mode":false,"campfire_choices":[{"data":"Reprogram","floor":6,"key":"SMITH"},{"floor":12,"key":"REST"},{"data":"Zap","floor":15,"key":"SMITH"},{"floor":23,"key":"REST"},{"floor":25,"key":"REST"}],"neow_cost":"NONE","seed_source_timestamp":412952016068200,"circlet_count":0,"master_deck":["Strike_B","Strike_B","Defend_B","Defend_B","Defend_B","Zap+1","Dualcast","Turbo","Leap","Reprogram+1","Ball Lightning","Conserve Battery","Sweeping Beam","Cold Snap","Core Surge","Force Field+1","Loop+1","Gash+1","Beam Cell","Recycle","Stack","Cold Snap","Ball Lightning+1"],"relics":["Calling Bell","Ancient Tea Set","Kunai","FossilizedHelix","Unceasing Top","WarpedTongs","Astrolabe","Shuriken"],"potions_floor_usage":[14,16,24,24],"damage_taken":[{"damage":7,"enemies":"Small Slimes","floor":1,"turns":6},{"damage":0,"enemies":"2 Louse","floor":4,"turns":3},{"damage":5,"enemies":"Jaw Worm","floor":5,"turns":6},{"damage":1,"enemies":"2 Fungi Beasts","floor":11,"turns":3},{"damage":12,"enemies":"Lots of Slimes","floor":14,"turns":3},{"damage":40,"enemies":"Hexaghost","floor":16,"turns":13},{"damage":34,"enemies":"2 Thieves","floor":18,"turns":5},{"damage":27,"enemies":"Spheric Guardian","floor":19,"turns":6},{"damage":6,"enemies":"3 Cultists","floor":24,"turns":5},{"damage":79,"enemies":"Gremlin Leader","floor":27,"turns":6}],"seed_played":"990891960011976112","potions_obtained":[{"floor":4,"key":"Poison Potion"},{"floor":11,"key":"Poison Potion"},{"floor":14,"key":"FairyPotion"},{"floor":16,"key":"EssenceOfSteel"},{"floor":18,"key":"Explosive Potion"}],"is_trial":false,"path_per_floor":["M","$","?","M","M","R","?","?","T","$","M","R","?","M","R","B",null,"M","M","?","$","?","R","M","R","T","E"],"character_chosen":"DEFECT","items_purchased":["Leap","Conserve Battery","Stack","Cold Snap"],"campfire_rested":3,"item_purchase_floors":[2,10,21,21],"current_hp_per_floor":[68,68,73,73,68,68,50,43,43,43,42,66,66,54,54,14,80,46,19,19,19,19,43,37,61,61,0],"gold":130,"neow_bonus":"BOSS_RELIC","is_prod":false,"is_daily":false,"chose_seed":false,"campfire_upgraded":2,"win_rate":0,"timestamp":1562416652,"path_taken":["M","$","?","M","M","R","?","?","T","$","?","R","?","M","R","BOSS","M","?","?","$","?","R","M","R","T","E"],"build_version":"2019-07-05","purchased_purges":2,"victory":false,"max_hp_per_floor":[75,75,80,80,80,80,80,80,80,80,80,80,80,80,80,80,80,80,80,80,80,80,80,80,80,80,80],"card_choices":[{"not_picked":["Streamline","Go for the Eyes"],"picked":"Turbo","floor":1},{"not_picked":["Tempest","Capacitor"],"picked":"Reprogram","floor":4},{"not_picked":["Rebound","Hologram"],"picked":"Ball Lightning","floor":5},{"not_picked":["Chaos","Redo"],"picked":"Sweeping Beam","floor":11},{"not_picked":["Barrage","Turbo"],"picked":"Cold Snap","floor":14},{"not_picked":["Biased Cognition","All For One"],"picked":"Core Surge","floor":16},{"not_picked":["Loop","Barrage"],"picked":"Beam Cell","floor":18},{"not_picked":["White Noise","Streamline+1"],"picked":"Recycle","floor":19},{"not_picked":["Blizzard","Barrage+1"],"picked":"Ball Lightning+1","floor":24}],"player_experience":145568,"relics_obtained":[{"floor":0,"key":"Ancient Tea Set"},{"floor":0,"key":"Kunai"},{"floor":0,"key":"FossilizedHelix"},{"floor":26,"key":"Shuriken"}],"event_choices":[{"damage_healed":0,"gold_gain":0,"player_choice":"Donut","damage_taken":0,"max_hp_gain":5,"max_hp_loss":0,"event_name":"Big Fish","floor":3,"gold_loss":0},{"damage_healed":0,"gold_gain":0,"player_choice":"Success","damage_taken":18,"relics_obtained":["Unceasing Top"],"max_hp_gain":0,"max_hp_loss":0,"event_name":"Scrap Ooze","floor":7,"gold_loss":0},{"cards_removed":["Shame"],"damage_healed":0,"gold_gain":0,"player_choice":"Card Removal","damage_taken":7,"max_hp_gain":0,"max_hp_loss":0,"event_name":"Golden Wing","floor":8,"gold_loss":0},{"damage_healed":0,"gold_gain":0,"player_choice":"Rummage","damage_taken":0,"relics_obtained":["WarpedTongs"],"max_hp_gain":0,"max_hp_loss":0,"event_name":"Accursed Blacksmith","floor":13,"gold_loss":0,"cards_obtained":["Pain"]},{"cards_removed":["Pain"],"damage_healed":0,"gold_gain":0,"player_choice":"Elegance","damage_taken":0,"max_hp_gain":0,"max_hp_loss":0,"event_name":"Back to Basics","floor":20,"gold_loss":0},{"damage_healed":0,"gold_gain":99,"player_choice":"Stole From Cult","damage_taken":0,"max_hp_gain":0,"max_hp_loss":0,"event_name":"Nest","floor":22,"gold_loss":0}],"is_beta":false,"boss_relics":[{"not_picked":["Eternal Feather","Runic Pyramid"],"picked":"Astrolabe"}],"items_purged_floors":[2,21],"is_endless":false,"potions_floor_spawned":[4,11,14,16,18,19],"killed_by":"Gremlin Leader","ascension_level":0}