{"gold_per_floor":[118,118,131,145,158,158,177,177,177,204,48,61,75,75],"floor_reached":14,"playtime":556,"items_purged":[],"score":179,"play_id":"8759997b-8844-4626-8a38-6dcabff5da4b","local_time":"20190821020717","is_ascension_mode":true,"campfire_choices":[{"data":"Dualcast","floor":6,"key":"SMITH"},{"data":"Barrage","floor":8,"key":"SMITH"}],"neow_cost":"NONE","seed_source_timestamp":1681844033690892,"circlet_count":0,"master_deck":["AscendersBane","Strike_B","Strike_B","Strike_B","Strike_B","Defend_B","Defend_B","Defend_B","Defend_B","Zap+1","Dualcast+1","Ball Lightning","White Noise","Gash","Leap","Barrage+1","Glacier","All For One","FTL","Go for the Eyes"],"relics":["Cracked Core","DataDisk","Nunchaku","Sundial"],"potions_floor_usage":[14],"damage_taken":[{"damage":0,"enemies":"Cultist","floor":1,"turns":2},{"damage":0,"enemies":"Small Slimes","floor":3,"turns":2},{"damage":0,"enemies":"2 Louse","floor":4,"turns":1},{"damage":9,"enemies":"Red Slaver","floor":5,"turns":3},{"damage":17,"enemies":"Exordium Wildlife","floor":7,"turns":4},{"damage":20,"enemies":"Lagavulin","floor":10,"turns":7},{"damage":8,"enemies":"Blue Slaver","floor":12,"turns":2},{"damage":5,"enemies":"Lots of Slimes","floor":13,"turns":4},{"damage":7,"enemies":"Exordium Thugs","floor":14,"turns":2}],"seed_played":"-8569370865061738196","potions_obtained":[{"floor":4,"key":"LiquidBronze"},{"floor":10,"key":"SkillPotion"}],"is_trial":false,"path_per_floor":["M","?","M","M","M","R","M","R","T","E","$","M","M","M"],"character_chosen":"DEFECT","items_purchased":["All For One"],"campfire_rested":0,"item_purchase_floors":[11],"current_hp_per_floor":[64,64,64,64,55,55,38,38,38,18,18,10,5,0],"gold":75,"neow_bonus":"RANDOM_COMMON_RELIC","is_prod":false,"is_daily":false,"chose_seed":false,"campfire_upgraded":2,"win_rate":0,"timestamp":1566320837,"path_taken":["M","?","M","M","M","R","M","R","T","E","$","M","?","M"],"build_version":"2019-07-17","purchased_purges":0,"victory":false,"max_hp_per_floor":[71,71,71,71,71,71,71,71,71,71,71,71,71,71],"card_choices":[{"not_picked":["Stack","Leap"],"picked":"Ball Lightning","floor":1},{"not_picked":["Rebound","Redo"],"picked":"White Noise","floor":3},{"not_picked":["Sweeping Beam","Undo"],"picked":"Gash","floor":4},{"not_picked":["Conserve Battery","Ball Lightning"],"picked":"Leap","floor":5},{"not_picked":["Lockon","Hologram"],"picked":"Barrage","floor":7},{"not_picked":["Barrage","Scrape"],"picked":"Glacier","floor":10},{"not_picked":["Barrage","Storm"],"picked":"FTL","floor":12},{"not_picked":["Beam Cell","Chill"],"picked":"Go for the Eyes","floor":13}],"player_experience":520860,"relics_obtained":[{"floor":9,"key":"Nunchaku"},{"floor":10,"key":"Sundial"}],"event_choices":[{"damage_healed":0,"gold_gain":0,"player_choice":"Forge","damage_taken":0,"max_hp_gain":0,"max_hp_loss":0,"event_name":"Accursed Blacksmith","floor":2,"gold_loss":0,"cards_upgraded":["Zap"]}],"is_beta":false,"boss_relics":[],"items_purged_floors":[],"is_endless":false,"potions_floor_spawned":[4,10,13],"killed_by":"Exordium Thugs","ascension_level":18}