{"gold_per_floor":[112,112,112,131,148,148,183,183,183,145,189,3,28,28,28,131,131,145,161,161,161,161,161,7,38,38,38,38,38,38,65,65,163,163,177,52,106,119,132,132,145,49,76,0,0,30,43,57,57,57,57,57,9,41,41],"floor_reached":55,"playtime":9913,"items_purged":["Defend_B","Shame","Storm"],"score":767,"play_id":"6cccec19-0866-42cc-9ef2-1a86ae3b0de5","local_time":"20190705200042","is_ascension_mode":true,"campfire_choices":[{"data":"Zap","floor":6,"key":"SMITH"},{"data":"Dualcast","floor":8,"key":"SMITH"},{"data":"Steam","floor":15,"key":"SMITH"},{"data":"Barrage","floor":23,"key":"SMITH"},{"data":"BootSequence","floor":29,"key":"SMITH"},{"floor":32,"key":"REST"},{"floor":40,"key":"REST"},{"floor":49,"key":"RECALL"},{"data":"Machine Learning","floor":52,"key":"SMITH"}],"neow_cost":"NONE","seed_source_timestamp":672944897283094,"circlet_count":0,"master_deck":["Zap+1","Dualcast+1","Steam+1","BootSequence+1","All For One+1","Barrage+1","Blind+1","Rainbow+1","Core Surge","Conserve Battery+1","Go for the Eyes+1","Leap+1","Loop+1","Rainbow+1","Seek+1","White Noise+1","Static Discharge","BootSequence+1","Aggregate+1","Steam Power+1","Coolheaded+1","Glacier+1","Reinforced Body+1","Good Instincts+1","Capacitor+1","Defragment+1","Machine Learning+1","Force Field+1"],"relics":["Cracked Core","NeowsBlessing","Juzu Bracelet","Matryoshka","MawBank","Toxic Egg 2","Bag of Preparation","Ice Cream","Eternal Feather","Sundial","Orichalcum","Whetstone","Gremlin Horn","Strawberry","Pandora\u0027s Box","Dead Branch","Ancient Tea Set","Red Mask","Calipers","Art of War"],"potions_floor_usage":[7,13,13,13,13,25,25,33,46,54,55,55],"damage_taken":[{"damage":0,"enemies":"Small Slimes","floor":1,"turns":2},{"damage":0,"enemies":"2 Louse","floor":4,"turns":1},{"damage":0,"enemies":"Cultist","floor":5,"turns":1},{"damage":8,"enemies":"Lagavulin","floor":7,"turns":8},{"damage":19,"enemies":"3 Sentries","floor":11,"turns":9},{"damage":18,"enemies":"Gremlin Nob","floor":13,"turns":4},{"damage":4,"enemies":"Hexaghost","floor":16,"turns":10},{"damage":13,"enemies":"2 Thieves","floor":18,"turns":4},{"damage":0,"enemies":"Chosen","floor":19,"turns":4},{"damage":47,"enemies":"Gremlin Leader","floor":25,"turns":12},{"damage":10,"enemies":"Book of Stabbing","floor":31,"turns":6},{"damage":43,"enemies":"Automaton","floor":33,"turns":10},{"damage":18,"enemies":"3 Darklings","floor":35,"turns":5},{"damage":33,"enemies":"2 Orb Walkers","floor":37,"turns":4},{"damage":7,"enemies":"Orb Walker","floor":38,"turns":5},{"damage":4,"enemies":"Jaw Worm Horde","floor":39,"turns":3},{"damage":0,"enemies":"Maw","floor":41,"turns":9},{"damage":50,"enemies":"Giant Head","floor":46,"turns":11},{"damage":0,"enemies":"Spire Growth","floor":47,"turns":6},{"damage":0,"enemies":"Sphere and 2 Shapes","floor":48,"turns":3},{"damage":1,"enemies":"Time Eater","floor":50,"turns":17},{"damage":10,"enemies":"Shield and Spear","floor":54,"turns":9},{"damage":79,"enemies":"The Heart","floor":55,"turns":15}],"seed_played":"-4887464022351325002","potions_obtained":[{"floor":3,"key":"Block Potion"},{"floor":3,"key":"Weak Potion"},{"floor":3,"key":"GamblersBrew"},{"floor":7,"key":"EntropicBrew"},{"floor":13,"key":"Poison Potion"},{"floor":25,"key":"Ancient Potion"},{"floor":33,"key":"Strength Potion"},{"floor":35,"key":"Weak Potion"},{"floor":38,"key":"Poison Potion"}],"is_trial":false,"path_per_floor":["M","?","?","M","M","R","E","R","T","?","E","$","E","?","R","B",null,"M","M","?","?","?","R","$","E","T","?","$","R","T","E","R","B",null,"M","$","?","M","M","R","M","$","T","?","$","E","M","M","R","B",null,"R","$","E","B"],"character_chosen":"DEFECT","items_purchased":["Barrage","Blind+1","Leap+1","Good Instincts+1","Dexterity Potion"],"campfire_rested":2,"item_purchase_floors":[12,12,24,42,53],"current_hp_per_floor":[75,63,63,63,63,63,55,55,55,55,36,36,18,18,18,14,75,62,62,48,48,48,57,57,10,10,10,10,19,19,16,54,11,87,69,69,36,29,25,63,63,63,63,63,63,13,13,13,28,27,87,87,87,77,0],"gold":41,"neow_bonus":"THREE_ENEMY_KILL","is_prod":false,"is_daily":false,"chose_seed":false,"campfire_upgraded":6,"win_rate":0,"timestamp":1562324442,"path_taken":["M","?","?","M","M","R","E","R","T","?","E","$","E","?","R","BOSS","M","M","?","?","?","R","$","E","T","?","?","R","?","E","R","BOSS","M","$","?","M","M","R","M","$","T","?","?","E","M","M","R","BOSS","R","$","E","BOSS"],"build_version":"2019-07-01","purchased_purges":3,"victory":false,"max_hp_per_floor":[75,75,75,75,75,75,75,75,75,75,75,75,75,75,75,75,75,75,75,80,80,80,80,80,80,80,80,80,80,80,87,87,87,87,87,87,87,87,87,87,87,87,87,87,87,87,87,87,87,87,87,87,87,87,87],"card_choices":[{"not_picked":["Coolheaded","Beam Cell"],"picked":"Steam","floor":1},{"not_picked":["Compile Driver","Gash","Storm"],"picked":"SKIP","floor":4},{"not_picked":["Ball Lightning","Doom and Gloom"],"picked":"BootSequence","floor":5},{"not_picked":["Scrape","Compile Driver","Coolheaded"],"picked":"SKIP","floor":7},{"not_picked":["Barrage","Leap+1"],"picked":"All For One","floor":11},{"not_picked":["Redo+1","Recycle+1"],"picked":"Rainbow+1","floor":13},{"not_picked":["All For One","Meteor Strike"],"picked":"Core Surge","floor":16},{"not_picked":["Compile Driver","Stack+1"],"picked":"Conserve Battery+1","floor":18},{"not_picked":["Rebound","Rip and Tear"],"picked":"Go for the Eyes+1","floor":19},{"not_picked":["Beam Cell+1","Ball Lightning+1"],"picked":"Loop","floor":25},{"not_picked":["Turbo+1","Gash"],"picked":"Rainbow+1","floor":31},{"not_picked":["Fission+1","Reboot+1"],"picked":"Seek+1","floor":33},{"not_picked":["Cold Snap+1","Consume+1"],"picked":"Coolheaded+1","floor":35},{"not_picked":["Sweeping Beam","Cold Snap+1"],"picked":"Glacier+1","floor":38},{"not_picked":["Fusion+1","Redo+1","Stack+1"],"picked":"SKIP","floor":39},{"not_picked":["Glacier+1","Blizzard"],"picked":"Reinforced Body+1","floor":41},{"not_picked":["Steam Power+1","Double Energy+1"],"picked":"Capacitor+1","floor":46},{"not_picked":["Hologram+1","Turbo+1"],"picked":"Defragment+1","floor":47},{"not_picked":["Auto Shields+1","Leap+1"],"picked":"Machine Learning","floor":48},{"not_picked":["Conserve Battery+1","Redo+1"],"picked":"Force Field+1","floor":54}],"player_experience":167007,"relics_obtained":[{"floor":7,"key":"Matryoshka"},{"floor":9,"key":"MawBank"},{"floor":9,"key":"Toxic Egg 2"},{"floor":11,"key":"Bag of Preparation"},{"floor":13,"key":"Ice Cream"},{"floor":25,"key":"Orichalcum"},{"floor":26,"key":"Whetstone"},{"floor":26,"key":"Gremlin Horn"},{"floor":31,"key":"Strawberry"},{"floor":37,"key":"Dead Branch"},{"floor":43,"key":"Ancient Tea Set"},{"floor":46,"key":"Calipers"},{"floor":54,"key":"Art of War"}],"event_choices":[{"damage_healed":0,"gold_gain":0,"player_choice":"Success","damage_taken":12,"relics_obtained":["Juzu Bracelet"],"max_hp_gain":0,"max_hp_loss":0,"event_name":"Scrap Ooze","floor":2,"gold_loss":0},{"damage_healed":0,"gold_gain":0,"player_choice":"Got Potions","damage_taken":0,"max_hp_gain":0,"max_hp_loss":0,"event_name":"Lab","floor":3,"gold_loss":0},{"cards_removed":["Strike_B"],"damage_healed":0,"gold_gain":0,"player_choice":"Card Removal","damage_taken":0,"max_hp_gain":0,"max_hp_loss":0,"event_name":"The Cleric","floor":10,"gold_loss":50},{"damage_healed":0,"gold_gain":0,"player_choice":"Ignored","damage_taken":0,"max_hp_gain":0,"max_hp_loss":0,"event_name":"Liars Game","floor":14,"gold_loss":0},{"damage_healed":0,"gold_gain":0,"player_choice":"Shed Blood","damage_taken":19,"max_hp_gain":5,"max_hp_loss":0,"event_name":"Forgotten Altar","floor":20,"gold_loss":0},{"damage_healed":0,"gold_gain":0,"player_choice":"Stole Relic","damage_taken":0,"relics_obtained":["Sundial"],"max_hp_gain":0,"max_hp_loss":0,"event_name":"Addict","floor":21,"gold_loss":0,"cards_obtained":["Shame"]},{"damage_healed":0,"gold_gain":0,"player_choice":"Bought 0 Potions","damage_taken":0,"max_hp_gain":0,"max_hp_loss":0,"event_name":"The Woman in Blue","floor":22,"gold_loss":0},{"damage_healed":0,"gold_gain":0,"player_choice":"Forge","damage_taken":0,"max_hp_gain":0,"max_hp_loss":0,"event_name":"Accursed Blacksmith","floor":27,"gold_loss":0,"cards_upgraded":["Loop"]},{"damage_healed":0,"gold_gain":0,"player_choice":"Fight","damage_taken":0,"max_hp_gain":0,"max_hp_loss":0,"event_name":"Mysterious Sphere","floor":37,"gold_loss":0},{"damage_healed":0,"gold_gain":0,"player_choice":"Paid","damage_taken":0,"relics_obtained":["Red Mask"],"max_hp_gain":0,"max_hp_loss":0,"event_name":"Tomb of Lord Red Mask","floor":44,"gold_loss":76}],"is_beta":false,"boss_relics":[{"not_picked":["Coffee Dripper","Black Star"],"picked":"Eternal Feather"},{"not_picked":["Astrolabe","Orrery"],"picked":"Pandora\u0027s Box"}],"items_purged_floors":[12,24,36],"is_endless":false,"potions_floor_spawned":[5,7,13,25,33,35,38,41],"killed_by":"The Heart","ascension_level":2}