{"gold_per_floor":[114,114,133,133,18,44,57,57,57,57,84,96,96,111,111,215,215,233,233,233,247,346,346,362,69,69,69,84,84,84,104,104,208,208,218,218,118,134,234,234,234,234],"floor_reached":42,"playtime":2248,"items_purged":["Strike_R","Strike_R"],"score":429,"play_id":"ec967a8f-71dd-4eee-97df-1a2680648a83","local_time":"20190820190653","is_ascension_mode":false,"campfire_choices":[{"data":"Inflame","floor":8.0,"key":"SMITH"},{"data":"Spot Weakness","floor":10.0,"key":"SMITH"},{"data":"Bludgeon","floor":13.0,"key":"SMITH"},{"data":"Metallicize","floor":15.0,"key":"SMITH"},{"data":"Limit Break","floor":23.0,"key":"SMITH"},{"floor":27.0,"key":"REST"},{"floor":32.0,"key":"REST"},{"data":"Disarm","floor":40,"key":"SMITH"}],"neow_cost":"NONE","seed_source_timestamp":0,"circlet_count":0,"master_deck":["Strike_R","Defend_R","Defend_R","Defend_R","Defend_R","Bash+1","Reaper","Battle Trance","Metallicize+1","Inflame+1","Spot Weakness+1","Ghostly Armor","Bludgeon+1","Disarm+1","Limit Break+1","Shrug It Off+1","Rupture+1"],"special_seed":0,"relics":["Black Blood","Singing Bowl","Pen Nib","Red Skull","Runic Cube","Nilry\u0027s Codex","Ice Cream","Vajra","WingedGreaves"],"potions_floor_usage":[],"damage_taken":[{"damage":7.0,"enemies":"2 Louse","floor":1.0,"turns":3.0},{"damage":1.0,"enemies":"Cultist","floor":3.0,"turns":3.0},{"damage":39.0,"enemies":"Lagavulin","floor":6.0,"turns":8.0},{"damage":0.0,"enemies":"Small Slimes","floor":7.0,"turns":3.0},{"damage":22.0,"enemies":"3 Sentries","floor":11.0,"turns":7.0},{"damage":5.0,"enemies":"Red Slaver","floor":12.0,"turns":4.0},{"damage":20.0,"enemies":"3 Louse","floor":14.0,"turns":4.0},{"damage":30.0,"enemies":"The Guardian","floor":16.0,"turns":11.0},{"damage":19.0,"enemies":"2 Thieves","floor":18.0,"turns":4.0},{"damage":10.0,"enemies":"Shell Parasite","floor":21.0,"turns":7.0},{"damage":29.0,"enemies":"Sentry and Sphere","floor":24.0,"turns":6.0},{"damage":12.0,"enemies":"Snecko","floor":28.0,"turns":6.0},{"damage":41.0,"enemies":"Centurion and Healer","floor":31.0,"turns":5.0},{"damage":28.0,"enemies":"Champ","floor":33.0,"turns":10.0},{"damage":47,"enemies":"3 Shapes","floor":35,"turns":6},{"damage":21,"enemies":"Orb Walker","floor":38,"turns":3},{"damage":29,"enemies":"Mind Bloom Boss Battle","floor":39,"turns":9},{"damage":98,"enemies":"Transient","floor":42,"turns":5}],"seed_played":"3464252762718448162","potions_obtained":[{"floor":1.0,"key":"Explosive Potion"},{"floor":7.0,"key":"Dexterity Potion"},{"floor":12.0,"key":"Block Potion"},{"floor":16.0,"key":"Dexterity Potion"},{"floor":33.0,"key":"Ancient Potion"},{"floor":35,"key":"SpeedPotion"}],"is_trial":false,"path_per_floor":["M","?","M","?","$","E","M","R","T","R","E","M","R","M","R","B",null,"M","?","?","M","?","R","M","$","T","R","M","$","?","M","R","B",null,"M","?","$","M","?","R","?","M"],"character_chosen":"IRONCLAD","items_purchased":["Inflame","Ice Cream"],"campfire_rested":2,"item_purchase_floors":[5,25],"current_hp_per_floor":[79,79,80,80,80,54,60,60,60,60,66,78,78,72,72,63,82,71,71,55,53,53,53,30,30,30,55,49,49,49,38,64,61,90,73,73,73,64,83,83,83,0],"gold":234,"neow_bonus":"ONE_RANDOM_RARE_CARD","is_prod":false,"is_daily":false,"chose_seed":false,"campfire_upgraded":6,"win_rate":0,"timestamp":1566299213,"path_taken":["M","?","?","?","$","E","?","R","T","R","E","M","R","M","R","BOSS","M","?","?","?","?","R","M","$","T","R","M","?","?","M","R","BOSS","M","?","$","M","?","R","?","M"],"build_version":"2019-07-17","purchased_purges":2,"victory":false,"max_hp_per_floor":[80,80,80,80,80,80,80,80,80,80,80,80,80,82,82,82,82,84,84,84,86,86,86,86,86,86,86,86,86,86,88,88,90,90,90,90,90,92,94,94,94,94],"card_choices":[{"not_picked":["Twin Strike","Sever Soul"],"picked":"Battle Trance","floor":1.0},{"not_picked":["Havoc","Anger"],"picked":"Metallicize","floor":3.0},{"not_picked":["Clothesline","Havoc"],"picked":"Spot Weakness","floor":6.0},{"not_picked":["Clash","True Grit"],"picked":"Ghostly Armor","floor":7.0},{"not_picked":["Perfected Strike","Body Slam"],"picked":"Bludgeon","floor":11.0},{"not_picked":["Sword Boomerang","Intimidate"],"picked":"Disarm","floor":12.0},{"not_picked":["Flex","Disarm","Pommel Strike"],"picked":"Singing Bowl","floor":14.0},{"not_picked":["Juggernaut","Barricade"],"picked":"Limit Break","floor":16.0},{"not_picked":["Armaments","Thunderclap","Pommel Strike"],"picked":"Singing Bowl","floor":18.0},{"not_picked":["Ghostly Armor","Perfected Strike+1","Clash"],"picked":"Singing Bowl","floor":21.0},{"not_picked":["Clash","Wild Strike"],"picked":"Shrug It Off+1","floor":24.0},{"not_picked":["Dropkick+1","Cleave+1"],"picked":"Headbutt+1","floor":28.0},{"not_picked":["Hemokinesis","Searing Blow","Reaper"],"picked":"Singing Bowl","floor":31.0},{"not_picked":["Juggernaut","Brutality","Reaper"],"picked":"Singing Bowl","floor":33.0},{"not_picked":["Rampage","Headbutt"],"picked":"Rupture+1","floor":35},{"not_picked":["True Grit","Twin Strike","Clash+1"],"picked":"Singing Bowl","floor":38},{"not_picked":["Iron Wave+1","Rage","Sever Soul"],"picked":"Singing Bowl","floor":39}],"player_experience":213885,"relics_obtained":[{"floor":6.0,"key":"Singing Bowl"},{"floor":9.0,"key":"Pen Nib"},{"floor":11.0,"key":"Red Skull"},{"floor":20.0,"key":"Nilry\u0027s Codex"},{"floor":26.0,"key":"Vajra"},{"floor":39,"key":"WingedGreaves"}],"event_choices":[{"damage_healed":0.0,"max_hp_gain":0.0,"max_hp_loss":0.0,"gold_gain":0.0,"event_name":"Upgrade Shrine","player_choice":"Upgraded","floor":2.0,"gold_loss":0.0,"damage_taken":0.0,"cards_upgraded":["Bash"]},{"damage_healed":0.0,"max_hp_gain":0.0,"max_hp_loss":0.0,"gold_gain":0.0,"event_name":"Wheel of Change","player_choice":"Full Heal","floor":4.0,"gold_loss":0.0,"damage_taken":0.0},{"cards_removed":["Strike_R"],"damage_healed":0.0,"max_hp_gain":0.0,"max_hp_loss":0.0,"gold_gain":0.0,"event_name":"Back to Basics","player_choice":"Elegance","floor":19.0,"gold_loss":0.0,"damage_taken":0.0},{"damage_healed":0.0,"max_hp_gain":0.0,"max_hp_loss":0.0,"gold_gain":0.0,"event_name":"Cursed Tome","player_choice":"Obtained Book","floor":20.0,"gold_loss":0.0,"damage_taken":16.0},{"damage_healed":0.0,"max_hp_gain":0.0,"max_hp_loss":0.0,"gold_gain":99.0,"event_name":"Nest","player_choice":"Stole From Cult","floor":22.0,"gold_loss":0.0,"damage_taken":0.0},{"cards_removed":["Headbutt"],"damage_healed":0,"gold_gain":0,"player_choice":"Removed Attack","damage_taken":0,"max_hp_gain":0,"max_hp_loss":0,"event_name":"Falling","floor":36,"gold_loss":0},{"damage_healed":0,"gold_gain":0,"player_choice":"Fight","damage_taken":0,"max_hp_gain":0,"max_hp_loss":0,"event_name":"MindBloom","floor":39,"gold_loss":0},{"cards_removed":["Strike_R"],"damage_healed":0,"gold_gain":0,"player_choice":"Purged","damage_taken":0,"max_hp_gain":0,"max_hp_loss":0,"event_name":"Purifier","floor":41,"gold_loss":0}],"is_beta":false,"boss_relics":[{"not_picked":["Empty Cage","Philosopher\u0027s Stone"],"picked":"Runic Cube"},{"not_picked":["Cursed Key","Pandora\u0027s Box"],"picked":"Black Blood"}],"items_purged_floors":[5,37],"is_endless":false,"potions_floor_spawned":[1,7,12,16,28,33,35],"killed_by":"Transient","ascension_level":0}