{"gold_per_floor":[112,37,48,68,68,68,103,103,103,163,163,163,174,202,202,299,299,315,117,117,117,128,128,140,65,65,65,91,91,91,109,109,210,210,230,330,348,101,101,101,116,116,116,144,161,8,8,19,19,19,19,19,19,47,47],"floor_reached":56,"playtime":6262,"items_purged":["Defend_B","Defend_B"],"score":1176,"play_id":"f0c75e41-3545-4420-b17b-8187a717d67b","local_time":"20190719114557","is_ascension_mode":false,"campfire_choices":[{"data":"Glacier","floor":6,"key":"SMITH"},{"data":"Dualcast","floor":8,"key":"SMITH"},{"data":"Blizzard","floor":11,"key":"SMITH"},{"floor":15,"key":"REST"},{"data":"Hologram","floor":23,"key":"SMITH"},{"data":"Go for the Eyes","floor":27,"key":"SMITH"},{"data":"Coolheaded","floor":29,"key":"SMITH"},{"data":"All For One","floor":32,"key":"SMITH"},{"floor":40,"key":"RECALL"},{"data":"Cold Snap","floor":42,"key":"SMITH"},{"floor":49,"key":"DIG"},{"floor":52,"key":"DIG"}],"neow_cost":"NONE","seed_source_timestamp":1072519396928879,"circlet_count":0,"master_deck":["Strike_B+1","Dualcast+1","Gash","Glacier+1","Coolheaded+1","Blizzard+1","Cold Snap+1","Hologram+1","All For One+1","Defragment+1","Go for the Eyes+1","Gash","Gash+1","Loop+1","Echo Form+1","Cold Snap+1","BootSequence+1","Hologram+1","Capacitor+1","FTL"],"relics":["Cracked Core","Darkstone Periapt","Cables","Bag of Marbles","Frozen Egg 2","Empty Cage","Anchor","Philosopher\u0027s Stone","Du-Vu Doll","Oddly Smooth Stone","Shuriken","Shovel","Boot","Bottled Flame","Pear"],"potions_floor_usage":[16,16,28,55,55,55],"damage_taken":[{"damage":5,"enemies":"Small Slimes","floor":1,"turns":4},{"damage":1,"enemies":"2 Louse","floor":3,"turns":3},{"damage":0,"enemies":"Jaw Worm","floor":4,"turns":3},{"damage":23,"enemies":"Lagavulin","floor":7,"turns":9},{"damage":3,"enemies":"3 Sentries","floor":10,"turns":8},{"damage":0,"enemies":"Looter","floor":13,"turns":3},{"damage":22,"enemies":"Gremlin Nob","floor":14,"turns":4},{"damage":4,"enemies":"The Guardian","floor":16,"turns":11},{"damage":2,"enemies":"2 Thieves","floor":18,"turns":4},{"damage":0,"enemies":"Shell Parasite","floor":22,"turns":5},{"damage":0,"enemies":"Snake Plant","floor":24,"turns":5},{"damage":23,"enemies":"Slavers","floor":28,"turns":4},{"damage":0,"enemies":"3 Cultists","floor":31,"turns":4},{"damage":1,"enemies":"Champ","floor":33,"turns":7},{"damage":2,"enemies":"3 Darklings","floor":35,"turns":4},{"damage":36,"enemies":"Mind Bloom Boss Battle","floor":36,"turns":5},{"damage":0,"enemies":"Orb Walker","floor":37,"turns":3},{"damage":0,"enemies":"Sphere and 2 Shapes","floor":41,"turns":4},{"damage":0,"enemies":"Giant Head","floor":44,"turns":6},{"damage":0,"enemies":"4 Shapes","floor":45,"turns":5},{"damage":10,"enemies":"Writhing Mass","floor":48,"turns":6},{"damage":14,"enemies":"Donu and Deca","floor":50,"turns":7},{"damage":65,"enemies":"Shield and Spear","floor":54,"turns":6},{"damage":7,"enemies":"The Heart","floor":55,"turns":9}],"seed_played":"-5107547471416511266","potions_obtained":[{"floor":10,"key":"SteroidPotion"},{"floor":13,"key":"FearPotion"},{"floor":14,"key":"LiquidBronze"},{"floor":16,"key":"Fruit Juice"},{"floor":18,"key":"SteroidPotion"},{"floor":24,"key":"Swift Potion"},{"floor":28,"key":"SpeedPotion"},{"floor":35,"key":"Dexterity Potion"},{"floor":45,"key":"Ancient Potion"}],"is_trial":false,"path_per_floor":["M","$","M","M","?","R","E","R","T","?","R","?","M","E","R","B",null,"M","$","?","?","M","R","M","?","T","R","E","R","$","M","R","B",null,"M","?","M","$","?","R","M","R","T","E","M","$","?","M","R","B",null,"R","$","E","B",null],"character_chosen":"DEFECT","items_purchased":["Glacier","Defragment+1","Go for the Eyes","Oddly Smooth Stone","Capacitor+1","FTL"],"campfire_rested":1,"item_purchase_floors":[2,19,19,38,46,46],"current_hp_per_floor":[70,70,69,69,69,69,46,46,46,43,43,28,28,6,28,29,80,78,78,78,78,78,78,78,78,78,78,55,55,55,55,55,54,80,78,42,42,42,42,42,42,42,42,42,42,42,80,70,70,56,80,80,80,25,18],"gold":47,"neow_bonus":"UPGRADE_CARD","is_prod":false,"is_daily":false,"chose_seed":false,"campfire_upgraded":8,"win_rate":0,"timestamp":1563504357,"path_taken":["M","$","M","M","?","R","E","R","T","?","R","?","M","E","R","BOSS","M","$","?","?","M","R","M","?","T","R","E","R","$","M","R","BOSS","M","?","M","$","?","R","M","R","T","E","M","$","?","M","R","BOSS","R","$","E","BOSS"],"build_version":"2019-07-17","purchased_purges":2,"victory":true,"max_hp_per_floor":[75,75,75,75,75,75,75,75,75,75,75,75,75,75,75,80,80,80,80,80,80,80,80,80,80,80,80,80,80,80,80,80,80,80,80,80,80,80,80,80,80,80,80,80,80,80,80,80,80,80,80,80,80,90,90],"card_choices":[{"not_picked":["Self Repair","Redo"],"picked":"Gash","floor":1},{"not_picked":["Scrape","Turbo"],"picked":"Coolheaded","floor":3},{"not_picked":["Rebound","Hello World"],"picked":"Blizzard","floor":4},{"not_picked":["Rebound","Sweeping Beam"],"picked":"Cold Snap","floor":7},{"not_picked":["Storm","Streamline"],"picked":"Hologram","floor":13},{"not_picked":["Steam Power","Turbo","Fusion"],"picked":"SKIP","floor":14},{"not_picked":["Thunder Strike","Seek"],"picked":"All For One","floor":16},{"not_picked":["Stack+1","Reprogram","Force Field"],"picked":"SKIP","floor":18},{"not_picked":["Sweeping Beam","Coolheaded+1"],"picked":"Gash","floor":22},{"not_picked":["Glacier+1","Rebound"],"picked":"Gash+1","floor":24},{"not_picked":["Doom and Gloom","Ball Lightning","Turbo+1"],"picked":"SKIP","floor":28},{"not_picked":["Steam Power+1","Barrage+1"],"picked":"Loop+1","floor":31},{"not_picked":["All For One","Thunder Strike"],"picked":"Echo Form+1","floor":33},{"not_picked":["Rip and Tear+1","Compile Driver+1"],"picked":"Cold Snap+1","floor":35},{"not_picked":["Double Energy+1","Cold Snap+1"],"picked":"BootSequence+1","floor":36},{"not_picked":["BootSequence","Sweeping Beam"],"picked":"Hologram+1","floor":37},{"not_picked":["Turbo+1","Blizzard+1","Steam+1"],"picked":"SKIP","floor":41},{"not_picked":["Darkness","Streamline+1","Ball Lightning+1"],"picked":"SKIP","floor":44},{"not_picked":["Storm+1","Go for the Eyes+1","Fission"],"picked":"SKIP","floor":45},{"not_picked":["BootSequence+1","Doom and Gloom","Go for the Eyes+1"],"picked":"SKIP","floor":48},{"not_picked":["Compile Driver","Rebound+1","Recycle"],"picked":"SKIP","floor":54}],"player_experience":326665,"relics_obtained":[{"floor":7,"key":"Darkstone Periapt"},{"floor":9,"key":"Cables"},{"floor":14,"key":"Frozen Egg 2"},{"floor":28,"key":"Anchor"},{"floor":36,"key":"Du-Vu Doll"},{"floor":43,"key":"Shuriken"},{"floor":44,"key":"Shovel"},{"floor":49,"key":"Boot"},{"floor":52,"key":"Bottled Flame"},{"floor":54,"key":"Pear"}],"event_choices":[{"cards_removed":["Strike_B"],"damage_healed":0,"gold_gain":0,"player_choice":"Forget","damage_taken":0,"max_hp_gain":0,"max_hp_loss":0,"event_name":"Living Wall","floor":5,"gold_loss":0},{"damage_healed":0,"gold_gain":30,"player_choice":"Searched \u00273\u0027 times","damage_taken":0,"relics_obtained":["Bag of Marbles"],"max_hp_gain":0,"max_hp_loss":0,"event_name":"Dead Adventurer","floor":10,"gold_loss":0},{"damage_healed":0,"gold_gain":0,"player_choice":"Entered Light","damage_taken":15,"max_hp_gain":0,"max_hp_loss":0,"event_name":"Shining Light","floor":12,"gold_loss":0,"cards_upgraded":["Strike_B","Strike_B"]},{"damage_healed":0,"gold_gain":0,"player_choice":"Ignored","damage_taken":0,"max_hp_gain":0,"max_hp_loss":0,"event_name":"Cursed Tome","floor":20,"gold_loss":0},{"cards_removed":["Defend_B"],"damage_healed":0,"gold_gain":0,"player_choice":"Elegance","damage_taken":0,"max_hp_gain":0,"max_hp_loss":0,"event_name":"Back to Basics","floor":21,"gold_loss":0},{"cards_removed":["Strike_B"],"damage_healed":0,"gold_gain":0,"player_choice":"Gave Gold","damage_taken":0,"max_hp_gain":0,"max_hp_loss":0,"event_name":"Beggar","floor":25,"gold_loss":75},{"damage_healed":0,"gold_gain":0,"player_choice":"Fight","damage_taken":0,"max_hp_gain":0,"max_hp_loss":0,"event_name":"MindBloom","floor":36,"gold_loss":0},{"cards_removed":["Zap"],"damage_healed":0,"gold_gain":0,"player_choice":"Removed Skill","damage_taken":0,"max_hp_gain":0,"max_hp_loss":0,"event_name":"Falling","floor":39,"gold_loss":0},{"damage_healed":38,"gold_gain":0,"player_choice":"Full Heal","damage_taken":0,"max_hp_gain":0,"max_hp_loss":0,"event_name":"Wheel of Change","floor":47,"gold_loss":0}],"is_beta":false,"boss_relics":[{"not_picked":["Fusion Hammer","Runic Dome"],"picked":"Empty Cage"},{"not_picked":["Lizard Tail","Runic Pyramid"],"picked":"Philosopher\u0027s Stone"}],"items_purged_floors":[19,38],"is_endless":false,"potions_floor_spawned":[10,13,14,16,18,24,28,35,36,45],"ascension_level":0}