{"gold_per_floor":[114,3,17,35,35,35,35,49,130,145,2,2,2,17,17,94,94,83,102,2,20,34,34,34],"floor_reached":24,"playtime":1414,"items_purged":["Strike_B","Strike_B"],"score":333,"play_id":"28b5975b-57a7-419b-a0bc-883782177692","local_time":"20190808031651","is_ascension_mode":true,"campfire_choices":[{"data":"Zap","floor":6,"key":"SMITH"},{"data":"Defragment","floor":12,"key":"SMITH"},{"floor":15,"key":"REST"},{"data":"Dualcast","floor":23,"key":"SMITH"}],"neow_cost":"PERCENT_DAMAGE","seed_source_timestamp":562026190809685,"circlet_count":0,"master_deck":["AscendersBane","Strike_B","Defend_B","Defend_B","Defend_B","Zap+1","Dualcast+1","Coolheaded","Defragment+1","Reinforced Body","Cold Snap","Go for the Eyes","Buffer","Blizzard","Machine Learning"],"relics":["Cracked Core","Shuriken","Sozu"],"potions_floor_usage":[16,22],"damage_taken":[{"damage":0,"enemies":"Small Slimes","floor":1,"turns":3},{"damage":0,"enemies":"Jaw Worm","floor":3,"turns":3},{"damage":1,"enemies":"2 Louse","floor":4,"turns":2},{"damage":8,"enemies":"Blue Slaver","floor":8,"turns":3},{"damage":1,"enemies":"Exordium Thugs","floor":10,"turns":5},{"damage":0,"enemies":"2 Fungi Beasts","floor":14,"turns":3},{"damage":25,"enemies":"The Guardian","floor":16,"turns":14},{"damage":12,"enemies":"2 Thieves","floor":18,"turns":4},{"damage":11,"enemies":"Spheric Guardian","floor":19,"turns":4},{"damage":10,"enemies":"Centurion and Healer","floor":21,"turns":10},{"damage":10,"enemies":"Snake Plant","floor":22,"turns":7},{"damage":33,"enemies":"3 Cultists","floor":24,"turns":3}],"seed_played":"3663509190249419969","potions_obtained":[{"floor":3,"key":"Block Potion"},{"floor":4,"key":"SpeedPotion"}],"is_trial":false,"path_per_floor":["M","$","M","M","?","R","?","M","T","M","$","R","?","M","R","B",null,"M","M","$","M","M","R","M"],"character_chosen":"DEFECT","items_purchased":["Defragment","Reinforced Body","Blizzard"],"campfire_rested":1,"item_purchase_floors":[2,2,11],"current_hp_per_floor":[46,46,46,45,45,45,45,37,37,36,36,36,41,41,63,38,67,55,44,44,34,24,24,0],"gold":34,"neow_bonus":"REMOVE_TWO","is_prod":false,"is_daily":false,"chose_seed":false,"campfire_upgraded":3,"win_rate":0,"timestamp":1565201811,"path_taken":["M","$","M","M","?","R","?","M","T","M","?","R","?","?","R","BOSS","M","M","$","M","M","R","M"],"build_version":"2019-07-17","purchased_purges":2,"victory":false,"max_hp_per_floor":[71,71,71,71,71,71,71,71,71,71,71,71,76,76,76,76,76,76,76,76,76,76,76,76],"card_choices":[{"not_picked":["Ball Lightning","Stack"],"picked":"Coolheaded","floor":1},{"not_picked":["Compile Driver","Genetic Algorithm"],"picked":"Cold Snap","floor":3},{"not_picked":["Turbo","Auto Shields"],"picked":"Go for the Eyes","floor":4},{"not_picked":["Compile Driver","Storm","Sweeping Beam"],"picked":"SKIP","floor":8},{"not_picked":["Consume","Compile Driver"],"picked":"Buffer","floor":10},{"not_picked":["Static Discharge","Storm","Cold Snap"],"picked":"SKIP","floor":14},{"not_picked":["Fission","Reboot"],"picked":"Machine Learning","floor":16},{"not_picked":["Steam","Reinforced Body","Turbo"],"picked":"SKIP","floor":18},{"not_picked":["Melter","Steam","Leap"],"picked":"SKIP","floor":19},{"not_picked":["Turbo","Skim","Compile Driver"],"picked":"SKIP","floor":21},{"not_picked":["Recycle","Storm","Redo"],"picked":"SKIP","floor":22}],"player_experience":463208,"relics_obtained":[{"floor":9,"key":"Shuriken"}],"event_choices":[{"damage_healed":0,"gold_gain":0,"player_choice":"Ignored","damage_taken":0,"max_hp_gain":0,"max_hp_loss":0,"event_name":"Liars Game","floor":5,"gold_loss":0},{"damage_healed":0,"gold_gain":0,"player_choice":"Ignored","damage_taken":0,"max_hp_gain":0,"max_hp_loss":0,"event_name":"Golden Idol","floor":7,"gold_loss":0},{"damage_healed":0,"gold_gain":0,"player_choice":"Donut","damage_taken":0,"max_hp_gain":5,"max_hp_loss":0,"event_name":"Big Fish","floor":13,"gold_loss":0}],"is_beta":false,"boss_relics":[{"not_picked":["Fusion Hammer","Velvet Choker"],"picked":"Sozu"}],"items_purged_floors":[11,20],"is_endless":false,"potions_floor_spawned":[3,4,14,18],"killed_by":"3 Cultists","ascension_level":15}