{"gold_per_floor":[117,137,156,174,23,52,69,69,69,69,69,69,98,111,111,215,215,229,257,96,110,122,150,150,179,179,198,198,216,216,235,235,335,335,351,351,22,32,32,32,57,57,57,86,86,106,120,120,120,120],"floor_reached":51,"playtime":4005,"items_purged":[],"score":1340,"play_id":"64706593-daea-4add-ba8f-ec793ea4640e","local_time":"20190819050654","is_ascension_mode":true,"campfire_choices":[{"data":"Uppercut","floor":8,"key":"SMITH"},{"floor":10,"key":"REST"},{"data":"Battle Trance","floor":12,"key":"SMITH"},{"data":"Inflame","floor":15,"key":"SMITH"},{"floor":24,"key":"REST"},{"data":"Feel No Pain","floor":30,"key":"SMITH"},{"data":"Flame Barrier","floor":32,"key":"SMITH"},{"data":"Limit Break","floor":40,"key":"SMITH"},{"data":"Fiend Fire","floor":42,"key":"SMITH"},{"data":"Perfected Strike","floor":45,"key":"SMITH"},{"floor":49,"key":"REST"}],"neow_cost":"TEN_PERCENT_HP_LOSS","seed_source_timestamp":418645092391034,"circlet_count":0,"master_deck":["AscendersBane","Strike_R","Strike_R","Strike_R","Defend_R","Defend_R","Defend_R","Defend_R","Bash","Uppercut+1","Battle Trance+1","Anger","Twin Strike","Impervious","Inflame+1","Battle Trance","Impervious","Parasite","Clumsy","Clumsy","Feel No Pain+1","Second Wind","Seeing Red","Good Instincts","Feed","Reckless Charge","Power Through","Flame Barrier+1","Metallicize+1","Thunderclap","Battle Trance","Fiend Fire+1","Clothesline","Limit Break+1","Perfected Strike+1","True Grit+1","Body Slam+1","Clothesline+1","Uppercut+1","Limit Break+1"],"relics":["Burning Blood","Champion Belt","Lantern","Ice Cream","Du-Vu Doll","Gambling Chip","Ginger","Calling Bell","Strawberry","Gremlin Horn","Thread and Needle","Red Mask","Art of War","Ornamental Fan","Dodecahedron","Snecko Eye","Centennial Puzzle","Regal Pillow","Meat on the Bone","Bottled Tornado"],"potions_floor_usage":[4,23,23,33,33,44,44,50,50],"damage_taken":[{"damage":7,"enemies":"2 Louse","floor":1,"turns":4},{"damage":20,"enemies":"Small Slimes","floor":2,"turns":4},{"damage":4,"enemies":"Jaw Worm","floor":3,"turns":3},{"damage":9,"enemies":"Lots of Slimes","floor":4,"turns":5},{"damage":35,"enemies":"Gremlin Nob","floor":6,"turns":5},{"damage":6,"enemies":"3 Louse","floor":7,"turns":4},{"damage":10,"enemies":"Lagavulin","floor":13,"turns":5},{"damage":2,"enemies":"2 Fungi Beasts","floor":14,"turns":3},{"damage":0,"enemies":"Slime Boss","floor":16,"turns":6},{"damage":14,"enemies":"Shell Parasite","floor":18,"turns":5},{"damage":36,"enemies":"Masked Bandits","floor":19,"turns":4},{"damage":7,"enemies":"2 Thieves","floor":21,"turns":4},{"damage":9,"enemies":"Sentry and Sphere","floor":22,"turns":4},{"damage":18,"enemies":"Gremlin Leader","floor":23,"turns":6},{"damage":30,"enemies":"Slavers","floor":25,"turns":7},{"damage":0,"enemies":"3 Cultists","floor":27,"turns":4},{"damage":5,"enemies":"Snake Plant","floor":29,"turns":6},{"damage":0,"enemies":"Sentry and Sphere","floor":31,"turns":3},{"damage":15,"enemies":"Collector","floor":33,"turns":10},{"damage":0,"enemies":"3 Darklings","floor":35,"turns":4},{"damage":24,"enemies":"3 Shapes","floor":38,"turns":4},{"damage":3,"enemies":"Reptomancer","floor":41,"turns":3},{"damage":0,"enemies":"Giant Head","floor":44,"turns":7},{"damage":0,"enemies":"Sphere and 2 Shapes","floor":46,"turns":4},{"damage":0,"enemies":"Spire Growth","floor":47,"turns":4},{"damage":0,"enemies":"Time Eater","floor":50,"turns":8}],"seed_played":"650228721757829786","potions_obtained":[{"floor":1,"key":"SpeedPotion"},{"floor":2,"key":"Ancient Potion"},{"floor":3,"key":"Fire Potion"},{"floor":13,"key":"Energy Potion"},{"floor":18,"key":"Ancient Potion"},{"floor":25,"key":"PowerPotion"},{"floor":28,"key":"GamblersBrew"},{"floor":35,"key":"EntropicBrew"},{"floor":38,"key":"Block Potion"}],"is_trial":false,"path_per_floor":["M","M","M","M","$","E","M","R","T","R","?","R","E","M","R","B",null,"M","?","$","M","M","E","R","E","T","M","?","M","R","M","R","B",null,"M","?","$","M","?","R","E","R","T","E","R","M","M","?","R","B",null],"character_chosen":"IRONCLAD","items_purchased":["Lantern","Seeing Red","Good Instincts","Limit Break","Perfected Strike","Centennial Puzzle"],"campfire_rested":3,"item_purchase_floors":[5,20,20,37,37,37],"current_hp_per_floor":[71,57,59,56,56,27,27,27,27,48,36,36,32,36,36,42,72,64,34,34,33,33,24,49,25,25,34,34,38,38,47,47,38,80,86,86,86,71,71,71,74,74,74,80,80,89,95,95,100,100],"gold":120,"neow_bonus":"ONE_RARE_RELIC","is_prod":false,"is_daily":false,"chose_seed":false,"campfire_upgraded":8,"win_rate":0,"timestamp":1566205614,"path_taken":["M","M","M","M","$","E","M","R","T","R","?","R","E","M","R","BOSS","M","?","$","M","M","E","R","E","T","M","?","?","R","M","R","BOSS","M","?","$","M","?","R","E","R","T","E","R","?","M","?","R","BOSS"],"build_version":"2019-07-17","purchased_purges":0,"victory":true,"max_hp_per_floor":[72,72,72,72,72,72,72,72,72,72,72,72,72,72,72,72,79,79,79,79,79,82,85,85,85,85,88,88,91,91,94,94,94,94,94,94,94,97,97,97,97,97,97,97,97,100,100,100,100,100],"card_choices":[{"not_picked":["Flex","Searing Blow"],"picked":"Uppercut","floor":1},{"not_picked":["Flex","Wild Strike","Warcry"],"picked":"SKIP","floor":2},{"not_picked":["Headbutt","Cleave"],"picked":"Battle Trance","floor":3},{"not_picked":["Rage","Burning Pact"],"picked":"Anger","floor":4},{"not_picked":["Sword Boomerang","Rupture"],"picked":"Twin Strike","floor":6},{"not_picked":["Whirlwind","Cleave"],"picked":"Impervious","floor":7},{"not_picked":["Rupture","Headbutt"],"picked":"Inflame","floor":13},{"not_picked":["Searing Blow","Feel No Pain"],"picked":"Battle Trance","floor":14},{"not_picked":["Barricade","Fiend Fire"],"picked":"Impervious","floor":16},{"not_picked":["Clothesline","Fire Breathing"],"picked":"Feel No Pain","floor":18},{"not_picked":["True Grit","Power Through"],"picked":"Second Wind","floor":19},{"not_picked":["Rupture+1","Cleave"],"picked":"Feed","floor":21},{"not_picked":["Combust","Perfected Strike"],"picked":"Reckless Charge","floor":22},{"not_picked":["Rupture","Evolve"],"picked":"Power Through","floor":23},{"not_picked":["Shrug It Off","Clothesline+1"],"picked":"Flame Barrier","floor":25},{"not_picked":["Shrug It Off","Reckless Charge"],"picked":"Metallicize+1","floor":27},{"not_picked":["Disarm+1","Hemokinesis+1"],"picked":"Thunderclap","floor":29},{"not_picked":["Havoc","Blood for Blood+1"],"picked":"Battle Trance","floor":31},{"not_picked":["Barricade","Juggernaut"],"picked":"Fiend Fire","floor":33},{"not_picked":["Evolve","Shrug It Off"],"picked":"Clothesline","floor":35},{"not_picked":["Seeing Red","Disarm+1"],"picked":"True Grit+1","floor":38},{"not_picked":["Battle Trance","Rampage","Hemokinesis+1"],"picked":"SKIP","floor":41},{"not_picked":["Anger","Inflame"],"picked":"Body Slam+1","floor":44},{"not_picked":["Dropkick","Headbutt"],"picked":"Clothesline+1","floor":46},{"not_picked":["Flex+1","Spot Weakness"],"picked":"Uppercut+1","floor":47}],"player_experience":440536,"relics_obtained":[{"floor":6,"key":"Ice Cream"},{"floor":9,"key":"Du-Vu Doll"},{"floor":13,"key":"Ginger"},{"floor":17,"key":"Strawberry"},{"floor":17,"key":"Gremlin Horn"},{"floor":17,"key":"Thread and Needle"},{"floor":19,"key":"Red Mask"},{"floor":23,"key":"Art of War"},{"floor":25,"key":"Ornamental Fan"},{"floor":26,"key":"Dodecahedron"},{"floor":41,"key":"Regal Pillow"},{"floor":43,"key":"Meat on the Bone"},{"floor":44,"key":"Bottled Tornado"}],"event_choices":[{"damage_healed":0,"gold_gain":0,"player_choice":"Success","damage_taken":12,"relics_obtained":["Gambling Chip"],"max_hp_gain":0,"max_hp_loss":0,"event_name":"Scrap Ooze","floor":11,"gold_loss":0},{"damage_healed":0,"gold_gain":0,"player_choice":"Fought Bandits","damage_taken":0,"max_hp_gain":0,"max_hp_loss":0,"event_name":"Masked Bandits","floor":19,"gold_loss":0},{"damage_healed":0,"gold_gain":0,"player_choice":"Got Potions","damage_taken":0,"max_hp_gain":0,"max_hp_loss":0,"event_name":"Lab","floor":28,"gold_loss":0},{"cards_removed":["Strike_R"],"damage_healed":0,"gold_gain":0,"player_choice":"Removed Attack","damage_taken":0,"max_hp_gain":0,"max_hp_loss":0,"event_name":"Falling","floor":36,"gold_loss":0},{"cards_removed":["Strike_R"],"damage_healed":0,"gold_gain":0,"player_choice":"Purged","damage_taken":0,"max_hp_gain":0,"max_hp_loss":0,"event_name":"Purifier","floor":39,"gold_loss":0},{"damage_healed":0,"gold_gain":0,"player_choice":"Copied","damage_taken":0,"max_hp_gain":0,"max_hp_loss":0,"event_name":"Duplicator","floor":48,"gold_loss":0,"cards_obtained":["Limit Break"]}],"is_beta":false,"boss_relics":[{"not_picked":["Runic Cube","Ectoplasm"],"picked":"Calling Bell"},{"not_picked":["Lizard Tail","Sozu"],"picked":"Snecko Eye"}],"items_purged_floors":[],"is_endless":false,"potions_floor_spawned":[1,2,3,13,18,21,25,29,31,35,38,41],"ascension_level":11}