{"gold_per_floor":[119,134,84,159,173,173,206,206,206,206,235,21,21,34,34,137,137,155,155,4,19,36,36,68,68,68,68,68,102,102,127,127,228,228,242,242,342,359,375,375,408,422,422,422,438,448,473,526,526,526,526,526,10,44,44],"floor_reached":56,"playtime":7114,"items_purged":["Strike_R"],"score":2175,"play_id":"47a93ef2-54d6-4823-88be-73075825f8bc","local_time":"20190807073026","is_ascension_mode":true,"campfire_choices":[{"data":"True Grit","floor":6,"key":"SMITH"},{"data":"Metallicize","floor":8,"key":"SMITH"},{"data":"Feel No Pain","floor":13,"key":"SMITH"},{"floor":15,"key":"REST"},{"data":"Corruption","floor":23,"key":"SMITH"},{"data":"Feel No Pain","floor":27,"key":"SMITH"},{"data":"Bash","floor":32,"key":"SMITH"},{"data":"Thunderclap","floor":40,"key":"SMITH"},{"floor":49,"key":"RECALL"},{"data":"Pummel","floor":52,"key":"SMITH"}],"neow_cost":"NONE","seed_source_timestamp":14805624860437,"circlet_count":0,"master_deck":["Defend_R","Defend_R","Defend_R+1","Defend_R+1","Bash+1","Iron Wave","Dropkick","True Grit+1","Metallicize+1","Ghostly Armor+1","Feel No Pain+1","Purity+1","Warcry+1","Feel No Pain+1","Limit Break+1","Corruption+1","Ghostly+1","Ghostly+1","Ghostly+1","Ghostly+1","Ghostly+1","True Grit+1","Madness+1","Thunderclap+1","Iron Wave","Shrug It Off+1","Havoc+1","Seeing Red+1","Second Wind+1","Double Tap+1","Feel No Pain+1","Infernal Blade+1","Wild Strike+1","Body Slam+1","Flex+1","Infernal Blade+1","Feel No Pain+1","Dual Wield+1","Pummel+1","Armaments+1","Infernal Blade+1","Flex+1","Feel No Pain+1","Iron Wave+1"],"relics":["Burning Blood","Pocketwatch","Toxic Egg 2","Dead Branch","War Paint","Mark of Pain","Red Mask","Bottled Flame","Self Forming Clay","Bottled Tornado","WingedGreaves","Astrolabe","Ice Cream","Sundial","Darkstone Periapt","Calipers","Vajra","DollysMirror","Mercury Hourglass"],"potions_floor_usage":[7,29,38,44,48,55,55],"damage_taken":[{"damage":2,"enemies":"2 Louse","floor":1,"turns":3},{"damage":0,"enemies":"Small Slimes","floor":2,"turns":3},{"damage":7,"enemies":"Jaw Worm","floor":5,"turns":3},{"damage":51,"enemies":"3 Sentries","floor":7,"turns":13},{"damage":9,"enemies":"Gremlin Nob","floor":11,"turns":5},{"damage":0,"enemies":"Blue Slaver","floor":14,"turns":6},{"damage":13,"enemies":"Slime Boss","floor":16,"turns":10},{"damage":21,"enemies":"2 Thieves","floor":18,"turns":4},{"damage":0,"enemies":"Chosen","floor":21,"turns":5},{"damage":9,"enemies":"3 Cultists","floor":22,"turns":5},{"damage":0,"enemies":"Masked Bandits","floor":24,"turns":2},{"damage":3,"enemies":"Slavers","floor":29,"turns":8},{"damage":0,"enemies":"Book of Stabbing","floor":31,"turns":5},{"damage":0,"enemies":"Automaton","floor":33,"turns":5},{"damage":0,"enemies":"3 Shapes","floor":35,"turns":2},{"damage":0,"enemies":"Mind Bloom Boss Battle","floor":37,"turns":5},{"damage":0,"enemies":"Orb Walker","floor":38,"turns":3},{"damage":0,"enemies":"3 Darklings","floor":39,"turns":4},{"damage":1,"enemies":"Reptomancer","floor":41,"turns":3},{"damage":0,"enemies":"Spire Growth","floor":42,"turns":5},{"damage":0,"enemies":"4 Shapes","floor":45,"turns":3},{"damage":0,"enemies":"Writhing Mass","floor":46,"turns":4},{"damage":0,"enemies":"Giant Head","floor":47,"turns":3},{"damage":0,"enemies":"2 Orb Walkers","floor":48,"turns":5},{"damage":0,"enemies":"Donu and Deca","floor":50,"turns":6},{"damage":0,"enemies":"Shield and Spear","floor":54,"turns":5},{"damage":0,"enemies":"The Heart","floor":55,"turns":7}],"seed_played":"-1931474492726310307","potions_obtained":[{"floor":1,"key":"BloodPotion"},{"floor":5,"key":"GamblersBrew"},{"floor":24,"key":"GamblersBrew"},{"floor":29,"key":"Explosive Potion"},{"floor":31,"key":"Swift Potion"},{"floor":38,"key":"SkillPotion"},{"floor":42,"key":"Swift Potion"},{"floor":44,"key":"Fruit Juice"},{"floor":44,"key":"AttackPotion"},{"floor":48,"key":"Fire Potion"}],"is_trial":false,"path_per_floor":["M","M","?","?","M","R","E","R","T","?","E","$","R","M","R","B",null,"M","?","$","M","M","R","?","$","T","R","T","E","?","E","R","B",null,"M","?","?","M","M","R","E","M","T","?","M","M","E","?","R","B",null,"R","$","E","B",null],"character_chosen":"IRONCLAD","items_purchased":["Feel No Pain","Purity+1","Warcry+1","True Grit+1","Madness+1","Vajra","Infernal Blade+1","Flex+1","DollysMirror"],"campfire_rested":1,"item_purchase_floors":[12,12,12,20,20,53,53,53,53],"current_hp_per_floor":[76,80,80,69,68,68,43,43,43,31,28,28,28,34,58,51,73,58,40,40,40,37,37,40,40,40,40,40,40,40,40,40,40,40,40,40,40,40,40,40,40,40,40,45,45,45,45,45,45,45,45,45,45,45,45],"gold":44,"neow_bonus":"THREE_CARDS","is_prod":false,"is_daily":false,"chose_seed":false,"campfire_upgraded":8,"win_rate":0,"timestamp":1565177426,"path_taken":["M","M","?","?","M","R","E","R","T","?","E","$","R","M","R","BOSS","M","?","$","M","M","R","?","$","T","R","?","E","?","E","R","BOSS","M","?","?","M","M","R","E","M","T","?","?","M","E","?","R","BOSS","R","$","E","BOSS"],"build_version":"2019-07-17","purchased_purges":1,"victory":true,"max_hp_per_floor":[80,80,80,80,80,80,80,80,80,80,80,80,80,80,80,80,80,80,40,40,40,40,40,40,40,40,40,40,40,40,40,40,40,40,40,40,40,40,40,40,40,40,40,45,45,45,45,45,45,45,45,45,45,45,45],"card_choices":[{"not_picked":["Headbutt","Body Slam"],"picked":"Iron Wave","floor":0},{"not_picked":["Power Through","Hemokinesis"],"picked":"Dropkick","floor":1},{"not_picked":["Body Slam","Iron Wave"],"picked":"Thunderclap","floor":2},{"not_picked":["Iron Wave","Anger"],"picked":"True Grit","floor":5},{"not_picked":["Infernal Blade","Anger"],"picked":"Metallicize","floor":7},{"not_picked":["Rage+1","Havoc+1"],"picked":"Ghostly Armor+1","floor":11},{"not_picked":["Fire Breathing","Sever Soul"],"picked":"Feel No Pain","floor":14},{"not_picked":["Bludgeon","Berserk"],"picked":"Limit Break+1","floor":16},{"not_picked":["Iron Wave","Power Through+1"],"picked":"Corruption","floor":18},{"not_picked":["Clothesline","Rage+1"],"picked":"Thunderclap","floor":21},{"not_picked":["Combust","Hemokinesis"],"picked":"Iron Wave","floor":22},{"not_picked":["Clash","Carnage"],"picked":"Shrug It Off+1","floor":24},{"not_picked":["Dropkick","Headbutt"],"picked":"Havoc+1","floor":29},{"not_picked":["Carnage","Armaments+1"],"picked":"Second Wind+1","floor":31},{"not_picked":["Limit Break+1","Immolate"],"picked":"Double Tap+1","floor":33},{"not_picked":["Heavy Blade","Sword Boomerang","Iron Wave"],"picked":"SKIP","floor":35},{"not_picked":["Perfected Strike+1","Wild Strike"],"picked":"Body Slam+1","floor":37},{"not_picked":["Twin Strike","Havoc+1"],"picked":"Flex+1","floor":38},{"not_picked":["Dark Embrace","Clothesline+1"],"picked":"Infernal Blade+1","floor":39},{"not_picked":["Havoc+1","Metallicize"],"picked":"Feel No Pain+1","floor":41},{"not_picked":["Cleave+1","Rupture+1"],"picked":"Dual Wield+1","floor":42},{"not_picked":["Perfected Strike","Iron Wave"],"picked":"Pummel","floor":45},{"not_picked":["Thunderclap","Power Through+1","Wild Strike"],"picked":"SKIP","floor":46},{"not_picked":["Limit Break+1","Perfected Strike"],"picked":"Armaments+1","floor":47},{"not_picked":["Wild Strike+1","Clash"],"picked":"Iron Wave+1","floor":54}],"player_experience":380926,"relics_obtained":[{"floor":7,"key":"Pocketwatch"},{"floor":9,"key":"Toxic Egg 2"},{"floor":11,"key":"War Paint"},{"floor":24,"key":"Red Mask"},{"floor":26,"key":"Bottled Flame"},{"floor":28,"key":"Self Forming Clay"},{"floor":29,"key":"Bottled Tornado"},{"floor":31,"key":"WingedGreaves"},{"floor":37,"key":"Ice Cream"},{"floor":41,"key":"Sundial"},{"floor":47,"key":"Darkstone Periapt"},{"floor":48,"key":"Calipers"},{"floor":54,"key":"Mercury Hourglass"}],"event_choices":[{"cards_removed":["Strike_R"],"damage_healed":0,"gold_gain":0,"player_choice":"Card Removal","damage_taken":0,"max_hp_gain":0,"max_hp_loss":0,"event_name":"The Cleric","floor":3,"gold_loss":50},{"damage_healed":0,"gold_gain":75,"player_choice":"Gather Gold","damage_taken":11,"max_hp_gain":0,"max_hp_loss":0,"event_name":"World of Goop","floor":4,"gold_loss":0},{"damage_healed":0,"gold_gain":0,"player_choice":"Success","damage_taken":12,"relics_obtained":["Dead Branch"],"max_hp_gain":0,"max_hp_loss":0,"event_name":"Scrap Ooze","floor":10,"gold_loss":0},{"damage_healed":0,"gold_gain":0,"player_choice":"Became a Ghost","damage_taken":0,"max_hp_gain":0,"max_hp_loss":40,"event_name":"Ghosts","floor":19,"gold_loss":0,"cards_obtained":["Ghostly","Ghostly","Ghostly","Ghostly","Ghostly"]},{"damage_healed":0,"gold_gain":0,"player_choice":"Fought Bandits","damage_taken":0,"max_hp_gain":0,"max_hp_loss":0,"event_name":"Masked Bandits","floor":24,"gold_loss":0},{"damage_healed":0,"gold_gain":0,"player_choice":"Read","damage_taken":0,"max_hp_gain":0,"max_hp_loss":0,"event_name":"The Library","floor":30,"gold_loss":0,"cards_obtained":["Seeing Red"]},{"cards_removed":["Thunderclap"],"damage_healed":0,"gold_gain":0,"player_choice":"Removed Attack","damage_taken":0,"max_hp_gain":0,"max_hp_loss":0,"event_name":"Falling","floor":36,"gold_loss":0},{"damage_healed":0,"gold_gain":0,"player_choice":"Fight","damage_taken":0,"max_hp_gain":0,"max_hp_loss":0,"event_name":"MindBloom","floor":37,"gold_loss":0},{"damage_healed":0,"gold_gain":0,"player_choice":"Got Potions","damage_taken":0,"max_hp_gain":0,"max_hp_loss":0,"event_name":"Lab","floor":44,"gold_loss":0},{"damage_healed":0,"gold_gain":0,"player_choice":"Fight","damage_taken":0,"max_hp_gain":0,"max_hp_loss":0,"event_name":"Mysterious Sphere","floor":48,"gold_loss":0}],"is_beta":false,"boss_relics":[{"not_picked":["Cursed Key","Busted Crown"],"picked":"Mark of Pain"},{"not_picked":["Velvet Choker","Tiny House"],"picked":"Astrolabe"}],"items_purged_floors":[53],"is_endless":false,"potions_floor_spawned":[1,5,24,29,31,38,42,46,48],"ascension_level":9}