{"gold_per_floor":[113,124,144,144,144,144,155,181,206,225,74,74,74,108,120,209,221,187,199,51,51,51,51,71,71,71,71],"floor_reached":27,"playtime":1302,"items_purged":["Strike_B"],"score":438,"play_id":"033bfb20-adc4-4f99-b8c4-f8dfab6ea773","local_time":"20190823013024","is_ascension_mode":true,"campfire_choices":[{"data":"Zap","floor":6,"key":"SMITH"},{"floor":13,"key":"REST"},{"floor":15,"key":"REST"},{"data":"Defragment","floor":23,"key":"SMITH"},{"floor":25,"key":"REST"}],"neow_cost":"NONE","seed_source_timestamp":1851680385611154,"circlet_count":0,"master_deck":["AscendersBane","Strike_B","Strike_B","Defend_B","Defend_B","Defend_B","Defend_B","Zap+1","Dualcast","Defragment+1","Recycle","Cold Snap","Go for the Eyes","Biased Cognition","Consume","Core Surge","Undo","Thunder Strike","Hologram","Blizzard","Decay"],"relics":["Cracked Core","NeowsBlessing","Pen Nib","Anchor","Blood Vial","MawBank","Velvet Choker","Bottled Lightning"],"potions_floor_usage":[14,18],"damage_taken":[{"damage":0,"enemies":"Cultist","floor":1,"turns":1},{"damage":0,"enemies":"Small Slimes","floor":2,"turns":1},{"damage":0,"enemies":"2 Louse","floor":3,"turns":1},{"damage":6,"enemies":"Blue Slaver","floor":7,"turns":5},{"damage":44,"enemies":"3 Sentries","floor":8,"turns":9},{"damage":0,"enemies":"Exordium Thugs","floor":10,"turns":4},{"damage":20,"enemies":"Lagavulin","floor":14,"turns":6},{"damage":24,"enemies":"Hexaghost","floor":16,"turns":13},{"damage":43,"enemies":"2 Thieves","floor":18,"turns":5},{"damage":17,"enemies":"Spheric Guardian","floor":24,"turns":6},{"damage":36,"enemies":"Chosen and Byrds","floor":27,"turns":3}],"seed_played":"7806299669310294018","potions_obtained":[{"floor":1,"key":"Swift Potion"},{"floor":2,"key":"AttackPotion"},{"floor":7,"key":"Poison Potion"}],"is_trial":false,"path_per_floor":["M","M","M","?","?","R","M","E","T","M","$","T","R","E","R","B",null,"M","?","$","?","?","R","M","R","T","M"],"character_chosen":"DEFECT","items_purchased":["Core Surge","Blizzard"],"campfire_rested":3,"item_purchase_floors":[11,20],"current_hp_per_floor":[64,64,64,69,62,62,56,12,12,12,12,12,34,16,38,16,61,20,20,20,20,20,20,5,27,27,0],"gold":71,"neow_bonus":"THREE_ENEMY_KILL","is_prod":false,"is_daily":false,"chose_seed":false,"campfire_upgraded":2,"win_rate":0,"timestamp":1566491424,"path_taken":["M","?","M","?","?","R","M","E","T","M","?","?","R","E","R","BOSS","M","?","$","?","?","R","M","R","T","?"],"build_version":"2019-07-17","purchased_purges":1,"victory":false,"max_hp_per_floor":[71,71,71,76,76,76,76,76,76,76,76,76,76,76,76,76,76,76,76,76,76,76,76,76,76,76,76],"card_choices":[{"not_picked":["Force Field","Coolheaded"],"picked":"Defragment","floor":1},{"not_picked":["Beam Cell","Storm"],"picked":"Recycle","floor":2},{"not_picked":["Redo","Hologram"],"picked":"Cold Snap","floor":3},{"not_picked":["Steam","Turbo"],"picked":"Go for the Eyes","floor":7},{"not_picked":["Melter","Ball Lightning"],"picked":"Biased Cognition","floor":8},{"not_picked":["Stack","Go for the Eyes"],"picked":"Consume","floor":10},{"not_picked":["Beam Cell","Consume"],"picked":"Undo","floor":14},{"not_picked":["Meteor Strike","Hyperbeam"],"picked":"Thunder Strike","floor":16},{"not_picked":["Redo","Darkness"],"picked":"Hologram","floor":18},{"not_picked":["Scrape","Chaos","Go for the Eyes"],"picked":"SKIP","floor":24}],"player_experience":554250,"relics_obtained":[{"floor":8,"key":"Pen Nib"},{"floor":9,"key":"Anchor"},{"floor":12,"key":"Blood Vial"},{"floor":14,"key":"MawBank"},{"floor":26,"key":"Bottled Lightning"}],"event_choices":[{"damage_healed":0,"gold_gain":0,"player_choice":"Donut","damage_taken":0,"max_hp_gain":5,"max_hp_loss":0,"event_name":"Big Fish","floor":4,"gold_loss":0},{"cards_removed":["Strike_B"],"damage_healed":0,"gold_gain":0,"player_choice":"Card Removal","damage_taken":7,"max_hp_gain":0,"max_hp_loss":0,"event_name":"Golden Wing","floor":5,"gold_loss":0},{"damage_healed":0,"gold_gain":0,"player_choice":"Ignored","damage_taken":0,"max_hp_gain":0,"max_hp_loss":0,"event_name":"Ghosts","floor":19,"gold_loss":0},{"damage_healed":0,"gold_gain":0,"player_choice":"Smashed Altar","damage_taken":0,"max_hp_gain":0,"max_hp_loss":0,"event_name":"Forgotten Altar","floor":21,"gold_loss":0,"cards_obtained":["Decay"]},{"damage_healed":0,"gold_gain":0,"player_choice":"Ignored","damage_taken":0,"max_hp_gain":0,"max_hp_loss":0,"event_name":"The Mausoleum","floor":22,"gold_loss":0}],"is_beta":false,"boss_relics":[{"not_picked":["Orrery","Ectoplasm"],"picked":"Velvet Choker"}],"items_purged_floors":[20],"is_endless":false,"potions_floor_spawned":[1,2,7,8],"killed_by":"Chosen and Byrds","ascension_level":20}