{"gold_per_floor":[111,111,122,122,23,23,50,50,50,50,70,70,70,81,81,155,155,142,103,103,5,5,5],"floor_reached":23,"playtime":971,"items_purged":["Strike_B"],"score":368,"play_id":"70b28303-3e6a-4f48-9481-230bf95fc851","local_time":"20190816161144","is_ascension_mode":true,"campfire_choices":[{"data":"Zap","floor":6,"key":"SMITH"},{"data":"Dualcast","floor":10,"key":"SMITH"},{"data":"Go for the Eyes","floor":12,"key":"SMITH"},{"data":"Redo","floor":15,"key":"SMITH"}],"neow_cost":"NONE","seed_source_timestamp":1300111740431663,"circlet_count":0,"master_deck":["AscendersBane","Strike_B","Defend_B","Defend_B","Defend_B","Defend_B","Zap+1","Dualcast+1","Redo+1","Gash","Go for the Eyes+1","Coolheaded","Cold Snap","Machine Learning","BootSequence","Loop","Barrage"],"relics":["Cracked Core","NeowsBlessing","Question Card","Dodecahedron","Inserter"],"potions_floor_usage":[16,23],"damage_taken":[{"damage":0,"enemies":"Jaw Worm","floor":1,"turns":1},{"damage":0,"enemies":"2 Louse","floor":3,"turns":1},{"damage":0,"enemies":"Gremlin Nob","floor":7,"turns":1},{"damage":0,"enemies":"Small Slimes","floor":11,"turns":3},{"damage":2,"enemies":"2 Fungi Beasts","floor":14,"turns":4},{"damage":46,"enemies":"Slime Boss","floor":16,"turns":16},{"damage":26,"enemies":"2 Thieves","floor":18,"turns":4},{"damage":16,"enemies":"3 Byrds","floor":23,"turns":2}],"seed_played":"-6449364013759081281","potions_obtained":[{"floor":1,"key":"GamblersBrew"},{"floor":3,"key":"SkillPotion"},{"floor":18,"key":"Poison Potion"}],"is_trial":false,"path_per_floor":["M","?","M","?","$","R","E","?","T","R","M","R","?","M","R","B",null,"M","$","?","$","?","M"],"character_chosen":"DEFECT","items_purchased":["Gash","Go for the Eyes","Loop","Barrage"],"campfire_rested":0,"item_purchase_floors":[5,5,19,21],"current_hp_per_floor":[64,69,69,62,62,62,62,62,62,62,62,62,62,60,60,14,61,35,35,35,35,13,0],"gold":5,"neow_bonus":"THREE_ENEMY_KILL","is_prod":false,"is_daily":false,"chose_seed":false,"campfire_upgraded":4,"win_rate":0,"timestamp":1565939504,"path_taken":["M","?","M","?","$","R","E","?","T","R","M","R","?","M","R","BOSS","M","?","?","$","?","M"],"build_version":"2019-07-17","purchased_purges":1,"victory":false,"max_hp_per_floor":[71,76,76,76,76,76,76,76,76,76,76,76,76,76,76,76,76,76,76,76,76,81,81],"card_choices":[{"not_picked":["White Noise","Recycle"],"picked":"Redo","floor":1},{"not_picked":["Skim","Ball Lightning","Leap"],"picked":"SKIP","floor":3},{"not_picked":["Steam","Rebound","Doom and Gloom"],"picked":"SKIP","floor":7},{"not_picked":["Cold Snap","Ball Lightning","Sweeping Beam"],"picked":"Coolheaded","floor":11},{"not_picked":["Double Energy","Steam","Scrape"],"picked":"Cold Snap","floor":14},{"not_picked":["Biased Cognition","Fission","Echo Form"],"picked":"Machine Learning","floor":16},{"not_picked":["Ball Lightning","Reprogram","Conserve Battery"],"picked":"BootSequence","floor":18}],"player_experience":493946,"relics_obtained":[{"floor":7,"key":"Question Card"},{"floor":9,"key":"Dodecahedron"}],"event_choices":[{"damage_healed":0,"gold_gain":0,"player_choice":"Donut","damage_taken":0,"max_hp_gain":5,"max_hp_loss":0,"event_name":"Big Fish","floor":2,"gold_loss":0},{"cards_removed":["Strike_B"],"damage_healed":0,"gold_gain":0,"player_choice":"Card Removal","damage_taken":7,"max_hp_gain":0,"max_hp_loss":0,"event_name":"Golden Wing","floor":4,"gold_loss":0},{"damage_healed":0,"gold_gain":0,"player_choice":"Ignored","damage_taken":0,"max_hp_gain":0,"max_hp_loss":0,"event_name":"Liars Game","floor":8,"gold_loss":0},{"cards_removed":["Strike_B"],"damage_healed":0,"gold_gain":0,"player_choice":"Purged","damage_taken":0,"max_hp_gain":0,"max_hp_loss":0,"event_name":"Purifier","floor":13,"gold_loss":0},{"damage_healed":0,"gold_gain":0,"player_choice":"Ignored","damage_taken":0,"max_hp_gain":0,"max_hp_loss":0,"event_name":"Beggar","floor":20,"gold_loss":0},{"damage_healed":0,"gold_gain":0,"player_choice":"Shed Blood","damage_taken":27,"max_hp_gain":5,"max_hp_loss":0,"event_name":"Forgotten Altar","floor":22,"gold_loss":0}],"is_beta":false,"boss_relics":[{"not_picked":["Runic Dome","Astrolabe"],"picked":"Inserter"}],"items_purged_floors":[21],"is_endless":false,"potions_floor_spawned":[1,3,18],"killed_by":"3 Byrds","ascension_level":15}