{"gold_per_floor":[115,134,19,19,19,19,19,19,19,45,65,82,95,113,113,191,191,162,176,101,16,29,29],"floor_reached":23,"playtime":2336,"items_purged":["Strike_B"],"score":386,"play_id":"ffd5b2c1-3e29-4211-975c-9d2170889419","local_time":"20190822211057","is_ascension_mode":true,"campfire_choices":[{"data":"Zap","floor":6.0,"key":"SMITH"},{"data":"Defragment","floor":8.0,"key":"SMITH"},{"floor":15.0,"key":"REST"}],"neow_cost":"NONE","seed_source_timestamp":0,"circlet_count":0,"master_deck":["AscendersBane","Strike_B","Strike_B","Defend_B","Defend_B","Defend_B","Defend_B","Zap+1","Dualcast","Hologram","Barrage","Defragment+1","Auto Shields","Undo","Defragment","BootSequence","FTL","Seek","Gash"],"special_seed":0,"relics":["Cracked Core","Potion Belt","Bottled Tornado","Anchor","Eternal Feather","Regal Pillow"],"potions_floor_usage":[16,16,23],"damage_taken":[{"damage":2.0,"enemies":"Jaw Worm","floor":1.0,"turns":3.0},{"damage":2.0,"enemies":"2 Louse","floor":2.0,"turns":2.0},{"damage":16.0,"enemies":"Lagavulin","floor":10.0,"turns":5.0},{"damage":0.0,"enemies":"Cultist","floor":11.0,"turns":3.0},{"damage":12.0,"enemies":"Lots of Slimes","floor":12.0,"turns":4.0},{"damage":3.0,"enemies":"Large Slime","floor":13.0,"turns":4.0},{"damage":20.0,"enemies":"Exordium Thugs","floor":14.0,"turns":6.0},{"damage":30,"enemies":"The Guardian","floor":16,"turns":18},{"damage":20,"enemies":"2 Thieves","floor":18,"turns":4},{"damage":15,"enemies":"Shell Parasite","floor":19,"turns":8},{"damage":8,"enemies":"Centurion and Healer","floor":22,"turns":9},{"damage":25,"enemies":"Slavers","floor":23,"turns":4}],"seed_played":"-1139208461451123872","potions_obtained":[{"floor":2.0,"key":"Dexterity Potion"},{"floor":10.0,"key":"Regen Potion"},{"floor":12.0,"key":"GamblersBrew"}],"is_trial":false,"path_per_floor":["M","M","$","?","?","R","$","R","T","E","M","M","M","M","R","B",null,"M","M","$","?","M","E"],"character_chosen":"DEFECT","items_purchased":["Defragment","Auto Shields"],"campfire_rested":1,"item_purchase_floors":[3,3],"current_hp_per_floor":[62,60,60,65,58,58,58,58,58,42,42,30,27,7,29,14,61,41,26,26,26,18,0],"gold":29,"neow_bonus":"RANDOM_COMMON_RELIC","is_prod":false,"is_daily":false,"chose_seed":false,"campfire_upgraded":2,"win_rate":0,"timestamp":1566475857,"path_taken":["M","M","$","?","?","R","?","R","T","E","?","M","?","M","R","BOSS","M","M","$","?","M","E"],"build_version":"2019-07-17","purchased_purges":1,"victory":false,"max_hp_per_floor":[71,71,71,76,76,76,76,76,76,76,76,76,76,76,76,76,76,76,76,76,76,76,76],"card_choices":[{"not_picked":["Streamline","Darkness"],"picked":"Hologram","floor":1.0},{"not_picked":["Rebound","Sweeping Beam"],"picked":"Barrage","floor":2.0},{"not_picked":["Conserve Battery","Stack"],"picked":"Undo","floor":10.0},{"not_picked":["Stack","Compile Driver","Barrage"],"picked":"SKIP","floor":11.0},{"not_picked":["Redo","Biased Cognition"],"picked":"Defragment","floor":12.0},{"not_picked":["Ball Lightning","Melter"],"picked":"BootSequence","floor":13.0},{"not_picked":["Consume","Stack"],"picked":"FTL","floor":14.0},{"not_picked":["Fission","Thunder Strike"],"picked":"Seek","floor":16},{"not_picked":["BootSequence","Reprogram","Hello World"],"picked":"SKIP","floor":18},{"not_picked":["BootSequence","Storm","Compile Driver"],"picked":"SKIP","floor":19},{"not_picked":["Barrage","Stack"],"picked":"Gash","floor":22}],"player_experience":547687,"relics_obtained":[{"floor":9.0,"key":"Bottled Tornado"},{"floor":10.0,"key":"Anchor"}],"event_choices":[{"damage_healed":0.0,"max_hp_gain":5.0,"max_hp_loss":0.0,"gold_gain":0.0,"event_name":"Big Fish","player_choice":"Donut","floor":4.0,"gold_loss":0.0,"damage_taken":0.0},{"cards_removed":["Strike_B"],"damage_healed":0.0,"max_hp_gain":0.0,"max_hp_loss":0.0,"gold_gain":0.0,"event_name":"Golden Wing","player_choice":"Card Removal","floor":5.0,"gold_loss":0.0,"damage_taken":7.0},{"damage_healed":0,"gold_gain":0,"player_choice":"Obtained Relic","damage_taken":0,"relics_obtained":["Regal Pillow"],"max_hp_gain":0,"max_hp_loss":0,"event_name":"Addict","floor":21,"gold_loss":85}],"is_beta":false,"boss_relics":[{"not_picked":["Snecko Eye","Pandora\u0027s Box"],"picked":"Eternal Feather"}],"items_purged_floors":[20],"is_endless":false,"potions_floor_spawned":[2,10,12],"killed_by":"Slavers","ascension_level":20}