{"gold_per_floor":[116,291,193,206,206,206,216,216,216,249,264,278,278,103,103,208,208,219,14,13,28,45,45,65,164,243,243,243,253,103,134,134,229,229,239,239,255,265,278,278,305,43,43,43,59,59,59,77,77,77],"floor_reached":51,"playtime":4660,"items_purged":["Doubt","Defend_B","Strike_B","Defend_B"],"score":674,"play_id":"75ffc785-e6d3-4f88-9be5-5a18d12a20bf","local_time":"20190724082950","is_ascension_mode":false,"campfire_choices":[{"data":"Dualcast","floor":6,"key":"SMITH"},{"data":"Blizzard","floor":8,"key":"SMITH"},{"data":"Fusion","floor":13,"key":"SMITH"},{"data":"Hologram","floor":15,"key":"SMITH"},{"data":"Defragment","floor":23,"key":"SMITH"},{"data":"Buffer","floor":28,"key":"SMITH"},{"floor":32,"key":"REST"},{"data":"Hologram","floor":40,"key":"SMITH"},{"data":"Coolheaded","floor":44,"key":"SMITH"},{"data":"Glacier","floor":46,"key":"SMITH"},{"floor":49,"key":"REST"}],"neow_cost":"NONE","seed_source_timestamp":1494362076753116,"circlet_count":0,"master_deck":["Strike_B","Strike_B","Defend_B","Defend_B","Zap+1","Dualcast+1","Coolheaded+1","Coolheaded","Blizzard+1","Fusion+1","Hologram+1","Defragment+1","Buffer+1","Glacier+1","Hologram+1","Capacitor","Glacier+1","Core Surge","Self Repair+1","Gash","Madness","Madness"],"relics":["Cracked Core","Ornamental Fan","Sozu","Letter Opener","Nloth\u0027s Gift","Pantograph","Runic Dome","DataDisk","Cables","Shuriken"],"potions_floor_usage":[10,31,50],"damage_taken":[{"damage":1,"enemies":"2 Louse","floor":1,"turns":2},{"damage":0,"enemies":"Cultist","floor":4,"turns":3},{"damage":0,"enemies":"Jaw Worm","floor":7,"turns":3},{"damage":13,"enemies":"Lagavulin","floor":10,"turns":7},{"damage":3,"enemies":"Red Slaver","floor":11,"turns":3},{"damage":6,"enemies":"2 Fungi Beasts","floor":12,"turns":3},{"damage":27,"enemies":"Slime Boss","floor":16,"turns":11},{"damage":0,"enemies":"Spheric Guardian","floor":18,"turns":4},{"damage":13,"enemies":"2 Thieves","floor":20,"turns":4},{"damage":12,"enemies":"Centurion and Healer","floor":21,"turns":6},{"damage":26,"enemies":"Cultist and Chosen","floor":22,"turns":7},{"damage":0,"enemies":"Snecko","floor":24,"turns":6},{"damage":10,"enemies":"Snake Plant","floor":29,"turns":5},{"damage":0,"enemies":"Book of Stabbing","floor":31,"turns":6},{"damage":23,"enemies":"Collector","floor":33,"turns":12},{"damage":0,"enemies":"3 Shapes","floor":35,"turns":3},{"damage":0,"enemies":"3 Darklings","floor":37,"turns":5},{"damage":12,"enemies":"Maw","floor":38,"turns":9},{"damage":0,"enemies":"Spire Growth","floor":39,"turns":6},{"damage":46,"enemies":"Reptomancer","floor":41,"turns":8},{"damage":0,"enemies":"Writhing Mass","floor":45,"turns":6},{"damage":0,"enemies":"Sphere and 2 Shapes","floor":48,"turns":5},{"damage":49,"enemies":"Donu and Deca","floor":50,"turns":14}],"seed_played":"2679528435447349617","potions_obtained":[{"floor":5,"key":"FairyPotion"},{"floor":5,"key":"Weak Potion"},{"floor":5,"key":"Fire Potion"},{"floor":7,"key":"Ancient Potion"},{"floor":10,"key":"Poison Potion"}],"is_trial":false,"path_per_floor":["M","?","$","M","?","R","M","R","T","E","M","M","R","$","R","B",null,"M","$","M","M","M","R","M","?","T","?","R","M","$","E","R","B",null,"M","?","M","M","M","R","E","$","T","R","M","R","?","M","R","B",null],"character_chosen":"DEFECT","items_purchased":["Coolheaded","Defragment","Glacier","Cables"],"campfire_rested":2,"item_purchase_floors":[3,14,19,42],"current_hp_per_floor":[74,74,74,74,74,74,74,74,74,61,58,52,52,52,52,25,75,75,75,62,50,24,24,24,24,24,24,24,14,14,14,36,38,75,75,75,75,73,75,75,39,39,39,39,49,49,40,50,72,36],"gold":77,"neow_bonus":"UPGRADE_CARD","is_prod":false,"is_daily":false,"chose_seed":false,"campfire_upgraded":9,"win_rate":0,"timestamp":1563924590,"path_taken":["M","?","$","M","?","R","M","R","T","E","M","M","R","$","R","BOSS","M","$","M","M","M","R","M","?","T","?","R","?","$","E","R","BOSS","M","?","?","M","M","R","E","$","T","R","M","R","?","M","R","BOSS"],"build_version":"2019-07-17","purchased_purges":4,"victory":true,"max_hp_per_floor":[75,75,75,75,75,75,75,75,75,75,75,75,75,75,75,75,75,75,75,75,75,75,75,75,75,75,75,75,75,75,75,75,75,75,75,75,75,75,75,75,75,75,75,75,75,75,75,75,75,75],"card_choices":[{"not_picked":["Sweeping Beam","Leap"],"picked":"Coolheaded","floor":1},{"not_picked":["Steam","Leap"],"picked":"Blizzard","floor":4},{"not_picked":["Gash","Cold Snap"],"picked":"Fusion","floor":7},{"not_picked":["Steam","Scrape","Blizzard"],"picked":"SKIP","floor":10},{"not_picked":["Rebound","Go for the Eyes","Darkness"],"picked":"SKIP","floor":11},{"not_picked":["Leap","Buffer"],"picked":"Hologram","floor":12},{"not_picked":["Thunder Strike","Hyperbeam"],"picked":"Buffer","floor":16},{"not_picked":["Steam Power","Reprogram+1","Redo"],"picked":"SKIP","floor":18},{"not_picked":["Aggregate+1","Fusion","Stack"],"picked":"SKIP","floor":20},{"not_picked":["Turbo","Steam"],"picked":"Hologram","floor":21},{"not_picked":["Sweeping Beam+1","Genetic Algorithm"],"picked":"Capacitor","floor":22},{"not_picked":["Static Discharge","Sunder"],"picked":"Glacier+1","floor":24},{"not_picked":["Thunder Strike","Chaos","Turbo"],"picked":"SKIP","floor":29},{"not_picked":["Biased Cognition","Stack","Seek"],"picked":"SKIP","floor":31},{"not_picked":["Multi-Cast","Biased Cognition"],"picked":"Core Surge","floor":33},{"not_picked":["Genetic Algorithm","Leap+1"],"picked":"Self Repair+1","floor":35},{"not_picked":["Self Repair","Ball Lightning+1","Genetic Algorithm+1"],"picked":"SKIP","floor":37},{"not_picked":["Chaos+1","Streamline","Coolheaded+1"],"picked":"SKIP","floor":38},{"not_picked":["Genetic Algorithm+1","Darkness","Ball Lightning"],"picked":"SKIP","floor":39},{"not_picked":["Scrape+1","Seek","Rebound+1"],"picked":"SKIP","floor":41},{"not_picked":["Ball Lightning+1","Turbo"],"picked":"Gash","floor":45},{"not_picked":["Compile Driver","Steam","Buffer"],"picked":"SKIP","floor":48}],"player_experience":374999,"relics_obtained":[{"floor":9,"key":"Ornamental Fan"},{"floor":10,"key":"Symbiotic Virus"},{"floor":26,"key":"Letter Opener"},{"floor":31,"key":"Pantograph"},{"floor":41,"key":"DataDisk"},{"floor":43,"key":"Shuriken"}],"event_choices":[{"damage_healed":0,"gold_gain":175,"player_choice":"AGREE","damage_taken":0,"max_hp_gain":0,"max_hp_loss":0,"event_name":"Liars Game","floor":2,"gold_loss":0,"cards_obtained":["Doubt"]},{"damage_healed":0,"gold_gain":0,"player_choice":"Got Potions","damage_taken":0,"max_hp_gain":0,"max_hp_loss":0,"event_name":"Lab","floor":5,"gold_loss":0},{"damage_healed":0,"gold_gain":99,"player_choice":"Stole From Cult","damage_taken":0,"max_hp_gain":0,"max_hp_loss":0,"event_name":"Nest","floor":25,"gold_loss":0},{"damage_healed":0,"gold_gain":0,"player_choice":"Traded Relic","damage_taken":0,"relics_obtained":["Nloth\u0027s Gift"],"max_hp_gain":0,"max_hp_loss":0,"event_name":"N\u0027loth","floor":27,"relics_lost":["Symbiotic Virus"],"gold_loss":0},{"cards_removed":["Strike_B"],"damage_healed":0,"gold_gain":0,"player_choice":"Offered Basic","damage_taken":0,"max_hp_gain":0,"max_hp_loss":0,"event_name":"Bonfire Elementals","floor":36,"gold_loss":0},{"damage_healed":0,"gold_gain":0,"player_choice":"Embrace Madness","damage_taken":9,"max_hp_gain":0,"max_hp_loss":0,"event_name":"Winding Halls","floor":47,"gold_loss":0,"cards_obtained":["Madness","Madness"]}],"is_beta":false,"boss_relics":[{"not_picked":["Philosopher\u0027s Stone","Snecko Eye"],"picked":"Sozu"},{"not_picked":["Inserter","Tiny House"],"picked":"Runic Dome"}],"items_purged_floors":[3,14,19,30],"is_endless":false,"potions_floor_spawned":[7,10,12,20,22,24,37,41,45],"ascension_level":0}