{"gold_per_floor":[114,129,144,144,144,144,61,61,136,136,161,176,191,206,206,306,306,321,336,336,336,351,381,381,81,81,36,51,101,151,166,166,166],"floor_reached":33,"playtime":1826,"items_purged":[],"score":355,"play_id":"65c47583-6fc3-41e1-994a-a9dad9940a8f","local_time":"20180914134659","daily_mods":["Heirloom","Cursed Run","Lethality"],"is_ascension_mode":false,"campfire_choices":[{"data":"Neutralize","floor":6,"key":"SMITH"},{"data":"Sucker Punch","floor":8,"key":"SMITH"},{"data":"Cloak And Dagger","floor":15,"key":"SMITH"},{"data":"Well Laid Plans","floor":32,"key":"SMITH"}],"neow_cost":"","seed_source_timestamp":138665280343510,"circlet_count":0,"master_deck":["Defend_G+1","Defend_G","Defend_G","Defend_G","Defend_G","Survivor+1","Neutralize+1","Sucker Punch+1","Quick Slash","Unload","Accuracy","Slice","Doubt","Parasite","Cloak And Dagger+1","Blade Dance+1","Poisoned Stab+1","Clumsy","Corpse Explosion","Acrobatics","Accuracy","RitualDagger+1","Poisoned Stab+1","Quick Slash+1","Shame","Quick Slash+1","Endless Agony+1","Bite+1","Bite+1","Bite+1","Bite+1","Bite+1","Well Laid Plans+1"],"special_seed":17788,"relics":["Cursed Key","Darkstone Periapt","Du-Vu Doll","Peace Pipe","Molten Egg 2","Gambling Chip","Bag of Marbles","Black Star","Red Mask","Bronze Scales","Ancient Tea Set","SsserpentHead","Lantern","War Paint","Ninja Scroll"],"potions_floor_usage":[33,33],"damage_taken":[{"damage":0,"enemies":"Jaw Worm","floor":1,"turns":2},{"damage":3,"enemies":"Small Slimes","floor":2,"turns":3},{"damage":0,"enemies":"Cultist","floor":3,"turns":2},{"damage":0,"enemies":"Looter","floor":12,"turns":1},{"damage":0,"enemies":"3 Louse","floor":13,"turns":1},{"damage":0,"enemies":"Gremlin Gang","floor":14,"turns":1},{"damage":0,"enemies":"Slime Boss","floor":16,"turns":5},{"damage":7,"enemies":"Chosen","floor":18,"turns":2},{"damage":0,"enemies":"Masked Bandits","floor":19,"turns":2},{"damage":0,"enemies":"Shell Parasite","floor":22,"turns":1},{"damage":26,"enemies":"Book of Stabbing","floor":23,"turns":4},{"damage":0,"enemies":"Chosen and Byrds","floor":28,"turns":1},{"damage":0,"enemies":"Cultist and Chosen","floor":31,"turns":1},{"damage":87,"enemies":"Automaton","floor":33,"turns":6}],"seed_played":"-5206532275745488686","potions_obtained":[{"floor":2,"key":"SteroidPotion"},{"floor":3,"key":"Ancient Potion"},{"floor":14,"key":"Fire Potion"},{"floor":18,"key":"Regen Potion"},{"floor":23,"key":"Swift Potion"}],"is_trial":false,"path_per_floor":["M","M","M","?","?","R","$","R","T","?","T","M","M","M","R","B",null,"M","?","?","$","M","E","?","$","T","$","M","?","?","M","R"],"character_chosen":"THE_SILENT","items_purchased":["Accuracy","Slice","Lantern","War Paint","Quick Slash+1"],"campfire_rested":0,"item_purchase_floors":[7,7,25,25,27],"current_hp_per_floor":[70,67,67,53,53,53,53,53,59,52,58,58,58,58,58,64,88,81,81,75,75,75,49,49,49,55,55,55,46,46,49,49,0],"gold":166,"neow_bonus":"","is_prod":false,"is_daily":true,"chose_seed":false,"campfire_upgraded":4,"win_rate":0,"timestamp":1536950819,"path_taken":["M","M","M","?","?","R","$","R","T","?","?","?","M","M","R","BOSS","M","?","?","$","?","E","?","$","T","$","M","?","?","M","R","BOSS"],"build_version":"2018-09-06","purchased_purges":0,"victory":false,"max_hp_per_floor":[70,70,70,70,70,70,70,70,76,76,82,82,82,82,82,88,88,88,88,88,88,88,88,88,88,94,94,94,94,65,65,65,65],"card_choices":[{"not_picked":["PiercingWail","Flechettes"],"picked":"Choke","floor":1},{"not_picked":["Acrobatics","Choke"],"picked":"Sucker Punch","floor":2},{"not_picked":["Dash","Concentrate"],"picked":"Quick Slash","floor":3},{"not_picked":["Leg Sweep","PiercingWail"],"picked":"Cloak And Dagger","floor":12},{"not_picked":["Reflex","PiercingWail"],"picked":"Blade Dance","floor":13},{"not_picked":["Bane+1","Deflect"],"picked":"Poisoned Stab+1","floor":14},{"not_picked":["Doppelganger","Envenom"],"picked":"Corpse Explosion","floor":16},{"not_picked":["Bane+1","PiercingWail"],"picked":"Acrobatics","floor":18},{"not_picked":["Dash+1","Dodge and Roll+1"],"picked":"Accuracy","floor":19},{"not_picked":["PiercingWail","Deadly Poison+1"],"picked":"Poisoned Stab+1","floor":22},{"not_picked":["Dodge and Roll","Underhanded Strike+1"],"picked":"Quick Slash+1","floor":23},{"not_picked":["Predator+1","Acrobatics"],"picked":"Endless Agony+1","floor":28},{"not_picked":["Dodge and Roll","Outmaneuver"],"picked":"Well Laid Plans","floor":31}],"player_experience":109114,"relics_obtained":[{"floor":9,"key":"Molten Egg 2"},{"floor":11,"key":"Bag of Marbles"},{"floor":19,"key":"Red Mask"},{"floor":23,"key":"Bronze Scales"},{"floor":23,"key":"Ancient Tea Set"},{"floor":26,"key":"Ninja Scroll"}],"event_choices":[{"event_name":"Shining Light","player_choice":"Entered Light","floor":4,"damage_taken":0},{"event_name":"Transmorgrifier","player_choice":"Transform","floor":5,"damage_taken":0},{"event_name":"Scrap Ooze","player_choice":"success","floor":10,"damage_taken":7},{"event_name":"Masked Bandits","player_choice":"Fought Bandits","floor":19,"damage_taken":0},{"event_name":"Nest","player_choice":"Joined the Cult","floor":20,"damage_taken":0},{"event_name":"FaceTrader","player_choice":"Trade","floor":24,"damage_taken":0},{"event_name":"Wheel of Change","player_choice":"Damage","floor":29,"damage_taken":0},{"event_name":"Vampires","player_choice":"Became a vampire","floor":30,"damage_taken":0}],"is_beta":false,"boss_relics":[{"not_picked":["Runic Dome","Tiny House"],"picked":"Black Star"}],"items_purged_floors":[],"is_endless":false,"potions_floor_spawned":[2,3,14,18,23,28],"killed_by":"Automaton","ascension_level":0}