{"gold_per_floor":[112,112,6,25,52,83,83,95,95,125,145,3,19,32,32,106,106,92,107,107,107],"floor_reached":21,"playtime":1282,"items_purged":["Strike_B"],"score":334,"play_id":"12158a97-6548-4bad-9a36-97996e3eefbb","local_time":"20190816005158","is_ascension_mode":true,"campfire_choices":[{"data":"Zap","floor":7,"key":"SMITH"},{"data":"Dualcast","floor":15,"key":"SMITH"}],"neow_cost":"NONE","seed_source_timestamp":1244621710669689,"circlet_count":0,"master_deck":["AscendersBane","Strike_B","Strike_B","Defend_B+1","Defend_B","Defend_B","Defend_B+1","Zap+1","Dualcast+1","Defragment","Conserve Battery","Streamline","All For One","Chill","Defragment","Gash","Defragment","Beam Cell","FTL","Machine Learning","Steam","Hologram"],"relics":["Cracked Core","Strawberry","War Paint","Meat on the Bone","Mummified Hand","Anchor","Philosopher\u0027s Stone","MutagenicStrength"],"potions_floor_usage":[10,16,21,21],"damage_taken":[{"damage":3,"enemies":"Small Slimes","floor":1,"turns":4},{"damage":7,"enemies":"Jaw Worm","floor":4,"turns":4},{"damage":15,"enemies":"Lagavulin","floor":6,"turns":7},{"damage":0,"enemies":"Cultist","floor":8,"turns":3},{"damage":30,"enemies":"Gremlin Nob","floor":10,"turns":4},{"damage":11,"enemies":"Looter","floor":11,"turns":3},{"damage":2,"enemies":"2 Fungi Beasts","floor":13,"turns":4},{"damage":0,"enemies":"Blue Slaver","floor":14,"turns":3},{"damage":24,"enemies":"Slime Boss","floor":16,"turns":9},{"damage":24,"enemies":"2 Thieves","floor":18,"turns":4},{"damage":4,"enemies":"Shell Parasite","floor":19,"turns":5},{"damage":50,"enemies":"Masked Bandits","floor":21,"turns":3}],"seed_played":"3043050804964543782","potions_obtained":[{"floor":4,"key":"Regen Potion"},{"floor":13,"key":"SteroidPotion"},{"floor":16,"key":"Poison Potion"},{"floor":18,"key":"FocusPotion"}],"is_trial":false,"path_per_floor":["M","?","$","M","T","E","R","M","T","E","M","$","M","M","R","B",null,"M","M","?","?"],"character_chosen":"DEFECT","items_purchased":["Defragment","Conserve Battery","Defragment"],"campfire_rested":0,"item_purchase_floors":[3,3,12],"current_hp_per_floor":[68,61,61,54,54,39,39,51,51,42,43,43,41,41,41,29,66,42,50,50,0],"gold":107,"neow_bonus":"RANDOM_COMMON_RELIC","is_prod":false,"is_daily":false,"chose_seed":false,"campfire_upgraded":2,"win_rate":0,"timestamp":1565884318,"path_taken":["M","?","$","M","?","E","R","M","T","E","M","$","M","M","R","BOSS","M","M","?","?"],"build_version":"2019-07-17","purchased_purges":1,"victory":false,"max_hp_per_floor":[78,78,78,78,78,78,78,78,78,78,78,78,78,78,78,78,78,78,78,78,78],"card_choices":[{"not_picked":["Beam Cell","Steam Power","Stack"],"picked":"SKIP","floor":1},{"not_picked":["White Noise","Turbo"],"picked":"Streamline","floor":4},{"not_picked":["Blizzard","Genetic Algorithm"],"picked":"All For One","floor":6},{"not_picked":["Turbo","Ball Lightning"],"picked":"Chill","floor":8},{"not_picked":["Rebound","Conserve Battery"],"picked":"Defragment","floor":10},{"not_picked":["Consume","Rebound"],"picked":"Gash","floor":11},{"not_picked":["Turbo","Recycle"],"picked":"Beam Cell","floor":13},{"not_picked":["Amplify","Rip and Tear"],"picked":"FTL","floor":14},{"not_picked":["Thunder Strike","Biased Cognition"],"picked":"Machine Learning","floor":16},{"not_picked":["Leap","Fusion"],"picked":"Steam","floor":18},{"not_picked":["Chaos+1","Rebound"],"picked":"Hologram","floor":19}],"player_experience":488560,"relics_obtained":[{"floor":5,"key":"War Paint"},{"floor":6,"key":"Meat on the Bone"},{"floor":9,"key":"Mummified Hand"},{"floor":10,"key":"Anchor"}],"event_choices":[{"cards_removed":["Strike_B"],"damage_healed":0,"gold_gain":0,"player_choice":"Card Removal","damage_taken":7,"max_hp_gain":0,"max_hp_loss":0,"event_name":"Golden Wing","floor":2,"gold_loss":0},{"damage_healed":0,"gold_gain":0,"player_choice":"Inject Mutagens","damage_taken":0,"relics_obtained":["MutagenicStrength"],"max_hp_gain":0,"max_hp_loss":0,"event_name":"Drug Dealer","floor":20,"gold_loss":0},{"damage_healed":0,"gold_gain":0,"player_choice":"Fought Bandits","damage_taken":0,"max_hp_gain":0,"max_hp_loss":0,"event_name":"Masked Bandits","floor":21,"gold_loss":0}],"is_beta":false,"boss_relics":[{"not_picked":["Tiny House","Orrery"],"picked":"Philosopher\u0027s Stone"}],"items_purged_floors":[12],"is_endless":false,"potions_floor_spawned":[4,13,16,18],"killed_by":"Masked Bandits","ascension_level":15}