{"gold_per_floor":[118,118,118,133,146,177,188,188,188,188,203,203,8,8,8,106,106,125,125,140,38,58,58,58,58,104,104,104,104,116,116,116,214,214,226,226,23,123,123,123,139,154,154,154,179,179,226,246,246,246],"floor_reached":51,"playtime":3676,"items_purged":["Regret"],"score":746,"play_id":"f0abf8ac-12b1-4b53-9ba9-edb7665051e5","local_time":"20190816103300","is_ascension_mode":false,"campfire_choices":[{"floor":8,"key":"REST"},{"floor":12,"key":"REST"},{"floor":15,"key":"REST"},{"floor":23,"key":"REST"},{"floor":27,"key":"REST"},{"floor":29,"key":"REST"},{"floor":32,"key":"REST"},{"data":"Defend_B","floor":40,"key":"PURGE"},{"data":"Defend_B+1","floor":49,"key":"PURGE"}],"neow_cost":"TEN_PERCENT_HP_LOSS","seed_source_timestamp":3274353002785,"circlet_count":0,"master_deck":["Zap","Dualcast","Sunder","Electrodynamics","Reinforced Body","Reinforced Body","Electrodynamics","Conserve Battery","Defragment","Lockon","Buffer","Heatsinks","Jack Of All Trades","Dramatic Entrance","Dramatic Entrance","Dark Shackles","PanicButton","Steam","Hologram","Ball Lightning+1","Ghostly","Ghostly","Ghostly","Ghostly","Ghostly","Necronomicurse","Turbo","Bite","Bite","Bite","Bite","Creative AI","Streamline+1","Leap","Sunder","Loop","Steam","Stack+1","Melter","BootSequence+1","Capacitor+1","Madness","Madness","Go for the Eyes+1","Stack+1"],"relics":["Cracked Core","Torii","Shuriken","Ice Cream","Mango","Juzu Bracelet","Orichalcum","Fusion Hammer","Necronomicon","Ancient Tea Set","Boot","Runic Pyramid","Peace Pipe","Dream Catcher","FaceOfCleric","Meat on the Bone","FossilizedHelix"],"potions_floor_usage":[22,33,45,50,50],"damage_taken":[{"damage":0,"enemies":"2 Louse","floor":1,"turns":4},{"damage":7,"enemies":"Small Slimes","floor":4,"turns":2},{"damage":0,"enemies":"Cultist","floor":5,"turns":2},{"damage":42,"enemies":"Gremlin Nob","floor":6,"turns":5},{"damage":0,"enemies":"Looter","floor":7,"turns":3},{"damage":1,"enemies":"Exordium Thugs","floor":11,"turns":4},{"damage":20,"enemies":"The Guardian","floor":16,"turns":11},{"damage":12,"enemies":"Spheric Guardian","floor":18,"turns":4},{"damage":6,"enemies":"Shell Parasite","floor":20,"turns":3},{"damage":14,"enemies":"Snake Plant","floor":22,"turns":5},{"damage":0,"enemies":"Snecko","floor":30,"turns":4},{"damage":13,"enemies":"Collector","floor":33,"turns":8},{"damage":11,"enemies":"3 Shapes","floor":35,"turns":4},{"damage":0,"enemies":"Mind Bloom Boss Battle","floor":38,"turns":5},{"damage":0,"enemies":"Orb Walker","floor":41,"turns":2},{"damage":8,"enemies":"4 Shapes","floor":42,"turns":6},{"damage":0,"enemies":"Reptomancer","floor":45,"turns":7},{"damage":1,"enemies":"2 Orb Walkers","floor":47,"turns":5},{"damage":0,"enemies":"Maw","floor":48,"turns":8},{"damage":38,"enemies":"Awakened One","floor":50,"turns":15}],"seed_played":"6163226644154978397","potions_obtained":[{"floor":6,"key":"Explosive Potion"},{"floor":7,"key":"GamblersBrew"},{"floor":18,"key":"Dexterity Potion"},{"floor":38,"key":"AttackPotion"},{"floor":47,"key":"Dexterity Potion"}],"is_trial":false,"path_per_floor":["M","?","?","M","M","E","M","R","T","?","M","R","$","?","R","B",null,"M","?","M","$","M","R","?","?","T","R","T","R","M","?","R","B",null,"M","?","$","?","?","R","M","M","T","?","E","?","?","M","R","B",null],"character_chosen":"DEFECT","items_purchased":["Juzu Bracelet","Lockon","Hologram","Sunder","Loop","Steam"],"campfire_rested":7,"item_purchase_floors":[13,13,21,37,37,37],"current_hp_per_floor":[68,68,54,47,47,5,5,25,25,39,38,62,62,62,82,62,82,70,22,16,16,2,26,26,10,10,22,22,34,34,28,28,27,28,23,23,23,23,23,23,23,19,19,19,26,22,26,31,31,16],"gold":246,"neow_bonus":"ONE_RARE_RELIC","is_prod":false,"is_daily":false,"chose_seed":false,"campfire_upgraded":0,"win_rate":0,"timestamp":1565965980,"path_taken":["M","?","?","M","M","E","M","R","T","?","M","R","$","?","R","BOSS","M","?","M","$","M","R","?","?","T","R","?","R","M","?","R","BOSS","M","?","$","?","?","R","M","M","T","?","E","?","?","M","R","BOSS"],"build_version":"2019-07-17","purchased_purges":1,"victory":true,"max_hp_per_floor":[68,68,68,68,68,68,68,68,68,82,82,82,82,82,82,82,82,82,82,82,82,82,82,41,41,41,41,41,41,41,28,28,28,28,28,28,28,28,28,28,28,28,28,28,29,29,30,31,31,32],"card_choices":[{"not_picked":["Conserve Battery","Rebound"],"picked":"Sunder","floor":1},{"not_picked":["Hologram","Double Energy"],"picked":"Reinforced Body","floor":4},{"not_picked":["Glacier","Beam Cell"],"picked":"Reinforced Body","floor":5},{"not_picked":["Ball Lightning","Beam Cell"],"picked":"Electrodynamics","floor":6},{"not_picked":["Gash","Compile Driver"],"picked":"Conserve Battery","floor":7},{"not_picked":["Go for the Eyes","Cold Snap"],"picked":"Defragment","floor":11},{"not_picked":["Meteor Strike","Hyperbeam"],"picked":"Buffer","floor":16},{"not_picked":["Beam Cell","Conserve Battery"],"picked":"Heatsinks","floor":18},{"not_picked":["Conserve Battery","Sweeping Beam"],"picked":"Steam","floor":20},{"not_picked":["Doom and Gloom","Barrage+1"],"picked":"Ball Lightning+1","floor":22},{"not_picked":["Reboot","Hello World"],"picked":"Turbo","floor":30},{"not_picked":["Reboot","Electrodynamics"],"picked":"Creative AI","floor":33},{"not_picked":["Darkness+1","Go for the Eyes"],"picked":"Streamline+1","floor":35},{"not_picked":["Beam Cell+1","Reprogram+1"],"picked":"Stack+1","floor":38},{"not_picked":["Force Field","Sweeping Beam+1"],"picked":"Melter","floor":41},{"not_picked":["Coolheaded","Cold Snap"],"picked":"BootSequence+1","floor":42},{"not_picked":["Buffer","Scrape+1"],"picked":"Capacitor+1","floor":45},{"not_picked":["Compile Driver","Recycle+1"],"picked":"Go for the Eyes+1","floor":47},{"not_picked":["Ball Lightning","Leap+1"],"picked":"Stack+1","floor":48}],"player_experience":56266,"relics_obtained":[{"floor":6,"key":"Shuriken"},{"floor":9,"key":"Ice Cream"},{"floor":10,"key":"Mango"},{"floor":25,"key":"Necronomicon"},{"floor":26,"key":"Ancient Tea Set"},{"floor":28,"key":"Boot"},{"floor":38,"key":"Peace Pipe"},{"floor":43,"key":"Dream Catcher"},{"floor":45,"key":"Meat on the Bone"},{"floor":47,"key":"FossilizedHelix"}],"event_choices":[{"damage_healed":0,"gold_gain":0,"cards_transformed":["Defend_B"],"player_choice":"Change","damage_taken":0,"max_hp_gain":0,"max_hp_loss":0,"event_name":"Living Wall","floor":2,"gold_loss":0,"cards_obtained":["Electrodynamics"]},{"damage_healed":0,"gold_gain":0,"player_choice":"Entered Light","damage_taken":14,"max_hp_gain":0,"max_hp_loss":0,"event_name":"Shining Light","floor":3,"gold_loss":0,"cards_upgraded":["Defend_B","Strike_B"]},{"damage_healed":0,"gold_gain":0,"player_choice":"Relic","damage_taken":0,"max_hp_gain":0,"max_hp_loss":0,"event_name":"Wheel of Change","floor":10,"gold_loss":0},{"damage_healed":0,"gold_gain":0,"player_choice":"Box","damage_taken":0,"relics_obtained":["Orichalcum"],"max_hp_gain":0,"max_hp_loss":0,"event_name":"Big Fish","floor":14,"gold_loss":0,"cards_obtained":["Regret"]},{"damage_healed":0,"gold_gain":0,"player_choice":"CARD CARD CARD CARD CARD ","damage_taken":48,"max_hp_gain":0,"max_hp_loss":0,"event_name":"Knowing Skull","floor":19,"potions_obtained":[],"gold_loss":0,"cards_obtained":["Jack Of All Trades","Dramatic Entrance","Dramatic Entrance","Dark Shackles","PanicButton"]},{"damage_healed":0,"gold_gain":0,"player_choice":"Became a Ghost","damage_taken":0,"max_hp_gain":0,"max_hp_loss":41,"event_name":"Ghosts","floor":24,"gold_loss":0,"cards_obtained":["Ghostly","Ghostly","Ghostly","Ghostly","Ghostly"]},{"damage_healed":0,"gold_gain":0,"player_choice":"Obtained Book","damage_taken":16,"max_hp_gain":0,"max_hp_loss":0,"event_name":"Cursed Tome","floor":25,"gold_loss":0},{"damage_healed":0,"gold_gain":0,"player_choice":"Became a vampire","damage_taken":0,"max_hp_gain":0,"max_hp_loss":13,"event_name":"Vampires","floor":31,"gold_loss":0,"cards_obtained":["Bite","Bite","Bite","Bite","Bite"]},{"damage_healed":0,"gold_gain":0,"cards_transformed":["Defend_B"],"player_choice":"Transformed","damage_taken":0,"max_hp_gain":0,"max_hp_loss":0,"event_name":"Transmorgrifier","floor":36,"gold_loss":0,"cards_obtained":["Leap"]},{"damage_healed":0,"gold_gain":0,"player_choice":"Fight","damage_taken":0,"max_hp_gain":0,"max_hp_loss":0,"event_name":"MindBloom","floor":38,"gold_loss":0},{"cards_removed":["Bite"],"damage_healed":0,"gold_gain":0,"player_choice":"Removed Attack","damage_taken":0,"max_hp_gain":0,"max_hp_loss":0,"event_name":"Falling","floor":39,"gold_loss":0},{"damage_healed":0,"gold_gain":0,"player_choice":"Trade","damage_taken":0,"relics_obtained":["FaceOfCleric"],"max_hp_gain":0,"max_hp_loss":0,"event_name":"FaceTrader","floor":44,"gold_loss":0},{"damage_healed":0,"gold_gain":0,"player_choice":"Embrace Madness","damage_taken":4,"max_hp_gain":0,"max_hp_loss":0,"event_name":"Winding Halls","floor":46,"gold_loss":0,"cards_obtained":["Madness","Madness"]},{"damage_healed":0,"gold_gain":0,"player_choice":"Fight","damage_taken":0,"max_hp_gain":0,"max_hp_loss":0,"event_name":"Mysterious Sphere","floor":47,"gold_loss":0}],"is_beta":false,"boss_relics":[{"not_picked":["Sozu","Empty Cage"],"picked":"Fusion Hammer"},{"not_picked":["FrozenCore","Black Star"],"picked":"Runic Pyramid"}],"items_purged_floors":[21],"is_endless":false,"potions_floor_spawned":[6,7,18,20,38,47],"ascension_level":0}