{"gold_per_floor":[109,126,143,143,143,143,173,173,173,173,22,52,16,32,32,129,129,144,144,124,124,0,0,11,21,21,21,21,36,52,52],"floor_reached":31,"playtime":2192,"items_purged":["Strike_G"],"score":245,"play_id":"2feab819-27a9-4b1d-bb9e-48e894611fba","local_time":"20190824211024","is_ascension_mode":false,"campfire_choices":[{"data":"Cloak And Dagger","floor":6.0,"key":"SMITH"},{"data":"Heel Hook","floor":8.0,"key":"SMITH"},{"floor":10.0,"key":"REST"},{"floor":15.0,"key":"REST"},{"data":"Blade Dance","floor":23.0,"key":"SMITH"},{"floor":27,"key":"REST"}],"neow_cost":"NONE","seed_source_timestamp":0,"circlet_count":0,"master_deck":["Strike_G+1","Defend_G","Defend_G","Defend_G","Defend_G","Defend_G","Survivor","Neutralize+1","Cloak And Dagger+1","Backstab","Heel Hook+1","Infinite Blades","Accuracy","Venomology","Footwork","Doppelganger","Blade Dance+1","Acrobatics","Slice","Footwork","Concentrate"],"special_seed":0,"relics":["Ring of the Snake","Bottled Flame","Whetstone","Blood Vial","Orrery","Centennial Puzzle"],"potions_floor_usage":[30,30,30,30,31],"damage_taken":[{"damage":0.0,"enemies":"Small Slimes","floor":1.0,"turns":4.0},{"damage":0.0,"enemies":"Jaw Worm","floor":2.0,"turns":5.0},{"damage":2.0,"enemies":"2 Louse","floor":3.0,"turns":3.0},{"damage":38.0,"enemies":"Gremlin Nob","floor":7.0,"turns":6.0},{"damage":28.0,"enemies":"3 Sentries","floor":12.0,"turns":7.0},{"damage":3.0,"enemies":"Exordium Wildlife","floor":14.0,"turns":3.0},{"damage":22.0,"enemies":"Slime Boss","floor":16.0,"turns":15.0},{"damage":0.0,"enemies":"Chosen","floor":18.0,"turns":4.0},{"damage":19.0,"enemies":"2 Thieves","floor":20.0,"turns":4.0},{"damage":22.0,"enemies":"Chosen and Byrds","floor":24.0,"turns":8.0},{"damage":7.0,"enemies":"Centurion and Healer","floor":25.0,"turns":7.0},{"damage":33,"enemies":"Snecko","floor":29,"turns":8},{"damage":4,"enemies":"Cultist and Chosen","floor":30,"turns":8},{"damage":19,"enemies":"Shelled Parasite and Fungi","floor":31,"turns":3}],"seed_played":"6284597362370156019","potions_obtained":[{"floor":12.0,"key":"Dexterity Potion"},{"floor":16.0,"key":"FearPotion"},{"floor":20.0,"key":"GamblersBrew"},{"floor":30,"key":"Dexterity Potion"}],"is_trial":false,"path_per_floor":["M","M","M","?","?","R","E","R","T","R","$","E","$","M","R","B",null,"M","?","M","?","?","R","M","M","T","R","$","M","M","M"],"character_chosen":"THE_SILENT","items_purchased":["Infinite Blades","Accuracy"],"campfire_rested":3,"item_purchase_floors":[11,13],"current_hp_per_floor":[70,70,68,68,68,68,30,30,30,51,51,23,23,22,43,23,70,70,70,51,35,35,35,30,25,25,46,46,15,13,0],"gold":52,"neow_bonus":"UPGRADE_CARD","is_prod":false,"is_daily":false,"chose_seed":false,"campfire_upgraded":3,"win_rate":0,"timestamp":1566652224,"path_taken":["M","M","M","?","?","R","E","R","T","R","$","E","$","M","R","BOSS","M","?","M","?","?","R","M","?","T","R","?","M","M","M"],"build_version":"2019-07-17","purchased_purges":1,"victory":false,"max_hp_per_floor":[70,70,70,70,70,70,70,70,70,70,70,70,70,70,70,70,70,70,70,70,70,70,70,70,70,70,70,70,70,70,70],"card_choices":[{"not_picked":["Dagger Spray","Concentrate"],"picked":"Cloak And Dagger","floor":1.0},{"not_picked":["Calculated Gamble","Outmaneuver","Sucker Punch"],"picked":"SKIP","floor":2.0},{"not_picked":["Dagger Throw","Concentrate"],"picked":"Backstab","floor":3.0},{"not_picked":["Terror","Poisoned Stab"],"picked":"Heel Hook","floor":7.0},{"not_picked":["Underhanded Strike","Blade Dance","Tactician"],"picked":"SKIP","floor":12.0},{"not_picked":["Sucker Punch","PiercingWail","Escape Plan"],"picked":"SKIP","floor":14.0},{"not_picked":["Phantasmal Killer","Grand Finale"],"picked":"Venomology","floor":16.0},{"not_picked":["Blade Dance","Underhanded Strike"],"picked":"Footwork","floor":17.0},{"not_picked":["Flying Knee","Blade Dance"],"picked":"Doppelganger","floor":17.0},{"not_picked":["Bane","Masterful Stab"],"picked":"Blade Dance","floor":17.0},{"not_picked":["Underhanded Strike","Poisoned Stab"],"picked":"Acrobatics","floor":17.0},{"not_picked":["Backstab","Poisoned Stab"],"picked":"Slice","floor":18.0},{"not_picked":["Heel Hook","Riddle With Holes+1","Skewer"],"picked":"SKIP","floor":20.0},{"not_picked":["Flechettes+1","Masterful Stab+1","Sucker Punch"],"picked":"SKIP","floor":24.0},{"not_picked":["Distraction","Expertise+1","Sucker Punch"],"picked":"SKIP","floor":25.0},{"not_picked":["Calculated Gamble","Dagger Spray","Slice+1"],"picked":"SKIP","floor":29},{"not_picked":["Slice","Infinite Blades","Dagger Throw"],"picked":"SKIP","floor":30}],"player_experience":229223,"relics_obtained":[{"floor":7.0,"key":"Bottled Flame"},{"floor":9.0,"key":"Whetstone"},{"floor":12.0,"key":"Blood Vial"},{"floor":26,"key":"Centennial Puzzle"}],"event_choices":[{"cards_removed":["Strike_G"],"damage_healed":0.0,"max_hp_gain":0.0,"max_hp_loss":0.0,"gold_gain":0.0,"event_name":"Living Wall","player_choice":"Forget","floor":4.0,"gold_loss":0.0,"damage_taken":0.0},{"damage_healed":0.0,"max_hp_gain":0.0,"max_hp_loss":0.0,"gold_gain":0.0,"event_name":"Liars Game","player_choice":"Ignored","floor":5.0,"gold_loss":0.0,"damage_taken":0.0},{"damage_healed":0.0,"max_hp_gain":0.0,"max_hp_loss":0.0,"gold_gain":0.0,"cards_transformed":["Strike_G","Strike_G"],"event_name":"Drug Dealer","player_choice":"Became Test Subject","floor":19.0,"gold_loss":0.0,"damage_taken":0.0,"cards_obtained":["Footwork","Concentrate"]},{"damage_healed":0.0,"max_hp_gain":0.0,"max_hp_loss":0.0,"gold_gain":0.0,"event_name":"Cursed Tome","player_choice":"Obtained Book","floor":21.0,"gold_loss":0.0,"damage_taken":16.0},{"damage_healed":0.0,"max_hp_gain":0.0,"max_hp_loss":0.0,"gold_gain":0.0,"event_name":"Masked Bandits","player_choice":"Paid Fearfully","floor":22.0,"gold_loss":124.0,"damage_taken":0.0}],"is_beta":false,"boss_relics":[{"not_picked":["Runic Pyramid","Astrolabe"],"picked":"Orrery"}],"items_purged_floors":[11],"is_endless":false,"potions_floor_spawned":[12,16,20,30],"killed_by":"Shelled Parasite and Fungi","ascension_level":0}