{"gold_per_floor":[115,16,32,49,65,65,79,93,93,268,279,279,302,326,326,326],"floor_reached":16,"playtime":811,"items_purged":["Strike_R"],"score":142,"play_id":"a0bbfdce-0f9b-4252-8090-f47a351c034a","local_time":"20181008133403","is_ascension_mode":true,"campfire_choices":[{"data":"True Grit","floor":6,"key":"SMITH"},{"floor":15,"key":"REST"}],"neow_cost":"NONE","seed_source_timestamp":928252461893324,"circlet_count":0,"master_deck":["Strike_R","Strike_R","Strike_R","Strike_R","Defend_R","Defend_R","Defend_R","Defend_R","Bash","Uppercut","Shrug It Off","True Grit+1","Havoc","Flame Barrier","Doubt","Pommel Strike","Shrug It Off"],"relics":["Burning Blood","Strawberry","Ornamental Fan","Golden Idol"],"potions_floor_usage":[11,11,16,16],"damage_taken":[{"damage":1,"enemies":"Cultist","floor":1,"turns":3},{"damage":8,"enemies":"Small Slimes","floor":3,"turns":4},{"damage":11,"enemies":"Jaw Worm","floor":4,"turns":4},{"damage":8,"enemies":"Red Slaver","floor":5,"turns":4},{"damage":10,"enemies":"2 Fungi Beasts","floor":7,"turns":4},{"damage":1,"enemies":"Looter","floor":8,"turns":5},{"damage":1,"enemies":"Exordium Thugs","floor":11,"turns":5},{"damage":11,"enemies":"Red Slaver","floor":13,"turns":8},{"damage":7,"enemies":"Large Slime","floor":14,"turns":7},{"damage":87,"enemies":"Hexaghost","floor":16,"turns":11}],"seed_played":"5060795279152934629","potions_obtained":[{"floor":3,"key":"EssenceOfSteel"},{"floor":5,"key":"Explosive Potion"},{"floor":7,"key":"Fire Potion"},{"floor":14,"key":"FearPotion"}],"is_trial":false,"path_per_floor":["M","$","M","M","M","R","M","M","T","?","M","?","M","M","R"],"character_chosen":"IRONCLAD","items_purchased":["Shrug It Off"],"campfire_rested":1,"item_purchase_floors":[2],"current_hp_per_floor":[84,84,82,77,75,75,71,76,76,76,81,60,55,54,80,0],"gold":326,"neow_bonus":"RANDOM_COMMON_RELIC","is_prod":false,"is_daily":false,"chose_seed":false,"campfire_upgraded":1,"win_rate":0,"timestamp":1539023643,"path_taken":["M","?","M","M","M","R","M","M","T","?","?","?","M","?","R","BOSS"],"build_version":"2018-10-04v2","purchased_purges":1,"victory":false,"max_hp_per_floor":[87,87,87,87,87,87,87,87,87,87,87,87,87,87,87,87],"card_choices":[{"not_picked":["Cleave","Anger"],"picked":"Uppercut","floor":1},{"not_picked":["Sword Boomerang","Wild Strike","Power Through"],"picked":"SKIP","floor":3},{"not_picked":["Blood for Blood","Thunderclap"],"picked":"True Grit","floor":4},{"not_picked":["Iron Wave","Perfected Strike"],"picked":"Havoc","floor":5},{"not_picked":["Thunderclap","Rage","Wild Strike"],"picked":"SKIP","floor":7},{"not_picked":["Immolate","Warcry"],"picked":"Flame Barrier","floor":8},{"not_picked":["Anger","Cleave","Body Slam"],"picked":"SKIP","floor":11},{"not_picked":["Havoc","Anger"],"picked":"Pommel Strike","floor":13},{"not_picked":["Clash","Body Slam"],"picked":"Shrug It Off","floor":14}],"player_experience":222175,"relics_obtained":[{"floor":9,"key":"Ornamental Fan"}],"event_choices":[{"event_name":"Liars Game","player_choice":"agreed","floor":10,"damage_taken":0},{"event_name":"Golden Idol","player_choice":"Take Damage","floor":12,"damage_taken":0}],"is_beta":false,"boss_relics":[],"items_purged_floors":[2],"is_endless":false,"potions_floor_spawned":[3,5,7,14],"killed_by":"Hexaghost","ascension_level":9}