{"gold_per_floor":[116,191,191,209,221,221,232,232,256,256,272,272,290,66,66,166,166,186,186,285,161,176,208,221,221],"floor_reached":25,"playtime":1939,"items_purged":["Strike_R","Strike_R"],"score":245,"play_id":"732e520c-0960-4de9-ae31-b36324ea2f6e","local_time":"20180919105108","is_ascension_mode":true,"campfire_choices":[{"data":"Bash","floor":6,"key":"SMITH"},{"data":"Iron Wave","floor":10,"key":"SMITH"},{"data":"True Grit","floor":15,"key":"SMITH"}],"neow_cost":"NONE","seed_source_timestamp":567638091343097,"circlet_count":0,"master_deck":["Strike_R+1","Strike_R","Strike_R+1","Defend_R","Defend_R","Defend_R","Defend_R","Bash+1","Iron Wave+1","Shrug It Off","Headbutt","Body Slam+1","Body Slam","True Grit+1","Headbutt","Impervious","Flame Barrier+1","Shrug It Off","Body Slam","Armaments","Shrug It Off"],"relics":["Burning Blood","Oddly Smooth Stone","Lizard Tail","Potion Belt"],"potions_floor_usage":[],"damage_taken":[{"damage":0,"enemies":"Small Slimes","floor":1,"turns":3},{"damage":1,"enemies":"Cultist","floor":4,"turns":4},{"damage":2,"enemies":"2 Louse","floor":5,"turns":3},{"damage":0,"enemies":"Exordium Wildlife","floor":7,"turns":4},{"damage":13,"enemies":"Blue Slaver","floor":11,"turns":2},{"damage":9,"enemies":"Exordium Thugs","floor":13,"turns":5},{"damage":45,"enemies":"The Guardian","floor":16,"turns":13},{"damage":13,"enemies":"Shell Parasite","floor":18,"turns":7},{"damage":46,"enemies":"Colosseum Slavers","floor":19,"turns":10},{"damage":3,"enemies":"2 Thieves","floor":22,"turns":4},{"damage":74,"enemies":"Slavers","floor":23,"turns":10},{"damage":14,"enemies":"Shelled Parasite and Fungi","floor":24,"turns":10},{"damage":28,"enemies":"3 Cultists","floor":25,"turns":5}],"seed_played":"4381928972533489449","potions_obtained":[{"floor":1,"key":"EssenceOfSteel"},{"floor":4,"key":"Fire Potion"},{"floor":22,"key":"EssenceOfSteel"},{"floor":23,"key":"Strength Potion"}],"is_trial":false,"path_per_floor":["M","?","?","M","M","R","M","?","T","R","M","?","M","$","R","B",null,"M","?","?","$","M","E","M"],"character_chosen":"IRONCLAD","items_purchased":["Dexterity Potion","True Grit","Headbutt","Shrug It Off"],"campfire_rested":0,"item_purchase_floors":[14,14,14,21],"current_hp_per_floor":[88,77,82,87,91,91,93,74,74,74,67,67,64,64,64,25,93,86,46,46,46,49,34,26,0],"gold":221,"neow_bonus":"TEN_PERCENT_HP_BONUS","is_prod":false,"is_daily":false,"chose_seed":false,"campfire_upgraded":3,"win_rate":0,"timestamp":1537372268,"path_taken":["M","?","?","M","M","R","?","?","T","R","M","?","M","$","R","BOSS","M","?","?","$","M","E","M","M"],"build_version":"2018-09-06","purchased_purges":2,"victory":false,"max_hp_per_floor":[88,88,93,93,93,93,93,93,93,93,93,93,93,93,93,93,93,93,93,93,93,93,93,93,93],"card_choices":[{"not_picked":["Entrench","Perfected Strike"],"picked":"Iron Wave","floor":1},{"not_picked":["Bloodletting","Infernal Blade"],"picked":"Shrug It Off","floor":4},{"not_picked":["Perfected Strike","Wild Strike","Sever Soul"],"picked":"SKIP","floor":5},{"not_picked":["Clothesline","Perfected Strike"],"picked":"Headbutt","floor":7},{"not_picked":["Bloodletting","Combust"],"picked":"Body Slam","floor":11},{"not_picked":["Wild Strike","Thunderclap"],"picked":"Body Slam","floor":13},{"not_picked":["Double Tap","Offering"],"picked":"Impervious","floor":16},{"not_picked":["Combust","Seeing Red"],"picked":"Flame Barrier+1","floor":18},{"not_picked":["Seeing Red","Anger"],"picked":"Body Slam","floor":22},{"not_picked":["Whirlwind+1","Bludgeon"],"picked":"Armaments","floor":23},{"not_picked":["Battle Trance","True Grit"],"picked":"Shrug It Off","floor":24}],"player_experience":164497,"relics_obtained":[{"floor":9,"key":"Oddly Smooth Stone"},{"floor":23,"key":"Potion Belt"}],"event_choices":[{"event_name":"World of Goop","player_choice":"Gather Gold","floor":2,"damage_taken":0},{"event_name":"Big Fish","player_choice":"Donut","floor":3,"damage_taken":0},{"event_name":"Shining Light","player_choice":"Entered Light","floor":8,"damage_taken":0},{"event_name":"Living Wall","player_choice":"Grow","floor":12,"damage_taken":0},{"event_name":"Colosseum","player_choice":"Fight","floor":19,"damage_taken":0},{"event_name":"Colosseum","player_choice":"Fled From Nobs","floor":19,"damage_taken":0},{"event_name":"Nest","player_choice":"Stole From Cult","floor":20,"damage_taken":0}],"is_beta":false,"boss_relics":[{"not_picked":["Runic Dome","Snecko Eye"],"picked":"Lizard Tail"}],"items_purged_floors":[14,21],"is_endless":false,"potions_floor_spawned":[1,4,16,22,23],"killed_by":"3 Cultists","ascension_level":3}