{"gold_per_floor":[110,129,142,192,11,11,11,11,34,45,45,45,45,77,77,182,182,202,0,0,12,12,12,12,12,35,35,70,20,20,37,37,140,140,156,156,14,14,28,28,60,71,96,96,128,179,196,206,206,206],"floor_reached":51,"playtime":5172,"items_purged":["Pain"],"score":852,"play_id":"4a91de6f-ab60-4527-98b3-8a3abb144455","local_time":"20190717010032","is_ascension_mode":true,"campfire_choices":[{"data":"Noxious Fumes","floor":6,"key":"SMITH"},{"data":"Dagger Spray","floor":8,"key":"SMITH"},{"data":"Neutralize","floor":11,"key":"SMITH"},{"data":"Dash","floor":15,"key":"SMITH"},{"data":"Noxious Fumes","floor":23,"key":"SMITH"},{"data":"Adrenaline","floor":25,"key":"SMITH"},{"data":"Blur","floor":27,"key":"SMITH"},{"data":"A Thousand Cuts","floor":30,"key":"SMITH"},{"floor":32,"key":"REST"},{"floor":40,"key":"REST"},{"floor":44,"key":"RECALL"},{"floor":49,"key":"REST"}],"neow_cost":"NONE","seed_source_timestamp":215557811769421,"circlet_count":0,"master_deck":["Strike_G+1","Strike_G+1","Defend_G+1","Defend_G+1","Defend_G+1","Defend_G+1","Defend_G+1","Survivor","Neutralize+1","Grand Finale+1","Blur+1","Dagger Spray+1","Noxious Fumes+1","Slice+1","Expertise","Venomology","Dash+1","Adrenaline+1","Noxious Fumes+1","PiercingWail","Sucker Punch+1","A Thousand Cuts+1","Dagger Throw","Phantasmal Killer","Backflip+1","Magnetism","Dark Shackles","Panacea","Footwork","Calculated Gamble","Quick Slash+1","Blur+1","Dodge and Roll+1","Calculated Gamble+1","Caltrops+1"],"relics":["Ring of the Snake","Bronze Scales","Juzu Bracelet","Mummified Hand","Empty Cage","Snake Skull","WarpedTongs","Regal Pillow","Anchor","Bag of Preparation","Fusion Hammer","Art of War","Blood Vial","Whetstone","Bird Faced Urn"],"potions_floor_usage":[14,14,18,21,28,33,33,33,33,41,42,45,46,48,50,50,50,50],"damage_taken":[{"damage":4,"enemies":"Small Slimes","floor":1,"turns":5},{"damage":0,"enemies":"2 Louse","floor":2,"turns":4},{"damage":2,"enemies":"Jaw Worm","floor":3,"turns":7},{"damage":4,"enemies":"Large Slime","floor":10,"turns":5},{"damage":7,"enemies":"Lagavulin","floor":14,"turns":7},{"damage":5,"enemies":"The Guardian","floor":16,"turns":11},{"damage":0,"enemies":"3 Byrds","floor":18,"turns":4},{"damage":11,"enemies":"Chosen","floor":21,"turns":5},{"damage":5,"enemies":"Book of Stabbing","floor":28,"turns":5},{"damage":8,"enemies":"Centurion and Healer","floor":31,"turns":6},{"damage":32,"enemies":"Collector","floor":33,"turns":9},{"damage":2,"enemies":"3 Shapes","floor":35,"turns":5},{"damage":5,"enemies":"Orb Walker","floor":39,"turns":4},{"damage":0,"enemies":"Reptomancer","floor":41,"turns":7},{"damage":0,"enemies":"3 Darklings","floor":42,"turns":3},{"damage":8,"enemies":"Nemesis","floor":45,"turns":7},{"damage":2,"enemies":"2 Orb Walkers","floor":46,"turns":3},{"damage":0,"enemies":"4 Shapes","floor":47,"turns":4},{"damage":0,"enemies":"Sphere and 2 Shapes","floor":48,"turns":4},{"damage":9,"enemies":"Donu and Deca","floor":50,"turns":7}],"seed_played":"-5968903095451861024","potions_obtained":[{"floor":3,"key":"SteroidPotion"},{"floor":10,"key":"AttackPotion"},{"floor":16,"key":"GamblersBrew"},{"floor":31,"key":"Explosive Potion"},{"floor":33,"key":"Fire Potion"},{"floor":41,"key":"Explosive Potion"},{"floor":45,"key":"AttackPotion"},{"floor":47,"key":"Strength Potion"},{"floor":48,"key":"SpeedPotion"}],"is_trial":false,"path_per_floor":["M","M","M","?","$","R","$","R","T","M","R","?","?","E","R","B",null,"M","$","?","M","?","R","?","R","T","R","E","$","R","M","R","B",null,"M","?","$","?","M","R","E","M","T","R","E","?","M","M","R","B",null],"character_chosen":"THE_SILENT","items_purchased":["Bronze Scales","Slice","Snake Skull","PiercingWail","Dagger Throw","Footwork"],"campfire_rested":3,"item_purchase_floors":[5,5,19,19,29,37],"current_hp_per_floor":[66,66,64,64,64,64,64,64,64,60,60,60,60,53,53,48,70,70,70,70,59,59,59,59,59,59,59,54,54,54,46,70,38,70,68,58,58,58,53,70,70,70,70,70,62,62,70,70,70,65],"gold":206,"neow_bonus":"ONE_RANDOM_RARE_CARD","is_prod":false,"is_daily":false,"chose_seed":false,"campfire_upgraded":8,"win_rate":0,"timestamp":1563339632,"path_taken":["M","M","M","?","$","R","$","R","T","M","R","?","?","E","R","BOSS","M","$","?","M","?","R","?","R","T","R","E","$","R","M","R","BOSS","M","?","$","?","M","R","E","M","T","R","E","?","M","M","R","BOSS"],"build_version":"2019-07-05","purchased_purges":1,"victory":true,"max_hp_per_floor":[70,70,70,70,70,70,70,70,70,70,70,70,70,70,70,70,70,70,70,70,70,70,70,70,70,70,70,70,70,70,70,70,70,70,70,70,70,70,70,70,70,70,70,70,70,70,70,70,70,70],"card_choices":[{"not_picked":["Outmaneuver","Leg Sweep"],"picked":"Blur","floor":1},{"not_picked":["Heel Hook","Slice"],"picked":"Dagger Spray","floor":2},{"not_picked":["Finisher","Blur"],"picked":"Noxious Fumes","floor":3},{"not_picked":["Dodge and Roll","Distraction"],"picked":"Expertise","floor":10},{"not_picked":["Slice","Setup"],"picked":"Dash","floor":14},{"not_picked":["Tools of the Trade","Night Terror"],"picked":"Adrenaline","floor":16},{"not_picked":["Dagger Throw","Poisoned Stab+1"],"picked":"Noxious Fumes","floor":18},{"not_picked":["Blade Dance","PiercingWail+1"],"picked":"Sucker Punch+1","floor":21},{"not_picked":["Sucker Punch+1","Flying Knee"],"picked":"A Thousand Cuts","floor":28},{"not_picked":["Riddle With Holes","Bane","Skewer+1"],"picked":"SKIP","floor":31},{"not_picked":["Venomology","Night Terror"],"picked":"Phantasmal Killer","floor":33},{"not_picked":["Dagger Spray+1","Blade Dance+1"],"picked":"Backflip+1","floor":35},{"not_picked":["Forethought","PanicButton"],"picked":"Magnetism","floor":36},{"not_picked":["Magnetism","Deep Breath"],"picked":"Dark Shackles","floor":36},{"not_picked":["Finesse","Swift Strike"],"picked":"Panacea","floor":36},{"not_picked":["Slice+1","PiercingWail+1"],"picked":"Calculated Gamble","floor":39},{"not_picked":["Choke+1","Masterful Stab"],"picked":"Quick Slash+1","floor":41},{"not_picked":["Underhanded Strike+1","Accuracy+1"],"picked":"Blur+1","floor":42},{"not_picked":["Tactician","Masterful Stab+1"],"picked":"Dodge and Roll+1","floor":45},{"not_picked":["Bane+1","Flying Knee+1"],"picked":"Calculated Gamble+1","floor":46},{"not_picked":["Sucker Punch","Dagger Throw","Flying Knee+1"],"picked":"SKIP","floor":47},{"not_picked":["Backflip","Prepared"],"picked":"Caltrops+1","floor":48}],"player_experience":230866,"relics_obtained":[{"floor":9,"key":"Juzu Bracelet"},{"floor":14,"key":"Mummified Hand"},{"floor":26,"key":"Anchor"},{"floor":28,"key":"Bag of Preparation"},{"floor":41,"key":"Art of War"},{"floor":43,"key":"Blood Vial"},{"floor":45,"key":"Whetstone"},{"floor":46,"key":"Bird Faced Urn"}],"event_choices":[{"damage_healed":0,"gold_gain":50,"player_choice":"Gained Gold","damage_taken":0,"max_hp_gain":0,"max_hp_loss":0,"event_name":"Golden Wing","floor":4,"gold_loss":0},{"damage_healed":0,"gold_gain":0,"player_choice":"Leave","damage_taken":0,"max_hp_gain":0,"max_hp_loss":0,"event_name":"The Cleric","floor":12,"gold_loss":0},{"damage_healed":0,"gold_gain":0,"cards_transformed":["Strike_G"],"player_choice":"Change","damage_taken":0,"max_hp_gain":0,"max_hp_loss":0,"event_name":"Living Wall","floor":13,"gold_loss":0,"cards_obtained":["Venomology"]},{"damage_healed":0,"gold_gain":0,"player_choice":"Simplicity","damage_taken":0,"max_hp_gain":0,"max_hp_loss":0,"event_name":"Back to Basics","floor":20,"gold_loss":0,"cards_upgraded":["Strike_G","Strike_G","Defend_G","Defend_G","Defend_G","Defend_G","Defend_G"]},{"damage_healed":0,"gold_gain":0,"player_choice":"Rummage","damage_taken":0,"relics_obtained":["WarpedTongs"],"max_hp_gain":0,"max_hp_loss":0,"event_name":"Accursed Blacksmith","floor":22,"gold_loss":0,"cards_obtained":["Pain"]},{"damage_healed":0,"gold_gain":0,"player_choice":"Stole Relic","damage_taken":0,"relics_obtained":["Regal Pillow"],"max_hp_gain":0,"max_hp_loss":0,"event_name":"Addict","floor":24,"gold_loss":0,"cards_obtained":["Shame"]},{"damage_healed":0,"gold_gain":0,"player_choice":"Memory 3","damage_taken":10,"max_hp_gain":0,"max_hp_loss":0,"event_name":"SensoryStone","floor":36,"gold_loss":0},{"cards_removed":["Shame"],"damage_healed":0,"gold_gain":0,"player_choice":"Removed Curses","damage_taken":0,"max_hp_gain":0,"max_hp_loss":0,"event_name":"Fountain of Cleansing","floor":38,"gold_loss":0},{"damage_healed":0,"gold_gain":0,"player_choice":"Fight","damage_taken":0,"max_hp_gain":0,"max_hp_loss":0,"event_name":"Mysterious Sphere","floor":46,"gold_loss":0}],"is_beta":false,"boss_relics":[{"not_picked":["Lizard Tail","Calling Bell"],"picked":"Empty Cage"},{"not_picked":["Orrery","Runic Dome"],"picked":"Fusion Hammer"}],"items_purged_floors":[37],"is_endless":false,"potions_floor_spawned":[3,10,16,31,33,41,42,45,47,48],"ascension_level":3}