{"gold_per_floor":[114,114,131,143,143,143,161,161,214,214,249,268,301,311,311,412,412,429,440,29,41,41,41,71,71,71,88,88,106,106,122,122,217,217,227,239,287,301,301,301,326,326,326,50,65,75,94,112,112,112],"floor_reached":51,"playtime":8309,"items_purged":["Strike_B"],"score":988,"play_id":"c4cbcee5-7359-4e03-a086-ddbd523fbc20","local_time":"20190725184956","is_ascension_mode":true,"campfire_choices":[{"data":"Zap","floor":6.0,"key":"SMITH"},{"data":"Go for the Eyes","floor":8.0,"key":"SMITH"},{"data":"Dualcast","floor":10.0,"key":"SMITH"},{"floor":15,"key":"REST"},{"floor":23,"key":"REST"},{"floor":25,"key":"REST"},{"data":"Loop","floor":30,"key":"SMITH"},{"floor":32,"key":"REST"},{"floor":40,"key":"REST"},{"floor":42,"key":"REST"},{"floor":49,"key":"REST"}],"neow_cost":"NONE","seed_source_timestamp":0,"circlet_count":0,"master_deck":["Strike_B","Defend_B+1","Defend_B","Defend_B","Zap+1","Dualcast+1","Multi-Cast","Go for the Eyes+1","Cold Snap","Melter","Coolheaded","Undo","Sweeping Beam","Genetic Algorithm","Leap","Buffer","Defragment","Conserve Battery","Skim+1","Compile Driver","RitualDagger","Steam+1","Conserve Battery+1","Loop+1","Go for the Eyes+1","Echo Form","Cold Snap+1","Beam Cell","Stack+1","Gash+1","Consume","Gash","Echo Form","Leap+1","Go for the Eyes","Seek"],"special_seed":0,"relics":["Cracked Core","Lantern","Centennial Puzzle","Shuriken","Nuclear Battery","Turnip","War Paint","Unceasing Top","Fusion Hammer","Calipers","Regal Pillow","Kunai"],"potions_floor_usage":[16,16,21,33,37,41,50,50,50],"damage_taken":[{"damage":0.0,"enemies":"2 Louse","floor":1.0,"turns":1.0},{"damage":0.0,"enemies":"Small Slimes","floor":3.0,"turns":3.0},{"damage":0.0,"enemies":"Cultist","floor":4.0,"turns":4.0},{"damage":6.0,"enemies":"Large Slime","floor":7.0,"turns":6.0},{"damage":9.0,"enemies":"Lagavulin","floor":11.0,"turns":5.0},{"damage":0.0,"enemies":"3 Louse","floor":12.0,"turns":3.0},{"damage":14.0,"enemies":"Gremlin Nob","floor":13.0,"turns":3.0},{"damage":7,"enemies":"2 Fungi Beasts","floor":14,"turns":3},{"damage":22,"enemies":"Hexaghost","floor":16,"turns":13},{"damage":0,"enemies":"Chosen","floor":18,"turns":8},{"damage":2,"enemies":"Shell Parasite","floor":19,"turns":5},{"damage":44,"enemies":"Chosen and Byrds","floor":21,"turns":11},{"damage":33,"enemies":"Slavers","floor":24,"turns":9},{"damage":0,"enemies":"Centurion and Healer","floor":27,"turns":10},{"damage":7,"enemies":"3 Cultists","floor":29,"turns":7},{"damage":0,"enemies":"Snecko","floor":31,"turns":6},{"damage":29,"enemies":"Collector","floor":33,"turns":17},{"damage":3,"enemies":"3 Shapes","floor":35,"turns":4},{"damage":1,"enemies":"Orb Walker","floor":36,"turns":2},{"damage":15,"enemies":"2 Orb Walkers","floor":37,"turns":9},{"damage":0,"enemies":"Jaw Worm Horde","floor":38,"turns":5},{"damage":9,"enemies":"Reptomancer","floor":41,"turns":10},{"damage":24,"enemies":"4 Shapes","floor":45,"turns":6},{"damage":0,"enemies":"Spire Growth","floor":46,"turns":7},{"damage":0,"enemies":"Sphere and 2 Shapes","floor":47,"turns":3},{"damage":0,"enemies":"Jaw Worm Horde","floor":48,"turns":3},{"damage":0,"enemies":"Awakened One","floor":50,"turns":22}],"seed_played":"-1075066990420769649","potions_obtained":[{"floor":1.0,"key":"Poison Potion"},{"floor":7.0,"key":"Strength Potion"},{"floor":11.0,"key":"Swift Potion"},{"floor":13.0,"key":"Regen Potion"},{"floor":18,"key":"Fire Potion"},{"floor":24,"key":"EssenceOfSteel"},{"floor":29,"key":"Poison Potion"},{"floor":35,"key":"SpeedPotion"},{"floor":36,"key":"SkillPotion"},{"floor":48,"key":"FocusPotion"}],"is_trial":false,"path_per_floor":["M","?","M","M","?","R","M","R","T","R","E","M","E","M","R","B",null,"M","M","$","M","?","R","E","R","T","M","?","M","R","M","R","B",null,"M","M","?","M","?","R","E","R","T","$","M","M","M","M","R","B",null],"character_chosen":"DEFECT","items_purchased":["Turnip","Skim","Echo Form","LiquidBronze","Dexterity Potion"],"campfire_rested":7,"item_purchase_floors":[20,20,44,44,44],"current_hp_per_floor":[68,61,61,61,61,61,55,55,55,55,46,46,32,25,47,40,66,66,64,64,20,14,36,3,25,25,25,50,43,43,43,65,36,65,62,61,46,46,46,68,59,75,75,75,51,51,51,51,75,75],"gold":112,"neow_bonus":"ONE_RANDOM_RARE_CARD","is_prod":false,"is_daily":false,"chose_seed":false,"campfire_upgraded":4,"win_rate":0,"timestamp":1564094996,"path_taken":["M","?","M","M","?","R","M","R","T","R","E","M","E","M","R","BOSS","M","M","$","?","?","R","E","R","T","M","?","M","R","M","R","BOSS","M","M","?","M","?","R","E","R","T","$","M","M","M","?","R","BOSS"],"build_version":"2019-07-17","purchased_purges":1,"victory":true,"max_hp_per_floor":[75,75,75,75,75,75,75,75,75,75,75,75,75,75,75,75,75,75,75,75,75,75,75,75,75,75,75,75,75,75,75,75,75,75,75,75,75,75,75,75,75,75,75,75,75,75,75,75,75,75],"card_choices":[{"not_picked":["Storm","BootSequence"],"picked":"Go for the Eyes","floor":1.0},{"not_picked":["BootSequence","Rebound"],"picked":"Cold Snap","floor":3.0},{"not_picked":["Lockon","Blizzard"],"picked":"Melter","floor":4.0},{"not_picked":["Cold Snap","White Noise"],"picked":"Coolheaded","floor":7.0},{"not_picked":["Coolheaded","Reprogram"],"picked":"Undo","floor":11.0},{"not_picked":["Melter","Blizzard"],"picked":"Sweeping Beam","floor":12.0},{"not_picked":["Stack","Sweeping Beam"],"picked":"Genetic Algorithm","floor":13.0},{"not_picked":["Rebound","Turbo"],"picked":"Leap","floor":14},{"not_picked":["Biased Cognition","Rainbow"],"picked":"Buffer","floor":16},{"not_picked":["Steam","Sweeping Beam"],"picked":"Defragment","floor":18},{"not_picked":["Auto Shields","Coolheaded"],"picked":"Conserve Battery","floor":19},{"not_picked":["Barrage","Hyperbeam"],"picked":"Compile Driver","floor":21},{"not_picked":["Barrage+1","Cold Snap+1"],"picked":"Steam+1","floor":24},{"not_picked":["Leap","Static Discharge"],"picked":"Conserve Battery+1","floor":27},{"not_picked":["Blizzard","Sweeping Beam+1"],"picked":"Loop","floor":29},{"not_picked":["Rip and Tear","Melter+1"],"picked":"Go for the Eyes+1","floor":31},{"not_picked":["Electrodynamics","Machine Learning"],"picked":"Echo Form","floor":33},{"not_picked":["Ball Lightning","Leap"],"picked":"Cold Snap+1","floor":35},{"not_picked":["Ball Lightning+1","Reprogram"],"picked":"Beam Cell","floor":36},{"not_picked":["Reprogram","Sweeping Beam"],"picked":"Stack+1","floor":37},{"not_picked":["Blizzard","Barrage+1"],"picked":"Gash+1","floor":38},{"not_picked":["Melter+1","Self Repair"],"picked":"Gash","floor":41},{"not_picked":["White Noise+1","Barrage+1"],"picked":"Leap+1","floor":45},{"not_picked":["Turbo","Ball Lightning+1"],"picked":"Go for the Eyes","floor":46},{"not_picked":["Conserve Battery","Turbo+1","Barrage"],"picked":"SKIP","floor":47},{"not_picked":["Gash","Aggregate+1"],"picked":"Seek","floor":48}],"player_experience":323222,"relics_obtained":[{"floor":9.0,"key":"Lantern"},{"floor":11.0,"key":"Centennial Puzzle"},{"floor":13.0,"key":"Shuriken"},{"floor":24,"key":"War Paint"},{"floor":26,"key":"Unceasing Top"},{"floor":37,"key":"Calipers"},{"floor":41,"key":"Regal Pillow"},{"floor":43,"key":"Kunai"}],"event_choices":[{"cards_removed":["Strike_B"],"damage_healed":0.0,"max_hp_gain":0.0,"max_hp_loss":0.0,"gold_gain":0.0,"event_name":"Golden Wing","player_choice":"Card Removal","floor":2.0,"gold_loss":0.0,"damage_taken":7.0},{"cards_removed":["Strike_B"],"damage_healed":0.0,"max_hp_gain":0.0,"max_hp_loss":0.0,"gold_gain":0.0,"event_name":"Purifier","player_choice":"Purged","floor":5.0,"gold_loss":0.0,"damage_taken":0.0},{"damage_healed":0,"gold_gain":0,"player_choice":"Joined the Cult","damage_taken":6,"max_hp_gain":0,"max_hp_loss":0,"event_name":"Nest","floor":22,"gold_loss":0,"cards_obtained":["RitualDagger"]},{"damage_healed":25,"gold_gain":0,"player_choice":"Heal","damage_taken":0,"max_hp_gain":0,"max_hp_loss":0,"event_name":"The Library","floor":28,"gold_loss":0},{"damage_healed":0,"gold_gain":0,"player_choice":"Fight","damage_taken":0,"max_hp_gain":0,"max_hp_loss":0,"event_name":"Mysterious Sphere","floor":37,"gold_loss":0},{"damage_healed":0,"gold_gain":0,"cards_transformed":["Defend_B"],"player_choice":"Transformed","damage_taken":0,"max_hp_gain":0,"max_hp_loss":0,"event_name":"Transmorgrifier","floor":39,"gold_loss":0,"cards_obtained":["Consume"]}],"is_beta":false,"boss_relics":[{"not_picked":["Pandora\u0027s Box","Orrery"],"picked":"Nuclear Battery"},{"not_picked":["Black Star","Velvet Choker"],"picked":"Fusion Hammer"}],"items_purged_floors":[20],"is_endless":false,"potions_floor_spawned":[1,7,11,13,18,24,29,35,36,48],"ascension_level":7}