{"gold_per_floor":[113,113,128,144,156,156,188,188,188,188,217,217,227,245,245,317,317,333,333,124,142,157,157,168,168,249,249,164,180,191,14,14,14],"floor_reached":33,"playtime":2385,"items_purged":[],"score":518,"play_id":"09358efa-e11c-406a-af8c-f6618681295a","local_time":"20190823021022","is_ascension_mode":true,"campfire_choices":[{"data":"Zap","floor":6,"key":"SMITH"},{"floor":8,"key":"REST"},{"floor":12,"key":"REST"},{"floor":15,"key":"REST"},{"floor":23,"key":"REST"},{"floor":25,"key":"REST"},{"floor":27,"key":"REST"},{"floor":32,"key":"REST"}],"neow_cost":"NONE","seed_source_timestamp":1852996786251348,"circlet_count":0,"master_deck":["AscendersBane","Strike_B","Strike_B","Strike_B","Defend_B","Defend_B","Defend_B","Zap+1","Dualcast","Hologram","Defragment","Reboot","Go for the Eyes","Barrage","Coolheaded","Consume","Force Field","Seek","Loop","Rainbow","Apotheosis","Auto Shields","Gash","Cold Snap","Conserve Battery","Gash","Echo Form"],"relics":["Cracked Core","Cables","Bottled Lightning","GremlinMask","Gremlin Horn","Black Star","Sundial","Potion Belt"],"potions_floor_usage":[11,14,16,24,33],"damage_taken":[{"damage":4,"enemies":"Small Slimes","floor":1,"turns":4},{"damage":1,"enemies":"Cultist","floor":3,"turns":3},{"damage":0,"enemies":"Jaw Worm","floor":4,"turns":4},{"damage":10,"enemies":"Exordium Thugs","floor":5,"turns":5},{"damage":26,"enemies":"3 Sentries","floor":7,"turns":8},{"damage":32,"enemies":"Gremlin Nob","floor":11,"turns":4},{"damage":2,"enemies":"3 Louse","floor":13,"turns":3},{"damage":13,"enemies":"Exordium Wildlife","floor":14,"turns":6},{"damage":29,"enemies":"The Guardian","floor":16,"turns":10},{"damage":21,"enemies":"2 Thieves","floor":18,"turns":4},{"damage":0,"enemies":"Spheric Guardian","floor":21,"turns":3},{"damage":17,"enemies":"Snake Plant","floor":22,"turns":4},{"damage":30,"enemies":"Sentry and Sphere","floor":24,"turns":6},{"damage":30,"enemies":"3 Cultists","floor":29,"turns":5},{"damage":6,"enemies":"Snecko","floor":30,"turns":6},{"damage":36,"enemies":"Automaton","floor":33,"turns":10}],"seed_played":"-1922745538676106993","potions_obtained":[{"floor":3,"key":"Swift Potion"},{"floor":7,"key":"Weak Potion"},{"floor":11,"key":"Explosive Potion"},{"floor":18,"key":"FocusPotion"},{"floor":21,"key":"Explosive Potion"},{"floor":30,"key":"Weak Potion"}],"is_trial":false,"path_per_floor":["M","?","M","M","M","R","E","R","T","?","E","R","M","M","R","B",null,"M","?","$","M","M","R","M","R","T","R","?","M","M","$","R","B"],"character_chosen":"DEFECT","items_purchased":["Apotheosis","Echo Form"],"campfire_rested":7,"item_purchase_floors":[20,31],"current_hp_per_floor":[60,60,59,59,49,49,23,44,44,44,12,33,31,18,39,10,56,35,35,35,35,18,39,9,30,30,51,51,21,15,15,36,0],"gold":14,"neow_bonus":"TRANSFORM_CARD","is_prod":false,"is_daily":false,"chose_seed":false,"campfire_upgraded":1,"win_rate":0,"timestamp":1566493822,"path_taken":["M","?","?","M","M","R","E","R","T","?","E","R","M","M","R","BOSS","M","?","$","M","M","R","M","R","T","R","?","M","M","$","R","BOSS"],"build_version":"2019-07-17","purchased_purges":0,"victory":false,"max_hp_per_floor":[71,71,71,71,71,71,71,71,71,71,71,71,71,71,71,71,71,71,71,71,71,71,71,71,71,71,71,71,71,71,71,71,71],"card_choices":[{"not_picked":["Gash","Sweeping Beam"],"picked":"Defragment","floor":1},{"not_picked":["Beam Cell","Fusion"],"picked":"Go for the Eyes","floor":3},{"not_picked":["Rebound","Compile Driver"],"picked":"Barrage","floor":4},{"not_picked":["Sweeping Beam","Redo"],"picked":"Coolheaded","floor":5},{"not_picked":["Turbo","Rip and Tear"],"picked":"Consume","floor":7},{"not_picked":["Leap","Conserve Battery"],"picked":"Force Field","floor":11},{"not_picked":["Beam Cell","Conserve Battery"],"picked":"Seek","floor":13},{"not_picked":["Cold Snap","Beam Cell"],"picked":"Loop","floor":14},{"not_picked":["Thunder Strike","Meteor Strike"],"picked":"Rainbow","floor":16},{"not_picked":["Hologram","Storm","Turbo"],"picked":"SKIP","floor":18},{"not_picked":["Fusion","Gash"],"picked":"Auto Shields","floor":21},{"not_picked":["Scrape","Doom and Gloom"],"picked":"Gash","floor":22},{"not_picked":["Streamline","Scrape"],"picked":"Cold Snap","floor":24},{"not_picked":["Compile Driver","Steam Power"],"picked":"Conserve Battery","floor":29},{"not_picked":["Leap","Heatsinks"],"picked":"Gash","floor":30}],"player_experience":555552,"relics_obtained":[{"floor":7,"key":"Cables"},{"floor":9,"key":"Bottled Lightning"},{"floor":11,"key":"Gremlin Horn"},{"floor":26,"key":"Sundial"}],"event_choices":[{"damage_healed":0,"gold_gain":0,"cards_transformed":["Defend_B"],"player_choice":"Transformed","damage_taken":0,"max_hp_gain":0,"max_hp_loss":0,"event_name":"Transmorgrifier","floor":2,"gold_loss":0,"cards_obtained":["Reboot"]},{"damage_healed":0,"gold_gain":0,"player_choice":"Trade","damage_taken":0,"relics_obtained":["GremlinMask"],"max_hp_gain":0,"max_hp_loss":0,"event_name":"FaceTrader","floor":10,"gold_loss":0},{"damage_healed":0,"gold_gain":0,"player_choice":"Ignored","damage_taken":0,"max_hp_gain":0,"max_hp_loss":0,"event_name":"The Mausoleum","floor":19,"gold_loss":0},{"damage_healed":0,"gold_gain":0,"player_choice":"Obtained Relic","damage_taken":0,"relics_obtained":["Potion Belt"],"max_hp_gain":0,"max_hp_loss":0,"event_name":"Addict","floor":28,"gold_loss":85}],"is_beta":false,"boss_relics":[{"not_picked":["Coffee Dripper","Lizard Tail"],"picked":"Black Star"}],"items_purged_floors":[],"is_endless":false,"potions_floor_spawned":[3,7,11,18,21,30],"killed_by":"Automaton","ascension_level":20}