{"gold_per_floor":[114,129,144,159,159,159,189,204,229,259,274,328,343,358,358,458,458,473,488,43,318,417,447,462,462,487,502,502,532,547,562,562,662,662,677,250,250,265,265,295,295,310,360,390,87,87,117,132,132,132],"floor_reached":51,"playtime":4540,"items_purged":[],"score":1291,"play_id":"4a91189a-a048-41ec-8d3a-82faef125cc2","local_time":"20180913092421","daily_mods":["Insanity","Terminal","Hoarder"],"is_ascension_mode":false,"campfire_choices":[{"data":"Seek","floor":6,"key":"SMITH"},{"data":"Electrodynamics","floor":15,"key":"SMITH"},{"floor":32,"key":"REST"},{"data":"Mind Blast","floor":41,"key":"SMITH"},{"data":"Mind Blast","floor":46,"key":"SMITH"},{"data":"Mind Blast","floor":49,"key":"SMITH"}],"neow_cost":"","seed_source_timestamp":0,"circlet_count":0,"master_deck":["Glacier","Defragment","All For One","Chill","FTL","Go for the Eyes","Seek+1","Barrage","Zap","Rainbow","Defend_B","Multi-Cast","Auto Shields","Hologram+1","Auto Shields","Static Discharge","Gash","Compile Driver","Genetic Algorithm","Electrodynamics+1","Consume","Hyperbeam","Sunder","Seek","Streamline","Static Discharge","Scrape+1","FTL","Seek","Genetic Algorithm","Amplify","Auto Shields","Heatsinks","Dualcast","Aggregate","Compile Driver","Sunder","Cold Snap","Rip and Tear","Cold Snap","Compile Driver","Stack","Static Discharge","Chaos","All For One","Meteor Strike","Stack","Reprogram","Fusion","Fusion","Fusion","Fusion","Fusion","Fusion","Ball Lightning","Ball Lightning","Ball Lightning","Rebound","Rebound","Rebound","Beam Cell+1","Beam Cell","Beam Cell","Ball Lightning","Ball Lightning","Ball Lightning","FTL","FTL","FTL","Redo+1","Redo","Redo","Ball Lightning","Ball Lightning","Ball Lightning","Turbo","Turbo","Turbo","Rainbow","Rainbow","Rainbow","Barrage+1","Barrage+1","Barrage+1","Capacitor+1","Capacitor+1","Capacitor+1","Mind Blast+1","Mind Blast+1","Mind Blast+1","Steam Power","Steam Power","Steam Power","Self Repair+1","Self Repair+1","Self Repair+1","Regret","Regret","Regret","Defragment+1","Defragment+1","Defragment+1","Turbo","Turbo","Turbo","Turbo","Turbo","Turbo","Double Energy+1","Double Energy+1","Double Energy+1","Sweeping Beam+1","Sweeping Beam+1","Sweeping Beam+1","Gash","Gash","Gash","Buffer+1","Buffer+1","Buffer+1","Double Energy","Double Energy","Double Energy","Turbo","Turbo","Turbo","Enlightenment","Enlightenment","Enlightenment","Madness","Madness","Madness","Madness","Madness","Madness","Leap+1","Leap+1","Leap+1","Echo Form+1","Echo Form+1","Echo Form+1","Coolheaded+1","Coolheaded+1","Coolheaded+1","Turbo+1","Turbo+1","Turbo+1","Coolheaded","Coolheaded","Coolheaded","Steam","Steam","Steam","Sweeping Beam","Sweeping Beam","Sweeping Beam","Blind","Blind","Blind","Loop+1","Loop+1","Loop+1","Creative AI+1","Creative AI+1","Creative AI+1","Beam Cell+1","Beam Cell+1","Beam Cell+1"],"special_seed":17787,"relics":["Cracked Core","PreservedInsect","Whetstone","Frozen Egg 2","Inserter","Singing Bowl","Mummified Hand","Juzu Bracelet","Potion Belt","Coffee Dripper","War Paint","Sundial","Lantern","Kunai","DataDisk"],"potions_floor_usage":[10,23,33,50,50,50,50,50],"damage_taken":[{"damage":0,"enemies":"Small Slimes","floor":1,"turns":2},{"damage":0,"enemies":"Jaw Worm","floor":2,"turns":2},{"damage":0,"enemies":"Cultist","floor":3,"turns":4},{"damage":0,"enemies":"2 Fungi Beasts","floor":4,"turns":3},{"damage":2,"enemies":"3 Sentries","floor":7,"turns":5},{"damage":4,"enemies":"Exordium Wildlife","floor":8,"turns":4},{"damage":3,"enemies":"Lagavulin","floor":10,"turns":4},{"damage":0,"enemies":"Gremlin Gang","floor":11,"turns":3},{"damage":0,"enemies":"Red Slaver","floor":13,"turns":2},{"damage":0,"enemies":"Exordium Wildlife","floor":14,"turns":3},{"damage":33,"enemies":"The Guardian","floor":16,"turns":7},{"damage":13,"enemies":"Spheric Guardian","floor":18,"turns":4},{"damage":4,"enemies":"Shell Parasite","floor":19,"turns":3},{"damage":0,"enemies":"Gremlin Leader","floor":23,"turns":2},{"damage":0,"enemies":"Snake Plant","floor":24,"turns":1},{"damage":0,"enemies":"Snecko","floor":27,"turns":2},{"damage":0,"enemies":"Book of Stabbing","floor":29,"turns":2},{"damage":17,"enemies":"3 Cultists","floor":30,"turns":5},{"damage":0,"enemies":"Chosen and Byrds","floor":31,"turns":1},{"damage":12,"enemies":"Champ","floor":33,"turns":6},{"damage":0,"enemies":"3 Shapes","floor":35,"turns":3},{"damage":0,"enemies":"3 Darklings","floor":38,"turns":1},{"damage":0,"enemies":"Nemesis","floor":40,"turns":1},{"damage":0,"enemies":"Maw","floor":42,"turns":1},{"damage":0,"enemies":"Giant Head","floor":44,"turns":1},{"damage":0,"enemies":"2 Orb Walkers","floor":47,"turns":1},{"damage":0,"enemies":"Reptomancer","floor":48,"turns":1},{"damage":19,"enemies":"Awakened One","floor":50,"turns":11}],"seed_played":"-5730593417143265092","potions_obtained":[{"floor":1,"key":"Strength Potion"},{"floor":2,"key":"Fire Potion"},{"floor":7,"key":"GamblersBrew"},{"floor":8,"key":"PowerPotion"},{"floor":14,"key":"Weak Potion"},{"floor":23,"key":"PowerPotion"},{"floor":27,"key":"SpeedPotion"},{"floor":30,"key":"SpeedPotion"},{"floor":31,"key":"Regen Potion"},{"floor":33,"key":"Block Potion"},{"floor":44,"key":"Swift Potion"}],"is_trial":false,"path_per_floor":["M","M","M","M","?","R","E","M","T","E","M","?","M","M","R","B",null,"M","M","$","?","?","E","M","?","T","M","?","E","M","M","R","B",null,"M","$","?","M","?","E","R","M","T","E","$","R","E","M","R","B"],"character_chosen":"DEFECT","items_purchased":["Singing Bowl","Mind Blast","Steam Power","Self Repair+1","Turbo","Enlightenment","Regen Potion","Regen Potion","War Paint","Coolheaded","Steam","Sweeping Beam","Blind","Loop+1"],"campfire_rested":1,"item_purchase_floors":[20,20,20,20,36,36,36,36,36,45,45,45,45,45],"current_hp_per_floor":[73,72,71,70,69,68,66,62,62,59,59,59,59,59,59,26,57,44,40,40,40,40,40,40,40,40,42,42,42,35,35,44,42,42,41,40,35,35,35,37,37,36,35,34,33,32,31,30,29,28],"gold":132,"neow_bonus":"","is_prod":false,"is_daily":true,"chose_seed":false,"campfire_upgraded":5,"win_rate":0.0,"timestamp":1536848661,"path_taken":["M","M","M","M","?","R","E","M","T","E","M","?","M","M","R","BOSS","M","M","$","?","?","E","M","?","T","M","?","E","M","M","R","BOSS","M","$","?","M","?","E","R","M","T","E","$","R","E","M","R","BOSS"],"build_version":"2018-09-06","purchased_purges":0,"victory":true,"max_hp_per_floor":[73,72,71,70,69,68,67,66,65,64,63,62,61,60,59,58,57,56,55,54,53,52,51,50,49,48,49,48,47,46,45,44,43,42,41,40,39,38,37,38,37,36,35,34,33,32,31,30,29,28],"card_choices":[{"not_picked":["Steam","Coolheaded"],"picked":"Fusion","floor":1},{"not_picked":["Rebound","Leap"],"picked":"Fusion","floor":2},{"not_picked":["Undo","Cold Snap"],"picked":"Ball Lightning","floor":3},{"not_picked":["Cold Snap","Skim"],"picked":"Rebound","floor":4},{"not_picked":["Chaos","Genetic Algorithm"],"picked":"Beam Cell","floor":7},{"not_picked":["Streamline","Buffer"],"picked":"Ball Lightning","floor":8},{"not_picked":["Melter","Conserve Battery"],"picked":"FTL","floor":10},{"not_picked":["Undo","Hologram"],"picked":"Redo","floor":11},{"not_picked":["Chaos","Scrape"],"picked":"Ball Lightning","floor":13},{"not_picked":["Blizzard","Reprogram"],"picked":"Turbo","floor":14},{"not_picked":["Core Surge","Reboot"],"picked":"Rainbow","floor":16},{"not_picked":["Defragment+1","Steam"],"picked":"Barrage+1","floor":18},{"not_picked":["Leap","Barrage+1"],"picked":"Capacitor+1","floor":19},{"not_picked":["Consume","Fusion"],"picked":"Defragment+1","floor":23},{"not_picked":["Chill+1","Reprogram"],"picked":"Turbo","floor":24},{"not_picked":["Conserve Battery+1","Reprogram","Redo"],"picked":"Singing Bowl","floor":27},{"not_picked":["Rip and Tear","Core Surge"],"picked":"Double Energy+1","floor":29},{"not_picked":["Melter","Barrage"],"picked":"Sweeping Beam+1","floor":30},{"not_picked":["Aggregate","Glacier"],"picked":"Gash","floor":31},{"not_picked":["Hyperbeam","Echo Form+1"],"picked":"Buffer+1","floor":33},{"not_picked":["Go for the Eyes+1","Steam+1"],"picked":"Double Energy","floor":35},{"not_picked":["Storm+1","Rip and Tear+1"],"picked":"Leap+1","floor":38},{"not_picked":["Consume+1","Leap","Rebound"],"picked":"Singing Bowl","floor":40},{"not_picked":["Hello World+1","Cold Snap"],"picked":"Coolheaded+1","floor":42},{"not_picked":["Ball Lightning+1","Steam+1"],"picked":"Turbo+1","floor":44},{"not_picked":["Lockon+1","Compile Driver+1"],"picked":"Creative AI+1","floor":47},{"not_picked":["Coolheaded","Redo"],"picked":"Beam Cell+1","floor":48}],"player_experience":65532,"relics_obtained":[{"floor":7,"key":"PreservedInsect"},{"floor":9,"key":"Whetstone"},{"floor":10,"key":"Frozen Egg 2"},{"floor":23,"key":"Mummified Hand"},{"floor":26,"key":"Juzu Bracelet"},{"floor":29,"key":"Potion Belt"},{"floor":40,"key":"Sundial"},{"floor":43,"key":"Lantern"},{"floor":44,"key":"Kunai"},{"floor":47,"key":"DataDisk"}],"event_choices":[{"event_name":"The Cleric","player_choice":"Leave","floor":5,"damage_taken":0},{"event_name":"Golden Wing","player_choice":"Gained Gold","floor":12,"damage_taken":0},{"event_name":"Golden Shrine","player_choice":"Desecrate","floor":21,"damage_taken":0},{"event_name":"Nest","player_choice":"Stole From Cult","floor":22,"damage_taken":0},{"event_name":"Transmorgrifier","player_choice":"Transform","floor":25,"damage_taken":0},{"event_name":"Beggar","player_choice":"Ignored","floor":28,"damage_taken":0},{"event_name":"Winding Halls","player_choice":"Embrace Madness","floor":37,"damage_taken":0},{"event_name":"Transmorgrifier","player_choice":"Transform","floor":39,"damage_taken":0}],"is_beta":false,"boss_relics":[{"not_picked":["Busted Crown","Ectoplasm"],"picked":"Inserter"},{"not_picked":["Runic Dome","Eternal Feather"],"picked":"Coffee Dripper"}],"items_purged_floors":[],"is_endless":false,"potions_floor_spawned":[1,2,7,8,14,23,27,30,31,33,42,44,48],"ascension_level":0}