{"gold_per_floor":[143,155,0,0,17,17,30,30,30,30,65,84,84,102,102,179,179,189,189,200,218,65,65,75,75,99,99,99,99,99,111,111,186,186,197,297,297,297,229,262,111,111,135,148,95,112,130,148,148,148],"floor_reached":50,"playtime":3640,"items_purged":["Strike_B","Defend_B"],"score":939,"play_id":"3e8ebd78-9785-4402-86a7-1fa76bad710b","local_time":"20190812154518","is_ascension_mode":true,"campfire_choices":[{"data":"Dualcast","floor":6,"key":"SMITH"},{"data":"Hologram","floor":8,"key":"SMITH"},{"floor":10,"key":"REST"},{"floor":15,"key":"REST"},{"data":"Conserve Battery","floor":23,"key":"SMITH"},{"floor":25,"key":"REST"},{"data":"Capacitor","floor":27,"key":"SMITH"},{"floor":32,"key":"REST"},{"data":"Go for the Eyes","floor":42,"key":"SMITH"},{"data":"Loop","floor":49,"key":"SMITH"}],"neow_cost":"NONE","seed_source_timestamp":950287748253835,"circlet_count":0,"master_deck":["AscendersBane","Defend_B+1","Defend_B+1","Defend_B+1","Zap+1","Dualcast+1","Defragment+1","Capacitor+1","Hologram+1","Go for the Eyes+1","Coolheaded+1","Streamline","Core Surge","Conserve Battery+1","Gash","Bite","Bite","Bite","Bite","Bite","Loop+1","Gash"],"relics":["FrozenCore","Tiny Chest","Letter Opener","Symbiotic Virus","Busted Crown","Lantern","Potion Belt","Unceasing Top","Mummified Hand","Bronze Scales","Centennial Puzzle"],"potions_floor_usage":[11,18,21,21,40,46,48,50,50],"damage_taken":[{"damage":6,"enemies":"Cultist","floor":1,"turns":3},{"damage":2,"enemies":"Jaw Worm","floor":2,"turns":3},{"damage":10,"enemies":"Small Slimes","floor":5,"turns":3},{"damage":8,"enemies":"3 Louse","floor":7,"turns":4},{"damage":16,"enemies":"Gremlin Nob","floor":11,"turns":3},{"damage":0,"enemies":"Red Slaver","floor":12,"turns":3},{"damage":9,"enemies":"Exordium Wildlife","floor":14,"turns":4},{"damage":0,"enemies":"Slime Boss","floor":16,"turns":7},{"damage":18,"enemies":"Shell Parasite","floor":18,"turns":4},{"damage":17,"enemies":"2 Thieves","floor":20,"turns":3},{"damage":7,"enemies":"Cultist and Chosen","floor":21,"turns":6},{"damage":18,"enemies":"Shelled Parasite and Fungi","floor":24,"turns":4},{"damage":12,"enemies":"Centurion and Healer","floor":31,"turns":6},{"damage":45,"enemies":"Champ","floor":33,"turns":13},{"damage":8,"enemies":"Orb Walker","floor":35,"turns":4},{"damage":1,"enemies":"Mind Bloom Boss Battle","floor":36,"turns":7},{"damage":19,"enemies":"Nemesis","floor":40,"turns":15},{"damage":0,"enemies":"3 Shapes","floor":44,"turns":4},{"damage":0,"enemies":"Writhing Mass","floor":46,"turns":6},{"damage":16,"enemies":"Spire Growth","floor":47,"turns":5},{"damage":9,"enemies":"Transient","floor":48,"turns":5},{"damage":65,"enemies":"Time Eater","floor":50,"turns":9}],"seed_played":"8306915358112730793","potions_obtained":[{"floor":7,"key":"Fire Potion"},{"floor":12,"key":"SkillPotion"},{"floor":14,"key":"Poison Potion"},{"floor":20,"key":"Explosive Potion"},{"floor":31,"key":"SteroidPotion"},{"floor":33,"key":"Swift Potion"},{"floor":35,"key":"Dexterity Potion"},{"floor":36,"key":"SkillPotion"},{"floor":46,"key":"SkillPotion"},{"floor":48,"key":"Weak Potion"}],"is_trial":false,"path_per_floor":["M","M","$","?","M","R","M","R","T","R","E","M","?","M","R","B",null,"M","?","M","M","$","R","M","R","T","R","T","?","?","M","R","B",null,"M","?","?","?","$","E","$","R","T","M","$","M","M","M","R","B"],"character_chosen":"DEFECT","items_purchased":["Capacitor","Gash","Loop","Bronze Scales","Gash"],"campfire_rested":4,"item_purchase_floors":[3,22,39,41,45],"current_hp_per_floor":[58,56,56,35,25,25,17,17,17,38,22,22,22,13,34,34,62,44,44,27,20,20,20,2,23,23,23,23,23,23,27,41,30,44,41,49,49,49,49,49,49,49,49,49,49,49,43,48,48,0],"gold":148,"neow_bonus":"RANDOM_COMMON_RELIC","is_prod":false,"is_daily":false,"chose_seed":false,"campfire_upgraded":6,"win_rate":0,"timestamp":1565592318,"path_taken":["M","?","?","?","M","R","M","R","T","R","E","?","?","M","R","BOSS","M","?","M","?","$","R","M","R","T","R","?","?","?","M","R","BOSS","M","?","?","?","$","E","$","R","T","M","$","M","M","?","R","BOSS"],"build_version":"2019-07-17","purchased_purges":2,"victory":false,"max_hp_per_floor":[71,71,71,71,71,71,71,71,71,71,71,71,71,71,71,71,71,71,71,71,71,71,71,71,71,71,71,71,49,49,49,49,49,49,49,49,49,49,49,49,49,49,49,49,49,49,49,49,49,49],"card_choices":[{"not_picked":["Stack","Steam","Rebound"],"picked":"SKIP","floor":1},{"not_picked":["Ball Lightning","Stack"],"picked":"Defragment","floor":2},{"not_picked":["Steam","Rebound","Compile Driver"],"picked":"SKIP","floor":5},{"not_picked":["Scrape","Barrage"],"picked":"Hologram","floor":7},{"not_picked":["Aggregate","Force Field"],"picked":"Go for the Eyes","floor":11},{"not_picked":["Rebound","Sweeping Beam"],"picked":"Coolheaded","floor":12},{"not_picked":["Sunder","Tempest"],"picked":"Streamline","floor":14},{"not_picked":["Multi-Cast","Fission"],"picked":"Core Surge","floor":16},{"not_picked":[],"picked":"Conserve Battery","floor":18},{"not_picked":["Hologram"],"picked":"SKIP","floor":20},{"not_picked":["Streamline"],"picked":"SKIP","floor":21},{"not_picked":["Rebound"],"picked":"SKIP","floor":24},{"not_picked":["Steam"],"picked":"SKIP","floor":31},{"not_picked":["Go for the Eyes"],"picked":"SKIP","floor":35},{"not_picked":["Auto Shields"],"picked":"SKIP","floor":40},{"not_picked":["Auto Shields"],"picked":"SKIP","floor":40},{"not_picked":["Sunder"],"picked":"SKIP","floor":44},{"not_picked":["Stack"],"picked":"SKIP","floor":46},{"not_picked":["Barrage"],"picked":"SKIP","floor":47},{"not_picked":["Redo"],"picked":"SKIP","floor":48}],"player_experience":479808,"relics_obtained":[{"floor":9,"key":"Letter Opener"},{"floor":11,"key":"Symbiotic Virus"},{"floor":26,"key":"Lantern"},{"floor":28,"key":"Potion Belt"},{"floor":36,"key":"Unceasing Top"},{"floor":40,"key":"Mummified Hand"},{"floor":43,"key":"Centennial Puzzle"}],"event_choices":[{"damage_healed":0,"gold_gain":0,"player_choice":"Entered Light","damage_taken":21,"max_hp_gain":0,"max_hp_loss":0,"event_name":"Shining Light","floor":4,"gold_loss":0,"cards_upgraded":["Zap","Defragment"]},{"damage_healed":0,"gold_gain":0,"player_choice":"Fled","damage_taken":0,"max_hp_gain":0,"max_hp_loss":0,"event_name":"Scrap Ooze","floor":13,"gold_loss":0},{"damage_healed":0,"gold_gain":0,"player_choice":"Upgraded","damage_taken":0,"max_hp_gain":0,"max_hp_loss":0,"event_name":"Upgrade Shrine","floor":19,"gold_loss":0,"cards_upgraded":["Coolheaded"]},{"damage_healed":0,"gold_gain":0,"player_choice":"Became a vampire","damage_taken":0,"max_hp_gain":0,"max_hp_loss":22,"event_name":"Vampires","floor":29,"gold_loss":0,"cards_obtained":["Bite","Bite","Bite","Bite","Bite"]},{"damage_healed":0,"gold_gain":0,"player_choice":"Simplicity","damage_taken":0,"max_hp_gain":0,"max_hp_loss":0,"event_name":"Back to Basics","floor":30,"gold_loss":0,"cards_upgraded":["Defend_B","Defend_B","Defend_B"]},{"damage_healed":0,"gold_gain":0,"player_choice":"Fight","damage_taken":0,"max_hp_gain":0,"max_hp_loss":0,"event_name":"MindBloom","floor":36,"gold_loss":0},{"damage_healed":0,"gold_gain":0,"player_choice":"Memory 1","damage_taken":0,"max_hp_gain":0,"max_hp_loss":0,"event_name":"SensoryStone","floor":37,"gold_loss":0},{"damage_healed":0,"gold_gain":0,"player_choice":"0 cards matched","damage_taken":0,"max_hp_gain":0,"max_hp_loss":0,"event_name":"Match and Keep!","floor":38,"gold_loss":0,"cards_obtained":[]}],"is_beta":false,"boss_relics":[{"not_picked":["Nuclear Battery","Eternal Feather"],"picked":"Busted Crown"},{"not_picked":["Lizard Tail","Snecko Eye"],"picked":"FrozenCore"}],"items_purged_floors":[3,22],"is_endless":false,"potions_floor_spawned":[7,12,14,20,31,33,35,36,46,48],"killed_by":"Time Eater","ascension_level":15}